5422 7102
606 491 682 575 1111,
997 581 1000 590 ,
1242 492 1414 565 soona
1448 495 1712 568 oav'uusvs

565 713 753 801 secundus
780 715 854 801 ipse
879 733 983 783 ursus
1006 718 1148 804 tertius,
1173 719 1248 804 ipse
1272 721 1395 804 petrus
1419 724 1581 807 quartus
1606 721 1681 806 ipse
1704 721 1904 792 romoaldus
1936 724 2097 812 quintus,
2122 726 2196 810 ipse
2225 725 2412 811 iaquintus

573 873 609 935 et
632 867 873 957 obligavimus
896 886 962 938 nos
984 888 1047 957 per
1071 874 1190 958 partes
1213 872 1250 938 et
1272 869 1404 939 nostris
1427 873 1593 941 eredibus
1616 873 1828 942 tradendum
1859 871 1953 941 inter
1987 892 2051 940 nos
2085 874 2159 959 ipse
2194 873 2301 941 sortis
2333 893 2416 942 oum

571 1025 649 1092 vice
674 1023 810 1094 deviis
835 1029 911 1094 suis
944 1046 1007 1113 per
1030 1028 1130 1095 firme
1154 1027 1408 1113 scriptionibus
1442 1046 1522 1095 cum
1557 1044 1652 1114 pena
1686 1027 1858 1116 obligata,
1883 1028 1976 1095 siout
2006 1027 2221 1094 consuetudo
2247 1032 2300 1096 est
2328 1031 2426 1096 terre

575 1176 678 1245 istius
701 1183 737 1246 61
759 1195 824 1246 nos
847 1177 1043 1264 supradicti
1067 1181 1232 1265 germani
1255 1180 1391 1266 guadio
1414 1180 1574 1248 dedimus
1599 1182 1711 1266 ipsius
1735 1179 1905 1248 romoaldi
1929 1179 2111 1246 notarium
2135 1198 2346 1266 germanum
2362 1198 2422 1246 no-

553 1357 555 1362 ·
573 1339 701 1418 strum,
726 1335 762 1398 et
786 1349 852 1418 ego
875 1331 1056 1418 predictus
1079 1333 1253 1402 iohannes
1277 1337 1312 1402 et
1335 1333 1452 1420 ipsum
1469 1337 1591 1418 petrus
1606 1337 1641 1400 et
1658 1335 1773 1419 ipsum
1791 1332 1976 1418 iaquintus
1992 1331 2172 1419 posuimus
2189 1331 2423 1400 mediatorem

573 1482 686 1568 ipsius
704 1483 881 1553 romoaldi
907 1489 988 1572 poto
1011 1485 1108 1552 filius
1131 1485 1300 1574 balsami,
1324 1489 1359 1555 et
1383 1486 1457 1572 ipse
1480 1505 1586 1553 ursus
1610 1483 1984 1570 mediatoremposuit
1999 1483 2113 1568 ipsius
2130 1482 2301 1551 romoaldi
2317 1483 2421 1550 disiio

481 1631 484 1638 “
573 1635 669 1702 filius
692 1636 863 1725 alchoini,
889 1638 1046 1706 dandum
1068 1639 1181 1724 ipsius
1204 1637 1376 1707 romoaldi
1400 1656 1463 1728 per
1486 1639 1730 1725 unusquisque
1752 1654 1825 1706 ana
1855 1637 2012 1724 quinque
2043 1635 2125 1703 auri
2149 1638 2234 1705 tari.
2258 1654 2323 1723 pro
2358 1655 2431 1722 qua

577 1793 654 1876 ipse
678 1792 881 1860 romoaldus
904 1792 999 1861 inter
1024 1811 1088 1860 nos
1103 1796 1235 1864 fratres
1254 1795 1292 1860 in
1310 1813 1484 1862 conmune
1500 1794 1659 1865 ammisit
1676 1794 1755 1880 ipsa
1768 1794 1873 1861 rebus
1889 1792 1932 1860 dc
1949 1793 2163 1878 tuscianum,
2182 1793 2275 1878 quod
2293 1793 2354 1860 1116
2370 1813 2431 1878 pa·

575 1947 694 2012 ratum
718 1945 819 2014 abuit
842 1945 888 2012 da
911 1945 1027 2031 ipsum
1043 1965 1130 2013 ursu
1146 1947 1223 2014 thio
1240 1950 1403 2014 nostrum
1419 1948 1515 2016 etde
1532 1949 1649 2034 ipsum
1665 1945 1898 2034 grimoalduS,
1916 1950 1952 2014 et
1968 1945 2100 2033 guadia
2117 1945 2205 2013 mihi
2225 1945 2307 2014 1616
2324 1947 2429 2014 dedc-

576 2099 636 2162 rat
660 2095 727 2182 ipsi
745 2098 910 2184 germani
934 2097 1003 2165 mei
1028 2099 1067 2164 16
1091 2097 1297 2184 supradicto
1320 2098 1471 2166 hordine
1487 2103 1523 2166 61
1540 2099 1732 2168 mediatore
1749 2103 1953 2186 posuerant,
1972 2100 2048 2185 ipse
2068 2098 2251 2184 iaquintus
2268 2102 2303 2164 et
2320 2115 2428 2164 ursus

576 2253 611 2315 et
635 2252 757 2334 petrus
780 2253 975 2334 posuerunt
997 2250 1087 2316 mihi
1099 2250 1305 2318 ‘mediatore
1322 2255 1444 2337 petrus
1461 2250 1614 2319 clericus
1630 2249 1726 2319 illius
1742 2251 1873 2319 falconi
1890 2250 2060 2337 bellense,
2077 2255 2113 2318 et
2130 2253 2206 2336 ipse
2222 2249 2427 2319 romoaldus

574 2405 742 2486 posuerat
757 2402 846 2469 mihi
870 2403 1063 2472 mediatore
1088 2403 1203 2490 ipsum
1228 2409 1307 2490 poto
1330 2403 1427 2470 filius
1452 2403 1617 2487 balsami,
1631 2407 1667 2469 61
1683 2421 1746 2489 per
1766 2409 1843 2490 ipsa
1866 2404 2003 2490 guadio
2026 2402 2277 2490 obligaberunt
2301 2401 2424 2489 seipsi

572 2557 735 2642 germani
761 2558 831 2624 mei
856 2561 891 2624 et
907 2559 981 2624 suis
997 2557 1174 2644 eredibus,
1191 2561 1232 2624 ut
1255 2559 1285 2623 si
1302 2557 1439 2636 taliter,
1457 2561 1496 2623 ut
1512 2557 1796 2644 suprascriptum
1813 2559 1879 2642 est,
1895 2557 1938 2623 de
1962 2555 2038 2642 ipso
2055 2555 2199 2622 brebem
2215 2573 2276 2639 per
2297 2572 2422 2640 supra-

573 2706 669 2776 dicto
692 2708 842 2776 hordine
865 2708 956 2776 611111
980 2709 1120 2794 meique
1145 2709 1335 2776 heredibus
1353 2725 1425 2774 non
1450 2708 1727 2794 adimpleberint
1741 2713 1777 2776 et
1792 2707 1922 2793 aliquit
1939 2707 2021 2774 inde
2037 2704 2340 2790 contradixerint,
2360 2725 2424 2790 per

572 2861 650 2946 ipsa
669 2860 805 2948 guadia
821 2879 1030 2948 componere
1046 2864 1295 2950 obligaberant
1311 2881 1348 2929 se
1372 2861 1440 2948 ipsi
1458 2862 1624 2947 germani
1649 2861 1719 2928 mei
1735 2863 1770 2927 et
1785 2861 1859 2926 suis
1875 2859 2041 2928 eredibus
2057 2856 2146 2924 mihi
2163 2857 2301 2944 meique
2318 2861 2422 2924 11616-

572 3011 676 3081 dibus
691 3015 956 3102 quinquaginta
969 3017 1052 3085 auri
1066 3016 1192 3084 solidos
1208 3017 1427 3085 costantinos
1440 3021 1475 3084 61
1490 3014 1581 3084 talia
1598 3015 1680 3082 inde
1693 3014 1904 3101 conplirent:
1921 3012 2051 3098 scripto
2067 3013 2211 3078 brebem
2227 3012 2341 3098 ipsum
2356 3031 2420 3097 per

571 3167 737 3236 alderissi
751 3172 925 3257 notarius,
939 3175 974 3238 61
991 3171 1121 3238 ibidem
1139 3171 1307 3257 scriptum
1327 3171 1600 3256 raiemprandus
1616 3169 1738 3238 iudex.
1755 3173 1791 3237 et
1807 3187 1885 3236 cum
1900 3168 2016 3253 ipsum
2032 3165 2175 3233 brebem
2193 3163 2260 3232 suit
2276 3163 2418 3248 lectum,

569 3337 769 3407 congruum
792 3327 845 3389 est
868 3322 956 3388 mihi
981 3321 1155 3390 nominati
1180 3321 1331 3390 iohanni
1356 3324 1523 3390 monachi
1540 3321 1622 3388 illut
1639 3323 1765 3406 totum,
1790 3325 1962 3405 quantum
1986 3317 2076 3382 mihi
2101 3316 2257 3403 pertinet
2281 3317 2320 3382 in
2346 3315 2418 3401 ipsc

568 3474 684 3542 locum
707 3476 910 3543 tuscianum
934 3476 1087 3544 vendere
1110 3475 1204 3562 petri
1228 3475 1302 3542 filio
1324 3475 1514 3560 mansoni;
1540 3475 1680 3542 interea
1702 3455 1768 3559 ego
1800 3471 2006 3538 nominatus
2030 3471 2204 3537 iohannes
2234 3487 2415 3552 monacuS,

563 3627 658 3693 siout
680 3629 769 3696 mihi
794 3645 992 3714 congruum
1018 3634 1084 3716 est,
1108 3631 1200 3698 bona
1231 3648 1310 3697 mea
1337 3627 1567 3695 volumtatem
1597 3645 1659 3711 per
1684 3620 1913 3710 largietatem
1936 3626 1972 3689 et
1996 3622 2254 3691 absolutionem
2290 3639 2416 3707 supra-

561 3775 649 3843 dicti
673 3777 793 3843 domni
818 3777 966 3864 abbati,
991 3799 1054 3864 per
1079 3797 1147 3848 ano
1171 3779 1335 3848 videlicet
1359 3777 1564 3865 cartulam,
1589 3781 1673 3846 ante
1699 3777 1815 3864 ipsum
1837 3775 1988 3844 domnus
2011 3778 2185 3844 iohannes
2210 3775 2414 3846 venerabile

560 3931 699 4017 abbas,
723 3936 760 3998 et
783 3936 867 4000 ante
890 3937 1072 4018 presentia
1097 3936 1211 4019 ipsius
1234 3932 1427 4022 grimoaldi
1450 3930 1572 3999 comiti
1608 3933 1645 3998 et
1667 3929 1778 3998 iudici
1799 3980 1809 4017 ,
1832 3931 1868 3996 et
1892 3929 1942 3996 ibi
1979 3933 2072 3996 esset
2101 3930 2211 3998 etiam
2239 3929 2414 3998 iohannes

559 4071 713 4150 clericus
736 4084 929 4154 advocator
954 4085 1069 4172 ipsius
1091 4084 1330 4171 monasterii,
1355 4083 1567 4153 venumdedi
1604 4080 1670 4149 tivi
1704 4083 1880 4152 nominati
1914 4081 2008 4170 petri
2032 4082 2105 4148 filio
2129 4080 2289 4153 iamdicti
2312 4103 2414 4154 man-

555 4235 646 4322 soni,
670 4255 732 4323 per
756 4237 1014 4306 absolutionem
1035 4239 1147 4325 ipsius
1170 4239 1330 4324 genitori
1355 4242 1429 4324 tue,
1455 4241 1531 4306 tota
1555 4241 1590 4305 et
1613 4235 1741 4305 inclita
1764 4241 1901 4323 quanta
1924 4237 2031 4303 rebus
2055 4237 2141 4304 abeo
2165 4236 2204 4302 in
2230 4241 2305 4305 tota
2329 4237 2430 4304 finis*

555 4389 590 4452 et
614 4387 838 4472 pertinentia
862 4388 904 4456 de
930 4389 1044 4458 locum
1068 4392 1297 4476 tuscianum,
1316 4389 1481 4458 videlicet
1504 4388 1547 4456 de
1571 4389 1725 4456 sortione
1748 4387 1860 4475 ipsius
1883 4387 2040 4474 genitori
2063 4391 2099 4456 et
2128 4387 2288 4456 ienitrici
2319 4408 2408 4474 mee,

555 4537 647 4624 quod
670 4541 851 4606 abuerunt
875 4541 913 4608 in
937 4547 1012 4610 tota
1035 4540 1254 4628 pertinentia
1278 4541 1321 4610 do
1345 4541 1462 4609 locum
1485 4525 1718 4628 tuscianum,
1744 4540 1956 4609 venumdedi
1988 4539 2054 4609 tivi
2068 4631 2071 4638 μ
2087 4541 2216 4610 inclita
2246 4544 2407 4628 quintam

552 4695 703 4778 partem,
731 4693 767 4758 et
788 4690 831 4758 de
854 4694 1011 4760 sortione
1034 4693 1098 4778 qui
1122 4695 1189 4762 suit
1213 4695 1325 4780 ipsius
1342 4695 1418 4760 ursi
1441 4692 1517 4762 thio
1533 4696 1695 4761 nostrum
1719 4692 1811 4761 etde
1828 4710 1938 4762 uxore
1955 4712 2032 4781 sua,
2048 4693 2141 4780 quod
2157 4697 2259 4763 abuit
2276 4698 2315 4763 in
2331 4697 2406 4764 tota

551 4843 773 4926 pertinentia
796 4844 839 4911 16
864 4845 979 4912 locum
1002 4848 1218 4936 tuscianum3
1244 4847 1409 4916 similiter
1435 4847 1646 4916 venumdedi
1671 4847 1733 4914 tivi
1759 4845 1834 4915 alia
1857 4849 2021 4932 quintam
2038 4856 2190 4936 partem,
2215 4855 2251 4918 61
2273 4851 2405 4920 desor-

550 4995 648 5084 tione
672 4997 768 5083 quod
792 4999 894 5067 abuit
917 5002 994 5086 ipse
1017 5001 1237 5086 grimoaldus
1260 5004 1299 5070 in
1322 5008 1397 5072 tota
1419 5003 1637 5092 pertinentia
1667 5005 1710 5072 de
1733 5003 1848 5071 locum
1873 5003 2104 5091 tuscianum,
2136 5005 2209 5075 alia
2239 5007 2400 5094 quintam

549 5153 689 5234 partem
712 5151 780 5218 tivi
804 5152 979 5222 nominati
1004 5153 1096 5240 petri
1120 5154 1410 5223 venumdedimus
1433 5149 1660 5227 cum'omnia
1694 5157 1791 5227 infra
1814 5158 1901 5245 ipsis
1924 5161 2029 5226 rebus
2065 5161 2256 5230 abentibus
2288 5167 2401 5231 omni-

552 5305 687 5390 busque
711 5304 788 5373 suis
810 5279 1052 5396 pertinentiis,
1077 5315 1113 5378 et
1136 5327 1218 5376 cum
1241 5310 1319 5378 vice
1342 5310 1385 5378 16
1408 5312 1477 5378 viis
1501 5311 1577 5378 suis
1600 5317 1636 5379 et
1658 5329 1739 5377 cum
1757 5312 1835 5379 bice
1858 5311 1901 5378 de
1924 5316 2099 5397 quantum
2124 5316 2187 5401 qui
2210 5317 2305 5386 inira
2320 5320 2398 5406 ipsa

548 5457 655 5526 rebus
679 5462 747 5546 est,
776 5479 872 5546 aqua
896 5460 979 5530 inde
999 5461 1214 5532 auriendum
1238 5465 1279 5529 tu
1301 5466 1338 5530 et
1359 5464 1432 5562 tuis
1455 5464 1620 5532 eredibus
1636 5467 1672 5532 et
1688 5465 1865 5534 ominibus
1889 5467 2028 5555 vestris,
2050 5474 2187 5554 quanta
2211 5471 2398 5541 volueritis

547 5611 824 5718 omnitempore
849 5615 944 5684 iusta
968 5617 1121 5701 ratione,
1138 5614 1184 5684 ad
1208 5613 1382 5683 securiter
1406 5623 1442 5686 et
1464 5617 1614 5687 firmiter
1638 5620 1762 5690 amodo
1787 5627 1822 5690 61
1844 5639 1982 5709 semper
2006 5627 2047 5692 tu
2070 5623 2253 5709 predictus
2269 5631 2395 5712 petrus

543 5777 578 5838 et
603 5769 675 5838 tuis
699 5771 864 5841 eredibus
887 5775 1014 5843 inclita
1037 5772 1244 5859 supradicta
1268 5781 1389 5844 nostra
1412 5775 1610 5846 vinditione
1634 5779 1823 5857 abendum‚
1841 5781 2110 5871 dominandum,
2129 5783 2393 5871 possidendum,
