5422 7102
1283 541 1463 612 CtlllEX
1504 539 1768 612 CAVENSIS

1350 942 1679 1026 DCCCLXII

1368 1239 1421 1314 A.
1450 1237 1499 1313 D.
1528 1234 1656 1315 1033,

633 1475 671 1616 †
697 1530 737 1594 ln
762 1531 907 1597 nomine
932 1527 1068 1597 domini
1091 1527 1328 1598 sextodecimo
1344 1546 1439 1597 anno
1462 1529 1685 1616 principatus
1708 1528 1828 1596 domni
1851 1530 1964 1599 nostri
1988 1530 2166 1599 Waimari
2180 1527 2324 1616 gloriosi
2343 1528 2442 1615 prin·

588 1681 679 1768 cipis
705 1683 757 1750 iili
781 1683 959 1770 quondam
983 1683 1104 1754 domni
1126 1682 1307 1754 Waimari
1330 1681 1516 1770 principis,
1541 1697 1661 1750 mense
1685 1681 1881 1769 december,
1905 1681 2062 1752 secunda
2085 1680 2297 1750 indictione.
2314 1682 2444 1750 Memo-

588 1839 767 1908 ratorium
791 1840 925 1909 factum
949 1859 972 1909 a
994 1858 1050 1909 me
1075 1838 1221 1909 adelferi
1246 1838 1397 1906 clericus
1419 1838 1456 1904 et
1479 1837 1590 1904 abbas
1612 1834 1784 1904 hecclesie
1807 1836 1924 1904 sancti
1947 1834 2113 1922 maximi,
2137 1834 2200 1921 qui
2222 1854 2302 1904 snm
2326 1854 2440 1904 unum

590 1989 634 2059 de
660 1990 859 2060 dominium
882 1991 994 2080 ipsius
1018 1990 1206 2078 hecclesie,
1231 2008 1272 2058 eo
1295 1990 1388 2078 quod
1404 1992 1489 2059 ante
1504 1989 1698 2074 subscripti
1716 1987 1853 2057 idoneis
1868 1989 2086 2074 hominibus,
2105 2007 2179 2056 una
2195 2006 2333 2056 mecum
2349 1993 2442 2058 esset

590 2147 733 2214 amatus
760 2145 1007 2213 adbocatorem
1032 2145 1145 2231 ipsius
1168 2141 1328 2230 ecclesie,
1353 2161 1416 2229 per
1440 2141 1701 2211 comvenientia
1724 2143 1939 2211 tradidimus
1961 2141 2085 2210 ioanni
2110 2142 2184 2209 filio
2199 2140 2363 2227 ammori,
2379 2140 2442 2226 qui

587 2295 722 2366 dicitur
747 2297 910 2384 viscidu,
946 2315 1010 2384 per
1033 2297 1256 2365 absolutione
1280 2295 1393 2382 ipsius
1417 2293 1574 2382 genitori
1597 2312 1688 2382 suo,
1724 2299 1760 2363 et
1792 2295 1843 2362 ibi
1870 2297 2047 2364 astantem
2074 2297 2110 2362 et
2132 2291 2310 2362 abalsami
2342 2292 2440 2361 filius

592 2451 771 2536 quondam
794 2451 993 2536 teoderici,
1017 2449 1079 2536 qui
1103 2451 1188 2517 sunt
1210 2447 1379 2516 avitatori
1404 2447 1447 2515 de
1471 2448 1585 2516 locum
1608 2449 1756 2516 nucerie
1777 2497 1786 2536 ,
1810 2466 1884 2517 una
1907 2449 2010 2535 pecia
2033 2447 2076 2517 de
2098 2451 2198 2516 terra
2229 2465 2310 2514 cum
2340 2465 2445 2532 quer-

593 2603 722 2672 tietum
745 2603 984 2691 pertinentem
1007 2601 1120 2689 ipsius
1143 2599 1317 2669 hecclesie
1342 2600 1381 2667 in
1406 2602 1482 2687 ipso
1505 2601 1620 2668 locum
1644 2603 1802 2690 nucerio,
1826 2603 1888 2670 ubi
1911 2602 1956 2671 ad
1984 2600 2182 2670 cancellata
2207 2599 2353 2686 dicitur,
2377 2602 2440 2685 qui

590 2759 644 2824 est
668 2776 732 2845 per
756 2775 796 2826 as
818 2754 902 2824 finis
925 2759 960 2824 et
982 2755 1177 2824 mensuris:
1204 2774 1226 2823 a
1251 2757 1352 2841 parte
1374 2754 1638 2840 septemtrionis
1661 2755 1732 2822 fine
1756 2756 1862 2822 rebus
1877 2753 2037 2840 predicte
2054 2752 2238 2840 hecclesie,
2254 2751 2339 2821 inde
2354 2757 2438 2822 sunt

592 2909 690 2996 passi
715 2907 846 2996 viginti
870 2908 939 2976 duo
962 2911 998 2975 et
1020 2909 1145 2995 gubito
1168 2924 1255 2974 unu:
1280 2907 1328 2973 ha
1351 2910 1452 2992 parte
1476 2904 1624 2974 orientis
1649 2905 1817 2976 similiter
1830 2905 1902 2974 fine
1919 2905 2033 2993 ipsius
2056 2905 2241 2994 hecclesie,
2258 2903 2342 2973 inde
2357 2911 2442 2976 sunt

586 3062 694 3146 passi
719 3064 864 3129 centum
888 3061 1129 3146 septuaginta:
1154 3061 1301 3147 aparte
1325 3056 1474 3125 meridie
1498 3057 1569 3124 fine
1591 3056 1654 3125 bia
1676 3076 1744 3143 que
1767 3055 1888 3144 pergit
1910 3057 1956 3125 ad
1979 3057 2101 3144 stabi,
2125 3056 2208 3124 inde
2231 3060 2317 3126 sunt
2344 3058 2440 3146 passi

591 3211 724 3298 viginti
749 3213 818 3280 duo
841 3217 878 3279 et
900 3211 1069 3279 medium:
1094 3213 1140 3281 ab
1163 3212 1346 3279 occidente
1368 3208 1535 3277 similiter
1558 3209 1630 3275 fine
1654 3209 1760 3275 rebus
1782 3205 2023 3292 pertinentem
2039 3207 2152 3295 ipsius
2167 3208 2328 3298 ecclesie,
2354 3209 2438 3278 inde

587 3364 672 3431 sunt
695 3363 792 3448 passi
818 3365 961 3430 centum
984 3363 1214 3448 septuaginta
1239 3378 1306 3448 seS,
1331 3363 1367 3427 et
1398 3359 1527 3429 avinde
1550 3357 1754 3427 revolbente
1777 3359 1816 3425 in
1840 3363 1940 3446 parte
1963 3359 2115 3427 orientis
2142 3379 2205 3446 per
2228 3361 2301 3428 fine
2324 3361 2435 3449 ipsius

587 3511 763 3580 hecclesie
788 3513 872 3581 inde
895 3515 981 3580 sunt
1003 3512 1097 3598 passi
1121 3511 1252 3598 viginti
1276 3529 1352 3598 sex3
1378 3513 1414 3578 et
1438 3510 1569 3578 iterum
1592 3509 1795 3580 rebolbente
1819 3512 1858 3578 in
1881 3515 1983 3598 parte
2002 3513 2268 3598 septemtrionis
2283 3530 2347 3602 per
2364 3514 2435 3582 dne

588 3664 757 3734 iamdicto
779 3665 952 3734 hecclesie
975 3669 1010 3734 ct
1032 3667 1273 3751 coniungente
1297 3666 1335 3732 in
1361 3663 1438 3751 ipsa
1460 3663 1579 3750 priore
1595 3663 1666 3732 fine
1689 3663 1773 3732 inde
1796 3669 1881 3732 sunt
1898 3667 1994 3752 passi
2012 3665 2190 3751 undecim,
2208 3668 2323 3734 totum
2339 3684 2437 3734 men-

515 3876 519 3886 .
586 3821 750 3888 suratum
775 3817 821 3886 ad
845 3817 946 3886 iuxto
969 3837 1113 3904 passum
1138 3817 1303 3903 homini;
1328 3818 1393 3885 hec
1416 3832 1500 3883 vero
1524 3814 1732 3917 supradicta
1754 3816 1857 3904 pecia
1881 3816 1923 3884 de
1945 3821 2046 3885 terra
2076 3820 2256 3904 cumipse
2280 3820 2435 3905 quertie-

583 3975 663 4038 tum
686 3989 750 4056 por
773 3968 976 4057 supradIcte
1000 3969 1084 4036 finis
1106 3975 1142 4037 et
1165 3969 1346 4037 mensurie
1368 3967 1532 4035 inclitum
1555 3967 1637 4034 illut
1654 3967 1810 4053 ipsorum
1835 3967 1983 4036 iohanni
1997 3971 2034 4036 et
2050 3967 2201 4037 balsami
2218 3969 2433 4038 tradidimus

586 4123 625 4190 in
648 4121 714 4192 tali
737 4121 885 4209 ordine,
921 4124 962 4188 ut
984 4121 1109 4190 amodo
1132 4124 1169 4188 et
1192 4137 1304 4206 usque
1328 4117 1620 4206 quadtuordecim
1642 4117 1730 4187 anni
1754 4118 1918 4205 completi
1942 4118 1987 4186 ad
2012 4117 2155 4188 illorum
2178 4123 2214 4188 et
2239 4119 2283 4188 de
2306 4139 2432 4190 eorum

583 4269 775 4342 heredibus
798 4271 872 4339 sint
894 4273 1079 4358 potestatis
1102 4271 1184 4340 illut
1205 4270 1412 4357 tenendum,
1436 4274 1472 4340 et
1494 4270 1592 4338 fovee
1614 4274 1651 4338 et
1673 4288 1794 4339 omnes
1817 4270 1960 4340 illorum
1985 4273 2156 4343 utilitatis
2187 4275 2291 4345 iuxta
2320 4277 2432 4344 ratio-

583 4439 665 4492 nem
689 4421 820 4490 ibidem
843 4423 1061 4510 faciendum,
1084 4426 1122 4491 et
1143 4442 1207 4510 per
1230 4440 1352 4492 omnes
1374 4440 1509 4493 annum
1529 4423 1657 4492 amodo
1680 4425 1715 4490 et
1739 4441 1850 4511 usque
1873 4424 1950 4512 ipso
1971 4425 2207 4495 constitutum
2230 4427 2326 4496 abtis
2342 4429 2429 4496 tem-

582 4572 732 4661 poribus
761 4574 843 4642 illut
866 4574 1026 4644 studiare
1059 4577 1097 4644 et
1120 4575 1322 4661 seminare,
1355 4574 1457 4642 sicud
1489 4574 1662 4642 meruerit
1697 4575 1767 4663 ipsi
1802 4573 1939 4664 labori,
1974 4581 2011 4644 et
2045 4596 2107 4664 per
2141 4595 2263 4646 omnes
2286 4596 2423 4648 annum

583 4746 647 4814 per
670 4732 827 4813 tempum
850 4728 894 4797 de
917 4729 995 4798 aire
1018 4728 1142 4797 amodo
1166 4732 1202 4796 et
1224 4745 1337 4814 usque
1361 4727 1437 4814 ipso
1460 4729 1694 4798 constitutum
1718 4730 1856 4798 saciant
1880 4729 1953 4798 illis
1975 4732 2068 4799 scire
2090 4749 2174 4818 pars
2197 4731 2355 4819 predicte
2376 4752 2432 4801 ec·

584 4879 704 4966 clesie,
728 4883 769 4948 ut
785 4879 917 4948 ibidem
939 4880 1084 4968 dirigad
1107 4879 1256 4948 missum
1279 4898 1397 4966 suum,
1420 4885 1457 4948 et
1479 4880 1552 4948 illis
1575 4881 1640 4949 toti
1667 4878 1736 4966 ipsi
1762 4879 1875 4948 labori
1899 4881 2068 4950 tribulare
2090 4885 2127 4950 et
2149 4899 2343 4968 procurare
2366 4887 2426 4952 bo-

582 5051 686 5119 num,
710 5033 804 5101 sicut
826 5035 999 5102 meruerit
1023 5033 1097 5120 ipso
1120 5031 1284 5120 hictum,
1312 5037 1348 5102 et
1370 5003 1480 5102 deant
1510 5032 1594 5100 inde
1617 5032 1664 5100 ad
1687 5033 1762 5119 ipso
1785 5031 1933 5099 missum
1966 5035 2179 5102 terraticum
2211 5054 2275 5123 per
2307 5054 2428 5107 omnes

582 5204 720 5254 annum
743 5185 937 5255 secundum
960 5184 1251 5254 consuetudinem
1274 5185 1317 5254 de
1340 5185 1415 5272 ipso
1439 5185 1567 5271 locum3
1593 5189 1630 5254 ct
1652 5185 1736 5253 dum
1759 5185 1893 5254 ibidem
1908 5186 2048 5255 steterit
2072 5187 2149 5274 ipso
2171 5188 2334 5278 missum,
2354 5191 2425 5259 illis

581 5345 702 5410 autem
726 5341 828 5409 illum
851 5340 1035 5410 nutrirent
1057 5341 1252 5409 secundum
1275 5339 1419 5407 illorum
1434 5338 1711 5426 poxibilitatem,
1727 5342 1763 5406 et
1779 5342 1949 5422 ayrateca
1965 5339 1999 5408 ei
2015 5339 2160 5426 darent,
2174 5341 2275 5409 sicud
2292 5343 2427 5411 iustum

581 5495 700 5580 luerit,
725 5495 858 5582 etipse
881 5493 1020 5584 quertie
1044 5511 1112 5579 que
1136 5491 1266 5560 ibidem
1290 5495 1386 5578 sunt,
1410 5491 1507 5560 salbc
1531 5492 1592 5560 ille
1615 5493 1766 5580 iaciant,
1790 5495 1826 5561 et
1848 5512 1973 5561 curam
1996 5499 2032 5563 et
2062 5494 2315 5584 vigilationem
2346 5496 2429 5565 inde

584 5649 729 5734 abeant,
745 5651 790 5718 et
812 5666 876 5734 per
898 5650 1069 5733 tempum,
1094 5643 1235 5731 quando
1259 5643 1378 5731 suerit,
1403 5643 1549 5712 claudes
1572 5641 1645 5710 illis
1669 5649 1790 5714 autem
1813 5663 1892 5714 eam
1915 5648 2083 5735 colligere
2106 5651 2144 5716 et
2167 5647 2266 5718 salbe
2289 5647 2351 5716 ille
2378 5649 2429 5718 fa-

582 5801 699 5888 ciatis3
723 5805 760 5871 ct
781 5821 845 5888 per
866 5818 987 5868 omnes
1010 5815 1147 5868 annum
1169 5815 1232 5884 per
1255 5799 1425 5885 tempum,
1449 5800 1591 5885 quando
1615 5803 1799 5889 meruerit,
1823 5803 1947 5872 amodo
1970 5808 2007 5871 et
2037 5821 2149 5892 usque
2182 5806 2261 5894 ipso
2291 5806 2430 5874 consti·
