5422 7102
635 538 703 608 ‘nto
1271 535 1443 608 CODEX
1479 533 1747 648 Cavnnsls

590 757 675 844 litti,
696 756 846 843 indeque
863 763 946 826 sunt
961 761 1054 846 passi
1071 758 1191 826 decem
1207 765 1243 827 et
1259 758 1499 828 revolbentem
1523 779 1585 846 per
1604 762 1682 847 ipsa
1705 761 1776 828 tine
1800 763 1921 828 nostra
1945 765 1981 828 et
2004 759 2076 828 litti
2094 761 2155 845 qui
2172 763 2225 826 ost
2240 779 2263 828 a
2277 778 2362 845 pars
2378 777 2433 826 oe·

587 911 753 997 cidentis,
778 913 862 978 sunt
887 909 970 980 inde
991 912 1087 998 passi
1111 928 1176 979 sex
1200 913 1236 978 et
1261 911 1441 1001 medium,
1465 912 1595 980 iterum
1620 913 1806 982 salientem
1831 932 1854 982 a
1877 931 1961 1000 pars
1984 913 2246 1001 septemtrionis
2270 913 2340 981 line
2363 915 2437 999 bia,

584 1065 673 1132 sunt
697 1063 779 1130 inde
801 1063 898 1149 passi
921 1051 1138 1149 quindecim:
1164 1080 1187 1129 a
1210 1079 1295 1148 pars
1318 1063 1467 1132 orientis
1490 1063 1561 1132 fine
1578 1064 1621 1132 de
1644 1065 1822 1132 ominibus
1846 1065 1889 1134 de
1913 1082 2040 1154 angre,
2053 1069 2137 1133 sunt
2154 1063 2237 1132 inde
2253 1063 2349 1152 passi
2373 1082 2436 1132 sex

586 1210 706 1280 minus
729 1213 852 1300 guvito
875 1217 984 1280 unum
990 1263 1000 1298 ,
1025 1213 1158 1280 iterum
1174 1211 1447 1282 descendentem
1461 1235 1483 1284 a
1499 1234 1583 1302 pars
1607 1214 1755 1284 meridie
1778 1217 1850 1285 tine
1875 1216 1987 1303 ipsius
2011 1217 2082 1286 litti
2100 1216 2194 1284 etde
2211 1215 2435 1284 consortibus

583 1368 746 1455 nostrie,
770 1372 854 1436 sunt
878 1367 962 1436 inde
988 1369 1083 1456 passi
1108 1369 1290 1456 usquead
1314 1371 1393 1457 ipsa
1416 1370 1553 1439 revolta
1577 1371 1795 1459 quindecim,
1819 1375 1934 1440 totum
1957 1373 2003 1442 ad
2027 1369 2120 1441 iusto
2152 1389 2296 1460 passum
2319 1369 2433 1438 omini

588 1523 642 1586 est
665 1523 923 1588 mensuratum.
948 1523 1014 1588 hec
1036 1539 1120 1590 vero
1143 1523 1250 1589 rebus
1272 1541 1334 1608 per
1351 1521 1518 1590 iamdicte
1542 1524 1625 1590 finis
1648 1527 1684 1590 et
1707 1523 1887 1592 mensurio
1910 1542 1992 1591 cum
2014 1522 2135 1593 omnia
2150 1522 2246 1590 intro
2270 1539 2308 1592 se
2325 1525 2434 1591 aben·

582 1671 681 1740 tibus
705 1675 938 1761 omnibusque
961 1675 1034 1745 suis
1057 1675 1285 1761 pertinentiis
1316 1679 1352 1744 et
1383 1695 1463 1742 cum
1494 1676 1571 1744 bice
1595 1676 1638 1742 de
1662 1678 1722 1745 bia
1745 1694 1812 1744 sua
1836 1676 2001 1744 inolitum
2025 1677 2106 1744 illut
2129 1693 2192 1743 nos
2216 1677 2283 1744 toti
2308 1693 2432 1761 supra·

589 1826 715 1913 scripti
750 1827 985 1894 unianimiter
1010 1827 1124 1913 ipsius
1157 1827 1276 1895 nicola
1311 1827 1525 1896 tradidimus
1552 1829 1591 1895 in
1615 1829 1716 1898 talim
1740 1828 1879 1917 ordine,
1903 1835 1944 1898 ut
1967 1829 2090 1898 amodo
2113 1833 2149 1897 et
2173 1846 2310 1914 semper
2334 1829 2432 1896 omni

581 1985 751 2068 tempore,
768 1983 872 2048 natos
888 1984 1086 2068 nascentes,
1103 2001 1126 2049 a
1142 1998 1208 2048 sua
1225 1987 1261 2048 et
1277 1981 1319 2048 de
1336 1981 1410 2048 suis
1425 1981 1615 2048 heredibus
1631 1984 1702 2051 sint
1719 1970 1894 2068 potestate
1910 1997 1970 2049 eos
1985 1981 2177 2049 tenendum
2192 1985 2229 2048 et
2245 1979 2431 2047 dominan-

583 2133 681 2221 dum,
706 2135 742 2200 et
766 2133 864 2200 sebee
887 2137 922 2200 et
945 2134 1060 2200 omnis
1084 2151 1146 2200 sue
1171 2132 1336 2201 utilitatis
1359 2131 1453 2200 iusta
1484 2131 1623 2200 ratione
1647 2131 1778 2199 ibidem
1801 2129 1952 2218 faciant,
1976 2131 2166 2199 etibidem
2200 2129 2356 2199 residere
2392 2135 2429 2198 et

589 2286 738 2372 avitare,
761 2288 798 2352 et
821 2284 1001 2372 plantaret
1024 2283 1109 2352 illut
1132 2282 1264 2350 ibidem
1288 2287 1323 2351 et
1339 2287 1543 2368 pastenaret
1558 2301 1663 2369 poma
1686 2289 1723 2350 et
1746 2283 1841 2352 celsa
1864 2285 1916 2352 sic
1940 2283 2073 2372 itaque,
2098 2289 2139 2351 ut
2155 2273 2318 2370 completi
2336 2301 2430 2351 amo·

582 2437 626 2504 do
648 2441 684 2505 et
705 2455 817 2522 usque
840 2437 1043 2524 quindecim
1067 2438 1154 2506 anni
1178 2440 1309 2506 abeant
1334 2437 1406 2504 illis
1437 2438 1491 2504 vel
1507 2436 1650 2503 illorum
1674 2437 1864 2504 heredibus
1890 2437 1927 2502 in
1951 2439 2027 2504 tota
2051 2437 2129 2522 ipsa
2152 2439 2257 2504 rebus
2281 2454 2345 2522 per
2370 2453 2429 2503 sn-

586 2591 745 2678 pradicte
767 2593 947 2659 mensurie
971 2609 1074 2678 poma
1096 2595 1131 2659 et
1154 2591 1249 2659 celsa
1267 2593 1360 2659 bona
1383 2593 1584 2676 pastenata,
1609 2591 1703 2656 sicut
1725 2589 1768 2657 de
1792 2594 1911 2659 tantos
1934 2605 2048 2657 annos
2071 2589 2168 2656 locus
2191 2588 2266 2674 ipse
2289 2606 2428 2656 merne-

585 2742 658 2830 rit,
682 2747 719 2810 et
742 2749 878 2829 quanta
900 2761 1004 2830 poma
1028 2747 1063 2812 et
1086 2742 1180 2811 celsa
1197 2741 1279 2809 inde
1302 2740 1426 2808 tollere
1443 2739 1497 2806 vel
1522 2741 1627 2807 abere
1651 2740 1834 2826 potuerint
1857 2739 1981 2808 amodo
2004 2759 2115 2825 usque
2133 2739 2201 2824 ipsi
2225 2740 2429 2825 quindecim

583 2897 669 2965 anni
695 2896 871 2984 completi,
896 2902 1007 2965 toturn
1032 2897 1113 2964 illut
1136 2898 1205 2964 sibi
1230 2900 1362 2965 abeant
1379 2902 1414 2964 et
1437 2895 1573 2963 nullam
1600 2897 1681 2964 inde
1703 2896 1805 2962 nobis
1827 2895 1881 2963 vel
1906 2896 1951 2964 ad
1980 2895 2109 2962 nostris
2132 2895 2321 2962 heredibus
2344 2894 2428 2962 inde

584 3049 706 3118 deant.
733 3056 851 3136 preter
876 3049 919 3118 de
941 3051 1034 3136 quod
1049 3049 1173 3119 amodo
1189 3053 1225 3118 et
1241 3051 1337 3118 omni
1354 3052 1510 3135 tempore
1526 3048 1658 3116 ibidem
1682 3046 1952 3134 seminaverint,
1975 3048 2083 3117 deant
2107 3048 2188 3116 illut
2214 3048 2297 3115 inde
2321 3048 2422 3114 nobis

583 3201 795 3269 terraticum
819 3199 1011 3268 secundum
1034 3201 1288 3268 consuetudine
1311 3201 1354 3268 de
1382 3200 1497 3285 ipsum
1529 3199 1670 3284 locum,
1695 3205 1731 3267 et
1753 3198 1800 3266 da
1823 3198 1892 3285 ipsi
1916 3198 2117 3284 quindecim
2141 3199 2228 3269 anni
2258 3200 2429 3268 inantea

589 3353 686 3421 omni
710 3357 867 3438 tempore
890 3355 1025 3438 quanta
1049 3369 1153 3438 poma
1177 3352 1259 3419 inde
1283 3352 1415 3420 exierit
1449 3356 1484 3420 et
1511 3351 1594 3420 folia
1616 3352 1660 3419 de
1683 3351 1778 3420 celsa
1802 3352 1883 3420 illut
1909 3353 1962 3420 vel
1988 3353 2128 3420 illorum
2151 3352 2342 3420 heredibus
2363 3371 2427 3420 suo

588 3507 746 3589 tempore
762 3502 941 3590 colligere,
958 3507 994 3569 et
1018 3503 1219 3570 dibidamus
1235 3503 1355 3589 ibique
1373 3503 1471 3569 intus
1496 3501 1574 3588 ipsa
1597 3504 1703 3568 rebus
1726 3505 1801 3570 tota
1825 3500 1904 3587 ipsa
1928 3501 2111 3570 fructifera
2134 3521 2197 3588 per
2221 3501 2424 3572 medietate:

583 3671 647 3721 nos
671 3657 706 3722 et
737 3653 868 3720 nostris
901 3653 1064 3721 eredibus
1097 3652 1263 3721 tollamus
1287 3653 1369 3722 inde
1392 3655 1642 3742 medietatem,
1671 3657 1708 3722 et
1732 3656 1810 3742 ipsa
1833 3655 2020 3725 medietate
2044 3661 2166 3726 nostra
2188 3659 2240 3725 sie
2265 3655 2348 3725 illut
2370 3659 2425 3725 di-

587 3807 751 3874 vidamus
773 3825 836 3894 per
861 3808 1012 3892 ratione,
1040 3824 1105 3892 ego
1129 3808 1192 3892 qui
1219 3824 1326 3891 supra
1351 3805 1456 3873 lando
1484 3812 1520 3874 et
1545 3805 1717 3874 nucerino
1736 3807 1903 3875 tollamus
1929 3807 2010 3876 inde
2034 3809 2272 3896 medietatem,
2295 3815 2333 3880 et
2355 3829 2422 3896 ego

587 3957 770 4026 maraldus
793 3976 874 4026 cum
898 3957 966 4044 ipsi
990 3958 1176 4043 nepotibus
1204 3956 1292 4024 meis
1323 3956 1397 4025 alia
1419 3956 1657 4045 medietatem,
1674 3961 1710 4026 et
1735 3959 1809 4045 ipse
1831 3958 1950 4029 nicola
1973 3979 2101 4046 grecus
2124 3961 2179 4028 vel
2203 3959 2345 4029 illorum
2364 3964 2425 4030 he-

589 4109 736 4179 redibus
759 4110 889 4178 tollant
914 4109 997 4178 inde
1021 4107 1147 4178 inclita
1169 4109 1373 4194 medietale3
1398 4112 1433 4177 et
1465 4107 1510 4178 da
1541 4110 1607 4195 ipsi
1636 4109 1837 4196 quindecim
1860 4111 1949 4180 anni
1972 4112 2011 4178 in
2035 4115 2142 4181 antea
2169 4114 2430 4200 qualecumque

589 4265 748 4350 tempore
772 4261 852 4330 illut
875 4262 929 4330 vel
955 4262 1097 4330 illorum
1120 4261 1310 4330 heredibus
1334 4265 1412 4347 ipsa
1440 4263 1564 4330 nostra
1593 4261 1788 4331 traditione
1821 4267 1942 4332 tenere
1977 4266 2014 4331 et
2049 4264 2213 4334 lavorare
2248 4265 2431 4334 noluerint

583 4417 745 4483 autnon
779 4413 989 4500 potuerint,
1024 4413 1127 4482 liceat
1162 4413 1245 4482 illut
1272 4413 1353 4481 inde
1385 4414 1486 4481 exire
1520 4416 1555 4480 et
1587 4412 1711 4482 tollere
1735 4413 1817 4481 inde
1841 4413 1954 4481 omnis
1977 4434 2087 4485 causa
2111 4435 2177 4485 sua
2212 4417 2356 4485 movilia
2389 4422 2428 4485 et

587 4568 800 4636 disturbare
826 4566 908 4636 inde
933 4585 1017 4635 casa
1039 4569 1075 4634 et
1098 4564 1242 4652 retdita,
1261 4565 1352 4650 quod
1368 4563 1440 4631 illis
1456 4563 1579 4632 diebus
1603 4563 1731 4631 ibidem
1754 4565 1935 4651 abuerint,
1952 4571 1987 4634 et
2003 4571 2162 4652 portaret
2186 4565 2258 4634 illis
2281 4565 2343 4634 ubi
2366 4583 2426 4632 vo·

584 4720 732 4807 luerint,
757 4738 866 4806 esque
890 4721 1005 4786 omnis
1021 4717 1276 4787 contrarietate
1292 4721 1415 4784 nostra
1431 4721 1467 4784 et
1481 4717 1524 4784 de
1544 4717 1675 4782 nostris
1691 4716 1894 4803 heredibus,
1910 4719 1948 4783 et
1963 4719 2037 4785 tota
2055 4718 2133 4804 ipsa
2148 4719 2253 4784 rebus
2276 4717 2425 4786 redeant

587 4873 633 4941 ad
656 4877 780 4942 nostra
804 4875 1002 4959 potestate:
1028 4875 1064 4938 et
1091 4869 1189 4936 side
1225 4889 1293 4935 ano
1328 4871 1427 4936 terra
1461 4867 1682 4936 salernitana
1705 4866 1864 4934 exierint
1888 4887 1951 4954 pro
1975 4869 2100 4938 aliiubi
2133 4869 2177 4936 ad
2203 4870 2423 4957 avitandum,

583 5031 648 5095 aut
671 5027 701 5092 si
725 5026 797 5095 tale
815 5025 964 5094 iecerint
986 5025 1103 5110 culpa,
1126 5021 1220 5090 unde
1236 5022 1282 5091 ad
1298 5021 1472 5108 palatium
1494 5022 1652 5090 cecidere
1673 5019 1876 5106 debuerint,
1893 5021 2020 5089 inolita
2044 5022 2120 5106 ipsa
2145 5023 2249 5090 rebus
2272 5021 2422 5090 redeant

595 5178 641 5246 ad
664 5182 789 5246 nostra
812 5181 997 5264 potestate3
1024 5176 1111 5245 etsi
1137 5175 1234 5243 intra
1255 5176 1371 5242 tribus
1387 5174 1475 5242 anni
1500 5172 1533 5239 ic
1557 5171 1730 5239 redierint
1746 5171 1791 5239 ad
1806 5172 2029 5258 abitandum,
2053 5172 2107 5240 vel
2131 5172 2227 5241 side
2251 5175 2329 5260 ipsa
2352 5173 2426 5242 cul-

591 5351 637 5418 pa
661 5331 804 5399 liberati
827 5329 971 5416 fuerint,
997 5327 1123 5395 inclita
1146 5327 1226 5413 ipsa
1248 5328 1356 5393 rebus
1381 5325 1531 5392 redeant
1553 5323 1598 5393 ad
1621 5323 1765 5393 illorum
1789 5329 1997 5412 potestatem
2013 5343 2075 5412 per
2093 5325 2261 5394 iamdicto
2285 5325 2422 5394 ordine:

586 5487 728 5554 tantum
751 5484 780 5550 si
808 5480 889 5548 illut
912 5481 1112 5551 lavoratum
1136 5475 1341 5546 inbenerint
1355 5527 1365 5564 ,
1391 5475 1504 5546 licead
1533 5477 1611 5545 illut
1633 5475 1694 5562 qui
1719 5493 1778 5544 eos
1802 5475 2066 5563 lavoraverint,
2091 5477 2168 5564 ipsu
2192 5475 2349 5544 frudium
2382 5477 2425 5546 de

587 5635 665 5723 ipsu
689 5653 783 5704 anno
807 5633 891 5701 inde
914 5632 1132 5720 recolligere.
1158 5629 1252 5698 unde
1287 5630 1327 5696 in
1362 5630 1482 5698 eodem
1509 5631 1632 5699 ordine
1656 5643 1719 5718 per
1743 5649 1836 5700 vona
1859 5634 2120 5701 combenientia
2154 5633 2290 5721 guadia
2325 5633 2428 5700 nobis

585 5788 662 5872 ipse
687 5786 803 5855 nicola
826 5787 936 5873 dedit,
960 5791 994 5853 et
1009 5785 1200 5854 mediatore
1218 5784 1319 5848 nobis
1335 5783 1451 5868 posuit
1469 5781 1520 5850 leo
1535 5800 1662 5868 grecus
1686 5783 1842 5850 abitator
1866 5783 1904 5848 in
1920 5782 2077 5869 nucerie;
2094 5788 2129 5852 ot
2147 5805 2208 5871 per
2233 5785 2312 5872 ipsa
2334 5805 2424 5872 gua·
