5422 7102
1037 557 1434 633 ulpioulriuus
2041 558 2111 634 233

306 784 508 874 obligamus
530 801 595 854 nos
619 783 911 870 supradictorum
933 787 1057 871 petrus
1080 783 1256 870 presbiter
1278 787 1315 850 et
1338 783 1525 872 iohannes,
1550 803 1658 872 quam
1681 791 1717 856 et
1741 786 1872 884 nostris
1889 787 2054 857 eredibus
2069 786 2159 854 obli·

305 957 436 1030 gamus
459 939 560 1006 uobis
582 936 826 1026 prenominati
850 935 999 1006 iohanni
1025 938 1061 1004 et
1083 935 1248 1023 simeoni,
1271 953 1377 1022 quam
1401 935 1504 1005 etad
1527 937 1657 1005 vestris
1672 936 1838 1006 enodibus
1860 935 2062 1024 obligamus
2077 951 2154 1003 nos.

211 1155 218 1170 .
299 1091 401 1166 Quod
424 1091 455 1158 si
481 1088 676 1177 aliquando
698 1092 856 1176 tempore
878 1087 1000 1156 eadem
1024 1089 1184 1156 nostram
1207 1085 1448 1172 donationem,
1473 1087 1526 1155 uti
1550 1086 1774 1176 prelegitur,
1799 1091 1985 1158 aeternare
2016 1089 2082 1158 aut
2105 1105 2160 1157 re·

304 1243 449 1312 mobere
473 1241 710 1328 quesierimus
732 1257 797 1328 per
820 1256 1045 1326 quacumque
1067 1237 1218 1308 inbenta
1241 1239 1431 1328 rationem,
1455 1239 1643 1310 volendum
1666 1241 1797 1310 exinde
1821 1241 1920 1311 vobis
1936 1239 2067 1328 aliquit
2090 1241 2156 1310 tol-

298 1396 390 1482 lere,
416 1399 482 1465 aut
505 1397 688 1481 coutrare,
711 1393 768 1460 vel
792 1391 986 1480 minuare,
1009 1395 1073 1461 aut
1095 1392 1138 1460 de
1160 1397 1280 1463 vestra
1303 1395 1489 1463 subtraere
1512 1395 1766 1482 proprietatem
1789 1397 1826 1464 et
1849 1393 2157 1484 dominationem,

311 1551 377 1618 aut
402 1547 433 1616 si
457 1547 635 1636 integram
661 1546 742 1634 ipsa
764 1545 865 1634 peoia
888 1545 931 1613 de
954 1547 1061 1615 rebus
1084 1545 1182 1616 inlba
1205 1547 1407 1635 supradicte
1432 1550 1517 1618 finis
1540 1555 1576 1618 et
1598 1549 1780 1619 mensurie
1802 1553 1839 1618 et
1862 1552 1941 1638 ipsa
1956 1551 2030 1636 via,
2047 1553 2088 1617 ut
2103 1549 2160 1617 di·

301 1703 434 1788 ximus,
458 1719 523 1768 nos
546 1703 583 1768 et
606 1701 743 1769 nostris
771 1697 955 1788 eredibuS,
980 1698 1081 1768 vobis
1104 1703 1140 1768 et
1154 1700 1199 1768 ad
1215 1701 1343 1768 vestris
1366 1700 1532 1769 eredibus
1555 1719 1627 1768 non
1652 1701 1955 1772 defensaberimus
1978 1703 2024 1772 ab
2046 1701 2159 1769 omni-

307 1860 372 1925 bus
396 1855 580 1930 ominibus
598 1858 644 1925 ab
667 1855 900 1942 omnibusque
922 1853 1100 1942 partibus,
1124 1858 1160 1922 et
1176 1852 1221 1922 da
1242 1854 1317 1941 ipse
1340 1853 1513 1922 uxoribus
1537 1857 1667 1941 vestre,
1692 1855 1729 1922 et
1752 1854 1813 1941 qui
1837 1871 1900 1940 pro
1916 1854 2080 1941 partibus
2103 1873 2160 1922 eo·

300 2031 380 2078 rum
403 2009 533 2079 exinde
557 2007 776 2093 censebant,
802 2025 874 2075 non
897 2007 1203 2078 defensaberimus
1228 2005 1423 2074 secundum
1449 2003 1774 2092 languebardorum
1798 2005 1938 2092 legem3
1962 2003 2041 2074 ideo
2073 2007 2159 2073 ante

303 2165 428 2233 omnia
450 2164 588 2250 questio
611 2165 647 2228 et
670 2160 833 2264 causatio
856 2165 980 2229 nostra
1002 2179 1117 2229 vacua
1140 2161 1176 2228 et
1199 2158 1311 2227 tacita
1333 2155 1431 2246 sint,
1456 2162 1493 2226 et
1516 2157 1785 2245 quinquaginta
1811 2157 1912 2226 solidi
1937 2156 2041 2227 aurei
2075 2175 2159 2224 con·

302 2314 460 2384 stantini
483 2333 549 2383 nos
571 2315 861 2402 supradictorum
884 2317 1006 2400 petrus
1028 2311 1206 2400 presbiter
1229 2312 1266 2377 et
1289 2308 1480 2396 iohannes,
1503 2325 1612 2396 quam
1635 2311 1671 2376 et
1694 2309 1826 2376 nostris
1848 2308 2033 2397 enodibus,
2057 2307 2158 2378 vobis

305 2469 546 2554 prenominati
572 2467 723 2536 iohanni
745 2472 781 2536 et
803 2467 966 2552 simeoni,
990 2483 1097 2554 quam
1121 2465 1224 2534 etad
1248 2463 1375 2533 vestris
1398 2463 1577 2550 eredibuS,
1600 2479 1809 2548 componere
1833 2462 2034 2550 obligamus
2057 2468 2092 2532 et
2118 2463 2156 2533 in

305 2627 415 2691 antea
437 2640 500 2709 per
526 2620 655 2690 inbitis
677 2639 816 2709 semper
838 2619 961 2688 tacitis
983 2621 1020 2688 et
1042 2619 1218 2687 contentis
1242 2635 1527 2704 permaneamus,
1551 2617 1666 2704 adque
1687 2634 1750 2704 per
1774 2617 1899 2685 inbitis
1926 2635 2065 2703 semper
2100 2625 2156 2687 ta·

214 2823 218 2832 .
301 2774 386 2841 citis
410 2776 446 2841 et
469 2772 646 2840 contentis
670 2789 962 2858 permaneamus,
986 2769 1102 2858 adque
1125 2787 1188 2857 per
1214 2769 1338 2837 inbitis
1360 2769 1438 2838 illos
1461 2769 1559 2837 vobis
1581 2769 1815 2857 defensemus,
1838 2771 1934 2838 sicut
1965 2788 2074 2856 supra
2098 2787 2157 2835 vo-

301 2927 358 2993 bis
381 2925 530 3012 obligati
556 2941 690 3012 sumus,
713 2943 777 3010 per
799 2921 1007 3010 supradicta
1029 2921 1188 3010 obligata
1210 2939 1313 3008 pena.
1340 2921 1437 2996 Quod
1452 2926 1487 2990 te
1504 2922 1649 3010 gualius
1666 2920 2008 2992 archisubdiaconus
2031 2923 2067 2988 et
2093 2939 2158 2988 no·

301 3077 418 3148 tarius
442 3079 600 3145 scribere
624 3077 767 3164 rogabit
791 3075 829 3143 in
853 3074 1021 3164 abellino,
1044 3091 1166 3142 mense
1188 3077 1225 3142 et
1248 3072 1444 3141 indictione
1468 3071 1633 3141 feliciter.

348 3203 378 3319 †
402 3230 487 3299 noo
509 3229 648 3298 nnnco

346 3353 376 3470 †
401 3383 477 3470 Ego
500 3381 660 3450 ioannes.

1068 3897 1383 3978 DCCGLIII.

1080 4159 1134 4234 A.
1163 4157 1213 4234 D.
1242 4156 1370 4238 1033.

344 4395 380 4536 ἰ’
406 4449 447 4514 in
470 4446 615 4516 nomine
637 4447 775 4516 domini
797 4447 1073 4536 quadragesimo
1096 4447 1247 4536 septimo
1274 4467 1370 4518 anno
1400 4450 1626 4539 principatus
1653 4452 1774 4522 domni
1791 4451 1948 4546 ¹landold
1970 4455 2149 4544 gloriosus

297 4604 486 4691 princeps,
511 4607 547 4672 et
569 4603 737 4672 vicesimo
760 4603 866 4673 tertio
889 4621 984 4673 anno
1006 4603 1232 4692 principatus
1255 4603 1375 4672 domni
1391 4604 1534 4693 paldolfi
1548 4606 1614 4674 filii
1632 4607 1724 4695 eius,
1740 4625 1861 4678 mense
1876 4609 2011 4700 iunius,
2027 4613 2149 4700 prima

297 4753 508 4824 indictione.
533 4753 822 4825 Memoratorium
845 4756 980 4824 lactum
994 4774 1017 4823 a
1033 4719 1134 4822 nobis
1150 4755 1322 4826 iohannes
1338 4760 1373 4826 et
1389 4757 1558 4846 simeone,
1574 4760 1741 4847 germani
1763 4758 1832 4828 filii
1855 4761 1998 4832 cuidam
2022 4763 2150 4834 iohan-

296 4909 353 4996 ni,
376 4927 418 4978 eo
443 4909 536 4996 quod
559 4908 658 4977 intus
680 4908 864 4977 cibitatem
887 4905 1036 4976 abellini
1059 4913 1145 4977 ante
1168 4909 1381 4978 nobiliorum
1403 4910 1686 4999 subscriptorum
1711 4915 1862 4983 testium
1885 4915 2150 5006 clareiacimus‚

296 5063 449 5150 quiade
473 5063 542 5132 isto
565 5080 686 5132 mense
709 5061 870 5131 bendidit
893 5060 995 5128 nobis
1019 5065 1141 5147 petrus
1166 5064 1339 5150 presbiter
1363 5064 1460 5134 filius
1483 5067 1588 5152 genci
1616 5085 1689 5138 una
1713 5067 1815 5155 pecia
1839 5070 1882 5138 de
1899 5071 2006 5140 rebus
2021 5071 2060 5138 in
2074 5070 2151 5140 loco

296 5216 409 5287 baneo
430 5237 494 5306 per
518 5218 601 5288 ilnis
624 5221 660 5287 et
682 5218 878 5304 mensurie,
903 5218 995 5286 sicut
1018 5233 1092 5286 una
1114 5218 1257 5288 cartula
1280 5222 1403 5288 nostra
1425 5219 1613 5308 continet,
1638 5225 1675 5291 et
1701 5217 1778 5309 ipse
1812 5223 1993 5310 predictus
2023 5228 2149 5311 petrus

294 5371 474 5458 presbiter
497 5389 571 5442 una
594 5390 676 5440 oum
700 5371 876 5440 iohannes
898 5369 993 5437 filius
1015 5369 1179 5439 marandi
1205 5371 1431 5440 donaberunt
1453 5373 1555 5440 nobis
1578 5389 1653 5444 una
1676 5374 1749 5444 alia
1772 5375 1875 5462 pecia
1897 5374 1941 5443 de
1972 5377 2079 5443 rebus
2101 5375 2146 5444 de

298 5524 508 5612 supradicto
531 5524 607 5591 loco
630 5525 775 5638 banco,
796 5523 889 5592 sicut
911 5541 986 5591 una
1007 5521 1148 5593 cartula
1169 5527 1292 5594 nostra
1314 5527 1501 5612 continet,
1526 5526 1618 5614 quod
1642 5527 1725 5596 inde
1756 5546 1819 5615 per
1849 5525 2032 5596 mensurie
2060 5531 2147 5615 aput

295 5697 358 5747 nos
381 5679 523 5749 firmate
547 5679 774 5764 retinemus,
797 5677 889 5764 quod
912 5675 1026 5744 laicus
1050 5673 1389 5744 archisubdiaconus
1422 5679 1459 5745 et
1482 5677 1645 5746 notarius
1678 5675 1838 5766 scripsit.
1868 5677 1969 5745 Modo
1999 5677 2143 5764 quidem

294 5835 546 5904 coniunximus
569 5851 635 5904 nos
658 5837 697 5902 in
721 5837 850 5902 bonam
875 5829 1165 5900 conbenientiam
1189 5849 1270 5898 cum
1286 5831 1355 5918 ipsi
1373 5830 1613 5919 prenominati
1637 5835 1759 5918 petrus
1773 5831 1953 5919 presbiter
1970 5835 2006 5900 et
2021 5833 2147 5900 iohan-

483 5987 554 6045 Τοι.
575 6003 601 6043 v·
1955 5983 1991 6040 30
