5422 7102
1026 515 1438 595 eletellnl'lcbs
2041 527 2105 598 llll

308 739 455 812 iohanni
482 741 630 828 notarii,
654 743 691 810 61
714 741 844 811 ibidem
868 744 992 831 scripti
1017 743 1108 813 miro
1132 749 1169 812 et
1185 745 1369 815 iohannes.
1384 747 1482 816 Unde
1506 748 1582 836 ipse
1598 749 1757 818 sellictus
1771 753 1966 820 monachus
1982 751 2072 821 talia
2090 773 2157 820 au-

309 898 448 968 dientes
471 895 577 984 dixit,
604 899 644 964 61
664 897 743 982 1666
765 895 904 966 6611616
928 897 1107 984 16166661,
1134 901 1174 966 ut
1199 899 1276 987 ipsa
1300 902 1407 968 rebus
1423 899 1612 970 medietate
1631 904 1760 986 parata
1786 903 1919 970 habere
1942 902 1988 971 da
2012 903 2088 990 ipso
2106 903 2159 974 ie·

309 1056 447 1122 hannes
468 1052 592 1138 bassi,
618 1049 711 1119 unde
735 1051 829 1120 inter
853 1069 891 1120 se
915 1051 1060 1120 luerunt
1082 1051 1247 1140 guadiati
1284 1055 1325 1120 ut
1362 1053 1465 1120 ambe
1492 1101 1500 1116 .
1531 1101 1538 1114 .
1570 1102 1577 1117 .
1607 1103 1614 1118 .
1640 1052 1883 1122 maehenolsus
1913 1056 1992 1141 ipsa
2017 1055 2159 1127 cartula

311 1203 569 1292 secundulege
592 1209 628 1273 61
651 1207 774 1274 aberet
797 1205 880 1274 inde
902 1205 971 1274 (166
994 1205 1115 1292 661116,
1139 1204 1293 1290 qualiter
1311 1205 1389 1290 ipsa
1413 1202 1554 1272 cartula
1579 1205 1750 1273 eontinet.
1769 1206 1828 1274 Set
1843 1211 2037 1293 antequam
2052 1209 2158 1278 fieret

308 1359 548 1442 sacramenta,
573 1357 693 1424 ortata
716 1359 769 1424 est
792 1357 887 1422 inter
912 1353 984 1424 illis
1009 1373 1101 1424 vona
1124 1356 1386 1423 combenientia
1406 1405 1416 1444 ,
1440 1360 1480 1424 ut
1503 1357 1578 1444 ipse
1602 1356 1760 1425 sellietus
1786 1359 1981 1427 menachus
2014 1360 2160 1432 tolleret

211 1605 213 1610 Ι
309 1515 345 1577 61
366 1510 517 1578 haberet
542 1507 667 1576 inclita
690 1507 878 1576 medietate
902 1507 944 1574 de
969 1507 1046 1593 1666
1064 1509 1170 1575 rebus
1187 1507 1337 1576 iohanni
1356 1509 1467 1595 bassi,
1484 1513 1520 1577 61
1536 1513 1721 1596 receperat
1739 1511 1814 1596 ipse
1832 1511 2078 1579 machenollus
2093 1531 2158 1599 pro

315 1667 391 1752 ipsa
414 1662 603 1733 medietate
626 1663 669 1729 de
693 1663 771 1748 ipsa
793 1664 900 1729 rebus
924 1661 1078 1728 medium
1104 1679 1252 1728 aureum
1277 1659 1350 1728 tari
1376 1664 1411 1727 et
1435 1659 1644 1727 dibiderunt
1680 1661 1759 1746 ipsa
1792 1663 1896 1730 rebus
1929 1681 1993 1747 661
2027 1661 2157 1729 medie·

316 1823 438 1904 tatem3
463 1815 557 1884 unde
581 1815 655 1900 ipse
678 1812 921 1882 macbenollus
944 1811 1179 1898 compreensit
1204 1811 1328 1880 inclita
1353 1811 1543 1879 medietate
1568 1812 1613 1879 da
1636 1814 1801 1898 partibus
1829 1812 1993 1899 orientia,
2024 1813 2159 1899 etipse

314 1969 471 2040 661116166
495 1965 729 2052 compreensit
752 1964 879 2033 inolita
903 1965 976 2034 alia
999 1965 1189 2032 medietate
1213 1963 1259 2032 da
1275 1965 1438 2050 partibus
1462 1947 1670 2051 occidentia,
1695 1969 1731 2033 61
1754 1966 1849 2032 inter
1873 1967 1975 2032 ambe
1995 1963 2070 2050 ipse
2087 1982 2161 2032 sor-

316 2124 364 2192 tis
387 2125 461 2188 tres
483 2120 619 2189 termiti
643 2121 715 2187 flcti
740 2123 835 2205 sunt,
861 2123 899 2185 ut
922 2118 1015 2184 omni
1041 2121 1197 2203 tempere
1221 2115 1317 2190 siant
1340 2115 1385 2184 ad
1410 2117 1535 2202 equale
1559 2119 1753 2185 mensuria.
1773 2117 1959 2202 postquam
1983 2116 2159 2183 finierunt

317 2274 394 2360 ipsa
417 2274 524 2341 rebus
550 2272 725 2338 intrantes
749 2270 823 2357 ipse
847 2269 1004 2341 sellictus
1029 2267 1120 2337 alter
1145 2267 1370 2336 causationes
1393 2268 1436 2335 de
1460 2267 1534 2337 alia
1551 2269 1657 2336 rebus
1681 2267 1723 2335 de
1747 2267 1863 2354 ipsum
1881 2267 1995 2335 lecum
2014 2269 2160 2339 balnea·
2206 2293 2209 2300 ·

311 2431 368 2498 ria
389 2445 470 2496 cum
493 2425 567 2514 ipse
591 2425 847 2512 machonolius,
864 2427 926 2492 ubi
944 2426 989 2494 ad
1013 2425 1176 2512 paretine
1192 2423 1339 2509 dieitur,
1364 2420 1455 2508 quod
1473 2420 1613 2490 dicebat
1629 2421 1704 2509 ipse
1728 2420 1901 2508 sellictus,
1927 2427 1966 2490 ut
1989 2423 2162 2509 6166661-

312 2583 408 2650 tione
431 2580 514 2649 inde
539 2582 659 2664 abere3
684 2577 778 2645 unde
801 2583 836 2645 61
859 2597 922 2664 661
945 2576 1018 2664 1666
1043 2575 1286 2644 maclrenollus
1309 2581 1446 2644 ostense
1470 2579 1556 2642 sunt
1579 2575 1646 2642 due
1671 2576 1805 2643 cartule
1829 2575 1872 2642 de
1902 2574 2017 2662 ipsum
2042 2575 2158 2643 locum

314 2735 491 2824 paretine:
517 2751 591 2800 una
613 2751 660 2800 ex
683 2731 770 2818 ipsis
793 2729 940 2799 cartulis
963 2732 1006 2798 de
1030 2729 1295 2816 quartodecimo
1320 2747 1415 2798 anno
1439 2729 1661 2816 principatus
1684 2729 1805 2798 domni
1834 2733 1948 2798 nostri
1979 2733 2163 2820 guaimari

316 2889 470 2976 glorioso
493 2884 666 2974 principe,
691 2901 810 2950 mense
828 2882 963 2968 1611166,
981 2881 1250 2968 quintadecima
1275 2881 1496 2950 indictione:
1522 2881 1777 2951 declaraberad
1801 2882 1879 2969 ipsa
1902 2885 2053 2972 cartula,
2078 2905 2165 2971 qua·

319 3037 401 3105 liter
423 3055 577 3124 perpera
600 3035 676 3103 fllia
699 3036 981 3144 benedieti,·que
1004 3032 1072 3102 fuit
1098 3033 1225 3102 relicta
1248 3033 1489 3120 guandelleri,
1513 3040 1597 3102 ante
1621 3034 1711 3102 leoni
1738 3033 1848 3102 iudici
1874 3055 1936 3123 per
1953 3055 2164 3106 consensum

317 3195 353 3260 61
375 3192 561 3261 voluntate
584 3189 809 3279 guandelseri
833 3189 906 3256 filio
930 3207 993 3255 suo
1017 3193 1052 3256 et
1074 3189 1117 3255 (16
1141 3185 2162 3275 66166111666616611161666161611166661616161616-

317 3346 469 3414 chenelfi
492 3345 566 3412 fillo
589 3343 768 3412 benedicti
791 3343 907 3430 legari
932 3361 1005 3410 una
1028 3340 1129 3427 pecia
1149 3341 1195 3410 de
1218 3345 1316 3409 terra
1331 3340 1373 3407 de
1390 3339 1470 3426 ipsu
1494 3341 1572 3408 locu
1594 3343 1769 3428 paretine,
1794 3361 1874 3408 cum
1891 3342 2086 3430 aliquantis
2103 3364 2164 3413 61-

318 3499 461 3566 boribus
484 3496 619 3584 vitatis‚
643 3497 678 3564 61
702 3495 886 3581 aliquante
912 3493 1086 3581 abelleno,
1105 3497 1140 3562 et
1157 3499 1256 3563 terra
1272 3496 1386 3564 bacua
1402 3514 1473 3563 uno
1488 3494 1659 3582 teniente,
1685 3497 1777 3582 quod
1806 3502 1889 3566 ante
1913 3517 1950 3566 os
1972 3517 2085 3568 annos
2109 3519 2166 3568 re-

193 3729 197 3736 ,
316 3651 409 3722 tinet
432 3651 571 3719 cicerus
595 3650 639 3720 ad
663 3648 921 3736 pastenandum
946 3649 992 3714 da
1017 3646 1222 3715 benedictus
1245 3647 1408 3733 genitore
1433 3647 1543 3733 ipsius
1566 3666 1716 3736 perpere
1739 3667 1801 3736 per
1825 3651 1890 3717 hec
1907 3651 2002 3716 finis:
2021 3652 2165 3738 (16661-

318 3806 414 3873 tibus
437 3803 629 3871 occidentis
653 3803 723 3870 fine
748 3801 916 3890 griperti,
939 3803 974 3867 et
996 3798 1131 3867 termiti
1150 3799 1223 3866 ficti
1242 3803 1337 3866 sunt:
1364 3799 1409 3866 da
1424 3819 1509 3886 pars
1524 3801 1786 3886 septemtrionis
1802 3803 1872 3870 fine
1890 3801 2054 3871 domnica
2072 3803 2166 3889 quod

317 3960 392 4048 ipse
415 3957 553 4026 cicerus
576 3975 657 4024 cum
681 3954 904 4022 consortibus
927 3953 1001 4020 6616
1024 3951 1069 4020 ad
1093 3953 1353 4039 pastenandum
1376 3952 1523 4041 retinet,
1547 3959 1583 4023 et
1605 3956 1827 4042 finesuaque
1844 3955 1951 4024 616611
1971 3956 2065 4024 etde
2082 3975 2165 4025 cen-

315 4115 471 4182 sertibus
494 4111 591 4180 suis:
618 4131 639 4179 6
663 4107 826 4196 partibus
849 4106 998 4175 orientis
1022 4108 1092 4174 fine
1116 4111 1153 4174 et
1176 4104 1270 4174 sicut
1293 4107 1376 4194 6616
1400 4108 1442 4176 (16
1465 4107 1542 4177 6616
1565 4107 1739 4196 dixernit,
1762 4113 1799 4176 et
1822 4109 1904 4178 inde
1927 4111 2066 4179 termiti
2092 4113 2166 4181 ficti

318 4271 402 4334 sunt
422 4271 459 4335 et
484 4265 566 4334 inde
591 4268 676 4332 sunt
697 4264 792 4351 passi
797 4311 1065 4330 ........
1091 4265 1127 4331 61
1150 4261 1329 4330 eoniunsit
1352 4279 1389 4328 66
1412 4279 1493 4328 6616
1517 4261 1659 4348 6166116
1684 4261 1767 4328 finis
1783 4262 1844 4348 qui
1862 4268 1914 4332 est
1931 4265 1977 4332 da
1997 4265 2164 4352 partibus

320 4419 484 4508 meridie,
509 4424 545 4488 et
571 4419 723 4506 indeque
746 4419 817 4486 fine
841 4435 977 4504 suaque
1001 4418 1111 4487 ciceri
1135 4421 1172 4484 et
1196 4417 1238 4485 de
1262 4417 1483 4486 consortibus
1506 4419 1596 4505 suis,
1619 4421 1656 4486 et
1679 4419 1853 4506 pertange
1877 4421 1915 4487 in
1940 4421 2014 4509 bia,
2030 4427 2065 4491 et
2088 4443 2169 4510 661-

322 4571 423 4640 badit
445 4570 484 4637 in
507 4571 578 4637 fine
602 4570 718 4639 sancti
742 4569 891 4638 iohanni
916 4541 952 4637 et
975 4569 1046 4635 fine
1071 4568 1184 4654 ipsius
1207 4569 1314 4637 ciceri
1340 4573 1376 4638 61
1399 4570 1441 4637 (16
1464 4571 1688 4639 consortibus
1705 4570 1791 4640 suis.
1812 4573 1908 4642 infra
1925 4575 1991 4643 iste
2009 4576 2092 4644 finis
2109 4576 2167 4642 in·

320 4723 408 4793 61116
431 4723 589 4791 sor-tione
614 4725 727 4810 ipsius
750 4742 924 4811 perpere,
950 4723 1104 4809 qualiter
1128 4742 1191 4809 per
1215 4723 1293 4808 lege
1317 4723 1479 4792 debuerit
1502 4725 1646 4794 evenire
1675 4727 1722 4794 da
1756 4727 1962 4795 benedictus
2000 4729 2164 4815 genitore

317 4893 396 4964 suo,
421 4881 457 4945 et
479 4881 646 4963 66666161
670 4878 747 4963 1666
771 4894 925 4964 6616616
949 4875 988 4941 16
1012 4878 1091 4962 1666
1114 4874 1254 4944 6611616
1276 4873 1507 4963 venditionis,
1531 4880 1571 4943 ut
1596 4881 1672 4963 post
1699 4877 1835 4944 obitum
1857 4877 1969 4963 ipsius
1994 4877 2168 4947 musande

323 5029 503 5117 genitrice
527 5047 593 5098 sua
617 5011 847 5116 inclita'ipsa
870 5035 1000 5116 quarta
1023 5031 1125 5116 parte
1149 5028 1320 5098 musande
1344 5027 1493 5096 redeant
1515 5028 1560 5097 ad
1584 5031 1755 5115 potestate
1779 5027 1892 5115 ipsius
1917 5032 2110 5099 malrenolli
2132 5033 2167 5099 61

321 5185 364 5252 (16
387 5184 466 5254 6166
488 5185 636 5254 heredes
661 5185 699 5252 in
723 5185 787 5254 tali
813 5183 937 5252 ordine
953 5188 989 5252 et
1006 5186 1113 5271 ratic,
1131 5185 1224 5254 sicut
1241 5184 1318 5272 ipsa
1334 5186 1473 5255 cartula
1490 5187 1731 5272 continetque
1748 5187 1883 5274 scripta
1898 5192 1952 5256 est
1975 5209 2039 5276 per
2056 5211 2165 5261 manu

318 5334 469 5404 dilectus
493 5337 669 5423 presbiter
693 5341 729 5405 61
754 5341 929 5414 notarius,
955 5340 990 5405 et
1014 5335 1147 5405 ibidem
1173 5339 1306 5426 scripto
1323 5337 1375 5404 leo
1393 5339 1502 5407 iudex
1518 5343 1553 5407 et
1568 5338 1643 5410 aliu
1661 5339 1829 5409 leo.·Alia
1845 5341 1985 5413 cartula
1999 5343 2042 5411 de
2058 5343 2169 5430 septi·

320 5490 514 5560 medecimo
538 5511 633 5561 anno
657 5494 882 5581 principatus
906 5493 1024 5560 domni
1051 5493 1165 5560 nostri
1181 5493 1360 5579 guaimari
1377 5491 1531 5580 glorioso
1546 5491 1722 5581 principe,
1739 5513 1858 5563 mense
1874 5496 2076 5583 166661166,
2095 5502 2167 5566 ter-

319 5645 373 5714 tia
398 5644 618 5715 indictione:
643 5647 921 5717 benumdederat
942 5645 1131 5734 guisenolfi
1157 5631 1446 5715 (1616166611116
1471 5641 1575 5736 (616661
1605 5649 1746 5730 nemen)
1770 5647 2071 5718 166111666111666
2103 5647 2169 5721 su'a

318 5795 363 5866 de
389 5803 496 5868 rebus
521 5802 563 5870 de
589 5801 665 5869 locu
690 5801 876 5870 balnearia
899 5799 941 5867 de
966 5797 1045 5886 ipsu
1070 5799 1146 5868 locu
1170 5800 1347 5888 paretine,
1372 5801 1464 5889 qued
1494 5800 1569 5886 ipse
1603 5801 1822 5888 guisenollus
1858 5801 2036 5887 pertinuit
2060 5809 2171 5876 abere
