5370 7104
962 587 1074 660 ttssttl
1102 586 1156 656 DE
1184 585 1466 658 Tuttronntt's
2039 587 2083 660 t3

282 805 468 878 Dobbiamo
495 831 600 880 ancor
625 819 745 882 notare
774 808 945 904 inprime
972 810 1087 906 luogo,
1116 808 1178 880 cha
1205 809 1292 902 dopo
1319 808 1341 876 il
1368 832 1443 901 cap.
1473 805 1517 878 ot
1545 807 1610 898 (del
1638 808 1720 880 Cod.
1748 809 1905 898 cactos
1934 811 2128 903 [dell'Ediz.

286 1006 289 1019 ι
332 965 366 1034 di
393 962 480 1047 Col]
507 964 530 1034 il
557 975 676 1038 nostro
702 967 837 1062 Copista
865 967 983 1054 inserl,
1012 990 1031 1037 o
1058 988 1209 1060 nappura
1235 965 1565 1051 continuatarnente,
1586 967 1618 1038 la
1636 991 1780 1038 cronaca
1798 968 1830 1038 di
1850 970 1958 1042 laluni
1980 971 2131 1064 Impera·

299 1224 704 1236 -———-—————

277 1397 413 1460 brorum
436 1399 537 1459 huius
562 1400 688 1474 mundi,
714 1406 748 1461 et
772 1418 811 1460 ea
835 1399 1015 1461 novissima
1032 1404 1120 1459 terra
1136 1398 1186 1456 in·
1221 1397 1388 1461 dodrantis
1412 1423 1531 1464 nomen
1547 1404 1725 1482 accipiunt.
1751 1405 1792 1464 nt
1808 1405 1906 1464 huius
1923 1401 2125 1482 disciplinae

279 1551 425 1612 venitur.
450 1553 493 1615 Ut
514 1551 657 1634 incipias
682 1572 699 1614 a
723 1554 836 1626 coelo,
868 1554 1050 1616 secundum
1074 1571 1184 1613 aerem
1223 1556 1337 1631 regula
1360 1557 1519 1629 solvitur,
1545 1557 1631 1635 quod
1654 1557 1831 1637 plerosque
1854 1557 1966 1618 turbat
1989 1562 2126 1641 irnperi-

276 1717 589 1786 numereS,·aquam
613 1708 759 1780 tertiam,
785 1715 934 1788 quartam
959 1715 1095 1772 terrant.
1123 1712 1184 1783 Qui
1224 1715 1297 1768 tos:
1336 1711 1413 1788 quia
1442 1711 1614 1791 Philippus
1645 1712 1678 1770 in
1710 1711 1915 1791 expositione
1947 1711 2035 1772 beati
2067 1711 2126 1774 Iob

279 1858 378 1917 etiam
397 1856 431 1915 in
448 1857 654 1936 expositione
673 1858 851 1935 evangelii,
868 1861 925 1920 ubi
943 1863 1103 1940 scriptum
1123 1869 1185 1934 est,
1223 1871 1349 1923 aestum
1374 1865 1473 1924 maris
1491 1865 1611 1926 Oceani
1629 1865 1777 1942 quotidie
1794 1863 1846 1924 bis
1864 1863 1980 1924 venire
1997 1863 2127 1924 descri-

274 2017 348 2073 eral
372 2017 482 2072 aulem
498 2028 699 2090 parascevae
718 2013 873 2093 paschae,
893 2035 950 2076 ora
966 2019 1060 2096 quasi
1079 2025 1185 2082 sexta,
1223 2011 1330 2085 bens,
1356 2013 1545 2092 adjunxerit
1567 2013 1654 2074 hunc
1678 2014 1919 2094 aequinoctialis
1943 2015 2044 2074 borae
2069 2013 2126 2074 do-

278 2164 427 2227 Huiusce
451 2165 630 2246 discipline
654 2169 808 2230 meminit
837 2170 975 2245 dicens,
1001 2193 1064 2235 non
1096 2177 1186 2237 enim
1223 2163 1337 2226 drante
1363 2170 1578 2238 transmisso,
1602 2165 1729 2226 tardius
1754 2141 1834 2226 sine
1853 2165 2125 2238 intermissione,

278 2317 348 2386 iarn,
367 2317 468 2398 plena
491 2326 581 2380 sexta
606 2323 762 2396 erat‚sed
785 2325 880 2402 quasi
904 2331 1007 2386 sexta.
1025 2327 1115 2388 Idest
1130 2347 1188 2408 pe·
1222 2322 1291 2381 sive
1316 2321 1369 2381 die
1392 2322 1520 2390 venire,
1545 2321 1614 2380 slve
1638 2325 1745 2380 necle.
1765 2319 1865 2378 Porro
1889 2335 1948 2396 per
1964 2317 2027 2375 tria
2044 2315 2125 2394 quid

278 2483 369 2538 racta
392 2445 519 2556 quinta,
545 2488 578 2542 et
601 2480 727 2560 aliquid
743 2483 844 2542 etiam
867 2481 907 2544 de
924 2489 1018 2545 sexta
1041 2503 1115 2547 esse
1135 2505 1188 2546 ca·
1223 2469 1371 2530 dividere
1396 2470 1511 2548 cupis,
1536 2469 1668 2528 tertiam
1691 2473 1819 2546 partem
1840 2468 2018 2538 trientem»
2044 2470 2126 2531 duas

277 2633 384 2704 perat.
398 2629 566 2706 Numquid
583 2630 639 2690 isti
657 2628 809 2691 dicerent
825 2631 940 2708 quinta
956 2637 990 2692 et
1005 2630 1183 2709 quadrans,
1225 2624 1375 2684 residuas
1398 2623 1523 2682 bissem
1547 2621 1765 2701 nuncupabis.
1791 2620 1825 2680 Si
1849 2639 1908 2698 per
1931 2619 2005 2692 duo,
2031 2619 2128 2679 dimi—

280 2787 336 2840 aut
357 2781 473 2858 quinta
496 2787 530 2841 et
551 2783 651 2854 trien,
677 2787 732 2843 aul
754 2782 870 2860 quinta
899 2781 1011 2853 semis,
1038 2791 1093 2841 aut
1124 2779 1184 2840 ali·
1222 2789 1312 2848 dium
1335 2783 1436 2842 semis
1460 2777 1657 2860 appellatur.
1681 2775 1892 2854 (Duodecima
1916 2780 2025 2832 autem
2049 2791 2124 2852 pars

279 2929 359 3006 qnid
381 2929 581 2991 huiusmOdi·
1221 2939 1305 3000 assis
1329 2938 1398 2996 sive
1422 2935 1540 3004 librae,
1566 2937 1617 2992 est
1639 2932 1748 2992 uncia:
1763 2948 1847 3007 quae
1871 2929 1970 2988 habet
1987 2947 2126 3008 scrupu-

1223 3095 1269 3153 los
1292 3087 1573 3165 vigintiquatuor,
1599 3089 1632 3143 et
1654 3080 1799 3141 sextulas
1823 3098 1897 3150 sex,
1924 3097 1960 3138 ac
1984 3079 2124 3157 siliquas

1224 3253 1357 3312 centum
1381 3249 1414 3303 et
1436 3238 1651 3318 quadraginta
1673 3240 1824 3313 quatuor.
1850 3232 2048 3314 Scripulus‚
2076 3237 2129 3289 est

1218 3406 1328 3469 brevis
1352 3397 1512 3482 lapillus.)
1534 3398 1589 3459 Sic
1613 3403 1646 3456 et
1662 3399 1806 3464 caetera,
1824 3411 1906 3472 quae
1929 3393 2029 3452 verbo
2053 3412 2121 3453 me-

1218 3563 1282 3622 lius
1300 3557 1532 3636 colloquentis
1551 3573 1648 3632 quam
1672 3539 1851 3616 scribentis
1869 3551 1949 3628 slplo
1966 3549 2048 3612 disci
2066 3568 2122 3631 pa·

1217 3716 1299 3774 riter
1322 3721 1355 3773 et
1377 3711 1489 3772 doceri
1513 3714 1651 3788 queunt.
1675 3708 1758 3766 Item
1775 3708 1814 3766 dc
1828 3703 2034 3783 corporibus
2049 3705 2119 3764 sive

1218 3860 1433 3928 milliarium,
1468 3856 1538 3915 siue
1562 3852 1725 3922 stadium,
1751 3853 1820 3911 sive
1846 3851 2019 3927 iugerum,
2045 3851 2116 3912 sire

1215 4011 1389 4091 perticam,
1414 4011 1483 4070 sive
1508 4005 1608 4068 etiarn
1625 4005 1784 4077 cubitum,
1803 4004 1962 4086 pedemve
1980 4010 2036 4064 aut
2051 4003 2120 4085 pal-

1210 4187 1305 4248 ,mum
1327 4166 1444 4247 partiri
1462 4181 1542 4244 opus
1558 4161 1674 4233 habes,
1692 4161 1839 4241 praelata
1855 4161 1982 4220 ratione
2001 4157 2118 4220 facies.

1214 4287 1364 4394 Denique
1383 4321 1416 4374 et
1432 4315 1464 4373 in
1483 4311 1602 4382 Exodo,
1621 4310 1796 4370 dimidium
1820 4309 1923 4371 cubiti
1947 4308 2049 4368 semis
2066 4325 2120 4388 ap-

1216 4465 1370 4544 pellatur,
1387 4470 1541 4524 narrante
1558 4417 1679 4543 Moyse,
1704 4462 1790 4542 quod
1813 4461 1967 4523 habuerit
1979 4478 2054 4523 arca
2071 4464 2119 4520 te-

1216 4625 1370 4685 stamenti
1395 4624 1474 4684 duos
1491 4621 1593 4681 semis
1610 4619 1739 4681 cubitos
1758 4619 1988 4698 longitudinm,
2014 4626 2047 4680 et
2062 4639 2117 4680 cu-

1216 4782 1319 4840 bitum
1343 4797 1380 4840 ae
1403 4779 1577 4838 semissem
1601 4775 1798 4836 altitudinis
1823 4775 1864 4835 Et
1880 4777 1913 4833 in
1930 4773 2114 4852 evangelio,

1215 4943 1330 5016 quarta
1353 4951 1427 5015 pars
1451 4933 1550 4992 totius
1575 4929 1732 4991 mundani
1757 4931 1915 5006 corporis:
1935 4927 1967 4985 id
1984 4933 2034 4986 est
2050 4933 2117 4986 ter-

1219 5105 1263 5158 ra,
1289 5084 1424 5162 mystice
1449 5081 1642 5162 quadrantis
1667 5083 1799 5142 nominc
1824 5065 1990 5142 censetur:
2018 5097 2119 5157 quum

1219 5229 1375 5298 mittendo
1399 5235 1433 5294 in
1450 5249 1578 5312 poenam
1596 5233 1762 5312 peccatori
1780 5233 1916 5294 dicitur.
1939 5233 2010 5292 Non
2028 5233 2122 5292 exies

1219 5393 1305 5464 inde,
1331 5392 1434 5452 donec
1458 5389 1576 5450 reddas
1603 5390 1817 5450 novissimum
1835 5387 2063 5467 quadrantem:
2092 5386 2124 5445 id

1217 5554 1268 5608 est
1289 5547 1394 5608 donec
1418 5545 1489 5605 lues
1514 5551 1648 5605 terrena
1672 5551 1818 5623 peccata,
1843 5551 1878 5604 ul
1901 5545 1937 5605 Β.
1970 5543 2129 5620 Augusti-

1223 5716 1282 5761 nus
1306 5697 1450 5778 exponit:
1475 5698 1542 5757 Hoc
1560 5695 1647 5756 enim
1664 5695 1797 5776 (inquit)
1809 5703 1964 5776 peccator
1988 5693 2126 5766 audivit,

1223 5857 1324 5916 Terra
1341 5871 1390 5928 es,
1407 5857 1441 5912 et
1456 5853 1489 5911 in
1506 5858 1629 5912 terram
1648 5851 1849 5926 ibis.Quarta
1865 5852 2031 5930 siquidem
2048 5871 2124 5934 pars
