5370 7104
974 573 1085 642 unna
1115 532 1179 644 nn'
1197 575 1479 656 'rnrrronrnus
2049 593 2091 660 aa

197 899 201 910 Ι
293 791 317 859 ΙΙ
346 791 453 885 lungo
481 793 645 878 Trattato,
675 793 738 864 clio
766 792 807 862 lra
834 818 894 888 par
919 796 1030 868 titolo:
1065 795 1194 869 isidori
1219 797 1370 896 Episcopi
1396 802 1436 873 de
1461 807 1591 878 boariae
1620 821 1651 880 et
1671 811 1828 903 partibus
1862 814 1945 903 ejus,
1975 813 2142 908 principia

341 949 454 1024 subito
481 951 569 1046 dopo
596 963 716 1046 questo
743 953 890 1050 capitolo
916 955 956 1026 dc
983 957 1084 1028 ltalia
1111 968 1210 1044 etc,
1255 983 1273 1030 a
1308 961 1427 1034 ssnisce
1457 965 1488 1034 al
1517 933 1607 1036 nono
1635 967 1708 1058 rigo
1736 933 1795 1039 dcl
1818 969 1924 1063 foglio
1953 972 2020 1043 liiii
2054 983 2141 1044 ructo

343 1111 545 1205 occrrpando
572 1111 698 1204 nrrglio
726 1111 788 1184 clio
815 1124 900 1186 setta
929 1114 1029 1185 interi
1056 1115 1152 1210 fogli.
1182 1118 1253 1186 lndi
1294 1119 1439 1213 sioguc:
1476 1123 1656 1218 Scarparua
1690 1149 1733 1194 aa
1768 1125 1932 1199 Chronico
1972 1132 2138 1225 Oriqraia.

290 1406 560 1418 ————-——-
568 1409 715 1416 ..μ-*-

292 1609 306 1643 u
324 1587 484 1647 universa
507 1589 678 1664 consurgit
701 1607 718 1648 a
739 1587 827 1667 jugis
851 1589 974 1670 alpium
999 1598 1150 1672 porrecta
1174 1592 1213 1651 ad
1237 1592 1365 1670 regium
1399 1593 1524 1654 vertice
1550 1600 1582 1654 et
1614 1593 1712 1656 litora
1733 1597 1916 1676 pretiorum
1938 1599 2006 1678 (sic)
2031 1600 2140 1680 (litora

289 1758 303 1792 «
325 1731 558 1816 brutiorum‘l).
584 1737 673 1808 Quae
692 1736 725 1795 in
743 1737 825 1796 mari
850 1737 1023 1798 meridiem
1049 1756 1164 1798 versus
1181 1736 1401 1816 protenditur.
1422 1738 1500 1800 Inde
1519 1737 1703 1818 procedens
1728 1738 1887 1818 paulatim
1906 1759 1941 1800 se
1960 1742 2138 1820 apennino

291 1903 304 1938 a
325 1883 443 1941 montis
467 1879 562 1941 dorso
586 1881 717 1954 attollit,
743 1887 880 1944 extensa
897 1882 985 1944 inter
1004 1883 1155 1944 thuscum
1175 1889 1208 1942 et
1224 1883 1429 1952 adriaticum,
1457 1882 1543 1942 idest
1560 1884 1647 1943 inter
1665 1901 1847 1963 supernum
1870 1892 2013 1946 marcet
2036 1887 2139 1948 inser-

291 2054 304 2085 ι
324 2049 412 2091 num.
438 2029 632 2108 Similisque
656 2021 783 2108 querno
801 2031 892 2104 folio,
911 1993 1043 2093 scilicet
1066 2032 1265 2111 proceritate
1290 2031 1429 2110 amplior
1452 2049 1548 2110 quam
1567 2031 1755 2092 latitudine.
1774 2033 1836 2094 Ubi
1855 2033 1985 2110 longius
2010 2035 2079 2095 abit
2103 2035 2136 2095 in

290 2199 304 2232 a
324 2194 446 2236 cornua
463 2175 525 2236 duo
542 2175 707 2236 scinditur
730 2195 869 2254 quorum
892 2177 1033 2238 alterum
1051 2178 1176 2237 ionium
1193 2185 1320 2256 spectat
1335 2196 1471 2255 aequor,
1490 2177 1632 2240 alterum
1647 2177 1803 2240 siculum.
1819 2179 1910 2240 Inter
1926 2199 2006 2257 quas
2018 2181 2138 2260 promi-

291 2345 310 2378 «.
326 2279 455 2384 nentias
473 2342 536 2382 non
553 2343 618 2383 uno
641 2323 790 2400 margine
815 2341 992 2386 accensum
1016 2322 1177 2382 insinuati
1195 2322 1272 2384 lreti
1290 2323 1411 2402 recipit
1426 2324 1485 2382 sed
1503 2323 1626 2418 linguis
1643 2324 1802 2404 proiectis
1820 2326 1932 2405 sepius
1950 2345 1986 2388 ac
2004 2346 2139 2406 procur·

290 2494 304 2527 u
324 2469 475 2530 rentibus
499 2469 691 2529 distinctum
716 2469 934 2548 promuntorii
958 2467 1096 2548 pelagus
1120 2470 1251 2566 accipit.
1269 2468 1317 2528 Ibi
1336 2475 1392 2528 aut
1407 2469 1521 2529 obbias
1539 2464 1695 2550 (obuiusi)
1718 2469 1844 2548 passim
1868 2477 2019 2532 notemus
2043 2492 2136 2536 arces

292 2641 305 2676 u
326 2617 486 2698 talentine
511 2618 579 2698 (sic)
601 2618 819 2696 (salentiaci),
846 2615 993 2676 scilacea
1013 2617 1105 2692 regio
1129 2635 1201 2676 cum
1226 2614 1301 2674 sille
1326 2614 1442 2693 oppido
1466 2621 1499 2675 et
1521 2615 1623 2675 cratei
1649 2617 1670 2694 ¹)
1700 2614 1738 2676 dc
1757 2618 1893 2678 llumine
1912 2618 2006 2678 scille
2032 2625 2136 2680 matre

290 2787 304 2821 u
323 2769 358 2824 ut
379 2768 526 2824 uetustas
551 2762 697 2823 tabulata
714 2767 775 2822 est.
793 2761 932 2838 Reginis
949 2763 1051 2821 saltus
1069 2769 1206 2838 pestane
1224 2759 1339 2820 valles.
1358 2761 1514 2820 Sirenum
1530 2778 1607 2820 saxa
1624 2761 1860 2838 amenissimus
1878 2763 2055 2842 Campania
2073 2771 2139 2825 tra·

290 2935 303 2968 u
322 2915 406 2970 ctus.
432 2908 565 2987 Flagrei
590 2909 802 2987 campi-circe
827 2906 941 2968 domus
965 2908 1132 2989 terracina
1156 2906 1265 2966 insula
1289 2912 1363 2965 ante
1388 2907 1581 2968 circumflua
1605 2909 1767 2968 immenso
1791 2909 1886 2980 mari,
1912 2925 1999 2972 nune
2016 2929 2073 2971 evo
2090 2916 2140 2972 ni-

289 3079 303 3112 a
323 3059 412 3115 tenta
437 3053 547 3114 addita
569 3053 754 3116 continenti
779 3051 1009 3129 diversamque
1035 3051 1197 3111 fortunam
1223 3070 1240 3110 a
1263 3052 1390 3128 reginis
1415 3061 1561 3132 experta,
1581 3072 1661 3130 quos
1679 3055 1801 3114 fretum
1825 3053 1971 3115 medium
1989 3074 2006 3114 a
2022 3056 2138 3118 siculis

289 3225 303 3260 a
322 3203 352 3262 vi
376 3199 529 3272 abscidit,
554 3200 690 3260 formiae
714 3198 813 3257 etiam
838 3196 1076 3273 lestrigonibus
1100 3197 1224 3258 habite.
1248 3198 1349 3258 Multa
1371 3204 1525 3277 preterea
1540 3199 1794 3278 patientissimis
1813 3201 1956 3278 ingeniis
1974 3201 2138 3262 edisserat

289 3369 304 3404 u
322 3365 405 3424 quae
420 3344 586 3426 preterire
602 3361 699 3422 quam
718 3341 859 3400 inferius
884 3342 1001 3417 exequi
1021 3341 1124 3402 tutius
1142 3341 1306 3402 duximus.
1321 3343 1444 3404 Verum
1460 3345 1574 3406 ltaliae
1591 3345 1759 3422 longitudo
1775 3364 1859 3423 quae
1877 3347 1916 3406 ah
1934 3353 2047 3423 agusta
2063 3366 2137 3427 pre-

288 3517 303 3552 «
323 3493 405 3554 toria
420 3511 481 3572 per
497 3489 615 3550 urbem
638 3505 842 3567 capuamque
865 3487 1047 3566 porrigitur
1071 3505 1175 3564 usque
1193 3488 1231 3548 ad
1249 3489 1402 3567 oppidum
1419 3491 1561 3567 regium,
1580 3491 1693 3552 decies
1711 3497 1843 3552 centurn
1860 3497 1893 3552 et
1908 3492 2023 3568 viginti
2042 3494 2133 3554 mille

288 3655 437 3718 «passus
460 3635 598 3712 colligit.
623 3633 774 3694 Latitudo
790 3632 846 3692 ubi
864 3631 1044 3711 plurimum
1068 3630 1312 3708 quadringenta
1335 3633 1463 3704 decem,
1481 3634 1538 3693 ubi
1555 3635 1729 3694 minimum
1753 3641 1885 3696 centurn
1904 3636 2040 3711 triginta
2063 3655 2132 3697 sex.

287 3809 302 3844 u
320 3785 498 3845 Artissima
513 3787 565 3842 est
581 3780 619 3840 ad
642 3785 772 3860 portum
789 3795 872 3854 quae
890 3777 1055 3837 annibalis
1079 3781 1186 3838 castra
1209 3777 1364 3838 dicuntur
1386 3779 1422 3858 ²),
1447 3796 1554 3856 neque
1574 3779 1664 3839 enim
1680 3779 1803 3840 excidit
1818 3780 2060 3858 quadringenta
2076 3783 2136 3842 mi-

288 3951 302 3986 «
322 3927 377 3988 lia.
400 3925 616 3990 Umbillicum
634 3930 670 3984 ut
683 3941 778 3983 varro
802 3921 901 3981 tradit
924 3925 957 3981 in
981 3939 1057 3996 agro
1080 3921 1209 3982 reatino
1232 3921 1344 3983 habet.
1369 3923 1412 3982 At
1427 3922 1460 3982 in
1477 3921 1620 3984 solidum
1642 3925 1785 4004 spatium
1808 3893 1955 3986 univelsi
1973 3926 2134 3988 circuitus

287 4097 302 4132 u
327 4075 433 4138 vicies
449 4072 646 4152 quadragies
664 4070 780 4130 nobies
797 4075 937 4130 centena
953 4074 1040 4132 sunt.
1057 4066 1093 4126 In
1111 4086 1174 4145 quo
1198 4067 1323 4128 ambitu
1346 4067 1484 4128 adversa
1506 4067 1706 4129 locrentiurn
1729 4067 1837 4130 fronte
1859 4076 1949 4130 ortus
1974 4070 2134 4148 agadibus

288 4243 301 4278 a
326 4219 383 4300 sic)
398 4221 431 4300 (α
443 4214 605 4300 gadibuslt
628 4217 743 4278 sinitur
766 4234 888 4294 europe
911 4215 1039 4295 primus
1062 4215 1168 4274 sinus,
1192 4215 1274 4274 Nam
1298 4213 1465 4273 secundus
1488 4212 1630 4274 alcionio
1654 4213 1843 4294 auspicatus
1869 4215 1902 4274 in
1918 4233 2019 4294 augro
2043 4235 2135 4278 cera·

285 4391 300 4424 a
325 4366 414 4426 uniis
437 4365 505 4447 (sic)
526 4357 803 4446 (acroceraunua‘ll
816 4354 840 4441 ³)
863 4365 982 4421 metam
1005 4359 1117 4421 babet.
1136 4359 1283 4420 adhaec
1307 4358 1402 4420 Italia
1418 4360 1499 4440 pado
1516 4360 1605 4422 clara
1620 4327 1682 4434 est,
1701 4379 1798 4440 quern
1816 4379 1910 4423 mons
1926 4361 2062 4424 vesulus
2079 4382 2135 4424 su-

293 4645 717 4662 ...—---——-——-—··

325 4855 347 4942 ⁴)
371 4861 511 4932 CrateiS,
536 4879 553 4920 ο
577 4858 905 4920 Gratius—Fiumara
929 4855 980 4914 del
1005 4855 1105 4924 Moru,
1130 4855 1153 4912 s.
1180 4855 1213 4913 in
1237 4853 1399 4913 Calabria.

323 5009 345 5087 ²)
370 5031 384 5066 u
413 5006 527 5068 Castro
550 5004 754 5073 d'Annibale,
780 5007 873 5081 porto
897 4999 983 5059 della
1004 4998 1246 5075 llagnagrecia,
1270 4997 1391 5056 situato
1416 4995 1503 5057 nelle
1528 4998 1697 5058 vicinauze
1721 4997 1753 5056 di
1771 4997 1948 5076 Squillace,
1973 4999 2060 5059 nella
2076 5019 2133 5080 pe·

286 5179 301 5213 u
328 5155 432 5217 nisola
457 5159 595 5218 formata
618 5151 670 5211 dai
695 5150 771 5227 golsr
795 5147 958 5210 Scillaceo
983 5167 999 5207 e
1024 5147 1213 5207 Tarantino.
1249 5145 1369 5203 Alcuni
1393 5145 1536 5220 geograsr
1562 5143 1732 5219 vogliono,
1764 5143 1825 5204 che
1849 5148 1964 5225 occupi
1989 5148 2010 5206 il
2036 5149 2130 5226 luogo

287 5327 301 5361 u
331 5300 519 5362 dell'antica
546 5299 714 5366 Clausoro,
740 5312 798 5352 ove
824 5291 845 5352 il
870 5292 1078 5366 cartaginese
1103 5288 1267 5349 Annibale
1292 5296 1391 5349 stette
1415 5309 1474 5369 per
1497 5291 1552 5368 piri
1578 5292 1661 5348 mesi
1685 5297 1872 5369 accampato
1896 5291 1944 5350 col
1965 5309 2023 5352 suo
2041 5314 2132 5356 eser-

285 5472 299 5507 «
328 5448 405 5510 cito.
432 5467 447 5503 a
470 5443 508 5506 G.
534 5445 570 5504 B.
595 5439 767 5520 Rampoldi
793 5439 925 5512 Corogr.
948 5434 1120 5494 dell’ltalia
1142 5433 1180 5494 V.
1205 5433 1230 5493 I.
1255 5454 1286 5513 p.
1311 5434 1384 5494 584.

323 5595 346 5674 ³)
372 5616 386 5652 u
411 5591 681 5660 Acroceraunia,
707 5581 949 5668 ἀκροκεράυνια,
979 5587 1105 5642 montes
1129 5582 1283 5641 altissimi
1308 5581 1396 5641 inter
1418 5581 1591 5643 Albaniam
1617 5589 1650 5643 et
1672 5581 1835 5662 Epirum,
1869 5585 1925 5662 qui
1951 5587 2087 5666 Epirum
2111 5607 2130 5650 a

283 5765 299 5800 u
322 5739 514 5802 Macedonia
537 5739 717 5816 separant,
751 5736 783 5793 et
805 5729 901 5805 vulgo
924 5727 1080 5788 dicuntur
1103 5733 1230 5786 montes
1253 5727 1408 5800 Diaboli,
1434 5735 1467 5789 et
1488 5728 1591 5790 Monti
1613 5729 1698 5791 della
1722 5730 1895 5805 Clrinaera,
1931 5751 1949 5791 a
1975 5734 2130 5797 Chimera

283 5909 299 5945 (ι
325 5886 407 5948 urbe
432 5883 500 5946 illis
524 5875 716 5942 insidente*
738 5874 824 5936 Dicti
848 5877 925 5932 sunt
947 5870 1040 5950 quasi
1066 5871 1184 5947 ignitas
1208 5871 1369 5934 trabentes
1394 5893 1410 5933 a
1434 5872 1630 5935 fulminibus
1653 5877 1886 5949 summitates,
1911 5878 1987 5955 quia
2010 5879 2130 5943 crebro
