5466 7106
625 556 710 642 loo,
1254 559 1428 636 GODEX
1462 557 1731 632 GAVENSIS

569 778 676 851 dibus
700 800 763 871 per
787 784 903 853 omnis
925 802 1062 855 annum
1084 784 1303 857 vindemiare
1318 789 1394 858 tota
1410 787 1619 874 supradicta
1633 789 1688 855 est
1703 784 1883 873 tradictio‚
1905 787 1943 855 et
1958 803 2077 874 poma,
2092 787 2124 856 si
2147 785 2305 876 abuerit,
2324 787 2425 860 illam

570 932 755 1024 colligere,
777 937 880 1007 etde
903 938 1018 1007 omnis
1041 937 1166 1007 vinum
1188 943 1225 1009 et
1246 958 1351 1028 poma
1373 940 1504 1010 exinde
1527 941 1735 1011 annualiter
1758 939 1887 1012 inclita
1910 940 2100 1011 medietate
2123 961 2187 1031 per
2216 940 2334 1010 omnis
2358 962 2424 1014 an·

574 1105 662 1156 num
686 1090 768 1159 inde
791 1091 900 1160 deant
922 1090 968 1160 ad
990 1091 1067 1179 ipso
1089 1092 1248 1181 missum,
1273 1095 1472 1181 etreliqua
1495 1093 1686 1164 medietate
1709 1095 1792 1164 inde
1816 1093 1886 1162 sibi
1909 1097 2036 1183 abeat,
2061 1099 2098 1164 et
2121 1095 2199 1183 ipsa
2227 1095 2422 1165 medietate

568 1241 612 1313 de
635 1243 712 1332 ipso
735 1245 819 1313 vinc
841 1243 992 1332 predicti
1015 1249 1068 1314 est
1091 1248 1301 1316 monasterii
1324 1267 1387 1334 per
1410 1248 1526 1317 omnis
1549 1267 1700 1336 annum,
1724 1251 1786 1337 qui
1800 1249 1847 1319 da
1863 1249 1944 1319 illut
1958 1250 2005 1318 ad
2021 1251 2138 1336 ipsum
2152 1250 2300 1319 missum
2315 1251 2423 1318 bene-

568 1399 630 1488 rit,
654 1419 735 1468 cum
757 1417 821 1468 suo
843 1399 1058 1488 expendium
1082 1401 1163 1470 illut
1186 1406 1329 1490 portare
1351 1403 1398 1472 ad
1420 1403 1536 1491 ipsum
1559 1403 1746 1474 cellarium
1770 1404 1883 1490 ipsius
1906 1403 2115 1472 monasterii
2139 1407 2175 1472 et
2191 1403 2321 1472 midtat
2336 1403 2420 1472 illut

569 1551 609 1622 in
634 1552 711 1640 ipso
733 1556 956 1642 horganeum
982 1557 1074 1644 quod
1089 1556 1151 1627 ille
1166 1557 1399 1645 conciaberit‚
1422 1559 1468 1628 ad
1484 1558 1687 1628 faciendum
1703 1558 1833 1627 exinde
1848 1577 1933 1646 pars
1944 1557 2097 1646 predicti
2112 1557 2309 1626 monasteri
2327 1559 2424 1644 quod

567 1707 735 1779 boluerit.
761 1711 807 1780 Et
829 1711 873 1780 de
895 1712 990 1800 quod
1012 1713 1221 1783 annualiter
1244 1713 1370 1783 amodo
1384 1719 1421 1784 et
1435 1733 1572 1802 semper
1585 1715 1624 1783 in
1641 1714 1803 1802 predicta
1818 1712 2295 1800 tradictioneseminaberit,
2314 1713 2424 1783 deant

567 1864 651 1934 inde
674 1866 883 1936 terraticum
906 1866 952 1936 ad
975 1868 1052 1954 ipso
1074 1868 1223 1953 missum
1246 1867 1367 1954 ibique
1390 1869 1431 1935 in
1452 1866 1531 1954 ipsa
1565 1871 1671 1936 rebus
1705 1868 1901 1936 secuudum
1932 1867 2225 1936 consuetudinem
2262 1865 2306 1935 de
2347 1865 2423 1954 ipso

565 2017 695 2108 locum;
719 2023 757 2089 et
779 2038 891 2108 usque
914 2023 999 2091 dum
1023 2024 1229 2094 annualiter
1253 2024 1330 2111 ipso
1353 2021 1499 2090 missum
1522 2039 1587 2109 pro
1604 2024 1683 2108 ipsa
1698 2021 1880 2090 vindemia
1904 2020 1954 2088 ibi
1977 2021 2130 2107 steterit,
2155 2019 2216 2088 ille
2247 2036 2327 2087 eum
2354 2037 2420 2087 nu·

567 2175 715 2265 tricare,
739 2177 833 2246 sicut
855 2177 989 2247 iustum
1013 2177 1124 2250 suerit
1146 2178 1340 2247 secundum
1363 2196 1465 2246 suam
1487 2173 1773 2265 possivilitatem,
1798 2176 1835 2242 et
1850 2191 1913 2260 per
1931 2173 2047 2242 omnis
2068 2147 2206 2244 annum
2221 2172 2423 2259 palmenta·

566 2331 678 2401 ticam
700 2331 773 2402 had
797 2329 913 2419 ipsum
936 2330 1085 2400 missum
1107 2333 1216 2402 deant
1238 2331 1431 2400 secundum
1455 2330 1749 2399 consuetudinem
1780 2328 1824 2398 de
1846 2329 1923 2417 ipso
1946 2330 2074 2398 locum.
2100 2329 2200 2399 Unde
2223 2329 2263 2396 in
2298 2348 2340 2398 eo
2363 2346 2420 2397 or-

564 2484 688 2555 dinem
710 2504 773 2572 per
796 2484 1047 2555 conbenientia
1069 2483 1203 2573 guadia
1227 2484 1317 2553 mihi
1340 2485 1415 2570 ipse
1438 2483 1665 2571 supradictus
1688 2484 1973 2573 ermengnardus
1996 2483 2105 2571 dedit,
2127 2485 2163 2550 et
2185 2481 2422 2552 mediatorem

565 2643 657 2714 mihi
679 2641 798 2731 posuit
820 2659 996 2730 sparanus
1019 2640 1115 2709 filius
1137 2641 1316 2730 quondam
1339 2641 1489 2709 iohanni
1512 2644 1556 2711 de
1580 2644 1655 2728 ipso
1679 2641 1807 2729 locum;
1832 2647 1869 2710 et
1892 2659 1955 2729 per
1979 2643 2058 2729 ipsa
2081 2641 2216 2728 guadia
2233 2639 2419 2727 ¹obligauit

565 2813 613 2864 se
628 2800 664 2864 et
686 2795 760 2862 suis
783 2793 971 2882 eredibus‚
1011 2799 1050 2863 ut
1081 2797 1200 2882 preter
1234 2795 1340 2884 quale
1363 2798 1521 2884 tempore
1545 2793 1624 2882 ipsa
1647 2795 1815 2866 tradictio
1838 2795 1877 2863 in
1900 2793 2059 2883 predicto
2083 2795 2207 2863 ordine
2230 2797 2353 2862 tenere
2380 2798 2417 2861 et

565 2947 730 3022 laborare
753 2967 825 3018 non
849 2950 1016 3040 boluerit,
1040 2956 1076 3021 et
1090 2951 1141 3020 sic
1157 2952 1240 3021 inde
1255 2952 1301 3022 ad
1318 2970 1403 3039 pars
1418 2951 1570 3040 predicti
1585 2953 1794 3022 monasterii
1818 2949 2028 3038 adimplere,
2051 2951 2144 3019 sicut
2167 2948 2421 3036 supradictum

565 3109 634 3193 est,
649 3109 735 3175 tunc
758 3105 820 3174 ille
843 3108 972 3176 eteius
988 3107 1109 3176 eredes
1125 3110 1201 3177 tota
1216 3111 1253 3176 et
1268 3107 1395 3177 inclita
1411 3105 1616 3194 supradicta
1631 3107 1798 3177 tradiotio
1819 3108 1859 3174 in
1873 3106 2040 3175 iamdicto
2056 3105 2180 3172 ordine
2197 3103 2417 3190 laboratam,

566 3263 603 3330 et
624 3262 822 3349 operatam,
845 3262 882 3328 et
905 3259 1080 3330 cultatem
1102 3261 1271 3330 remidtat
1293 3261 1339 3330 ad
1360 3263 1533 3348 potestate
1556 3260 1709 3349 predicti
1732 3259 1966 3349 monasterii,
1989 3259 2035 3329 ad
2058 3258 2262 3327 iaciendum
2283 3255 2420 3325 exinde

566 3415 660 3502 qnod
683 3413 850 3504 boluerit,
872 3419 908 3485 et
931 3414 1038 3485 liceat
1060 3413 1144 3484 illut
1166 3415 1250 3484 inde
1271 3414 1373 3486 exire
1395 3434 1476 3483 cum
1499 3413 1613 3482 omnis
1636 3431 1702 3482 sua
1724 3430 1833 3482 causa
1854 3409 2003 3480 mobilia
2025 3415 2060 3478 et
2075 3409 2192 3479 redita
2208 3409 2240 3476 si
2256 3409 2416 3494 abuerit;

436 3549 443 3562 ’
566 3571 662 3657 quod
684 3569 716 3638 si
738 3573 803 3640 cto.
828 3573 973 3640 Statura
995 3573 1129 3641 maura
1149 3574 1285 3658 viginti
1305 3571 1392 3638 auri
1414 3568 1608 3638 solidorum
1634 3567 1874 3635 Constantini.
1897 3569 1933 3634 et
1947 3581 2017 3632 unc
2033 3563 2177 3631 brebem
2200 3563 2333 3650 scripsi
2352 3581 2420 3650 ego

569 3729 693 3814 petrus
715 3727 891 3815 presbiter
914 3729 951 3795 et
974 3728 1138 3797 notarius
1161 3723 1224 3814 qui
1247 3722 1408 3794 interfui.

615 3853 647 3970 †
672 3881 748 3969 Ego
771 3885 912 3951 amatus
935 3882 1109 3970 presbiter

614 4005 646 4122 †
671 4035 746 4124 Ego
769 4033 834 4105 loo.

1360 4687 1587 4772 DCGIX.

1339 4960 1397 5036 A.
1423 4953 1474 5034 D.
1502 4951 1628 5035 1028,

613 5205 713 5348 †ln
736 5255 877 5324 nomine
899 5254 1034 5322 domini
1060 5251 1246 5322 undecimo
1268 5268 1364 5321 anno
1399 5249 1620 5336 principatus
1655 5245 1775 5313 domni
1811 5243 1925 5310 nostri
1961 5241 2155 5329 guaimarii
2192 5237 2258 5304 lilii
2296 5234 2415 5303 domni

566 5413 763 5501 guaimari,
787 5409 936 5500 gloriosi¹
956 5407 1192 5498 principibus,
1210 5423 1331 5476 mense
1344 5401 1548 5488 ianuarias,
1563 5399 1771 5470 duodecima
1787 5395 1994 5464 indictione.
2009 5393 2299 5462 Memoratorium
2315 5391 2411 5458 lactu

564 5587 588 5637 a
613 5586 670 5636 me
693 5567 888 5636 musandus
911 5564 968 5633 dei
990 5565 1112 5651 gratia
1135 5561 1245 5630 abbas
1268 5557 1477 5626 monasterii
1493 5560 1615 5624 sancte
1631 5553 1732 5639 sude,
1749 5552 1809 5639 qui
1829 5554 1939 5619 situm
1961 5555 2015 5617 est
2039 5547 2137 5616 intus
2153 5551 2248 5616 banc
2264 5542 2416 5614 salerni-

567 5723 693 5789 tanam
715 5718 899 5788 civitatem
922 5716 984 5803 qui
1008 5714 1076 5782 fuit
1099 5714 1335 5802 pertinentem
1359 5709 1501 5777 cuidam
1523 5704 1679 5794 guaiferi
1697 5702 1770 5772 filio
1787 5703 1880 5770 idem
1898 5697 2057 5788 gualieri
2081 5697 2236 5782 comitis,
2261 5714 2302 5763 eo
2325 5695 2419 5782 quod

566 5877 653 5944 ante
678 5873 868 5959 subscripti
892 5875 1011 5958 testes,
1037 5887 1108 5937 una
1134 5885 1269 5934 mecum
1286 5865 1423 5934 adesset
1441 5867 1562 5949 petrus
1579 5859 1768 5929 adbocator
1792 5857 1903 5944 ipsius
1927 5852 2148 5939 monasterii,
2174 5850 2307 5922 tradidi
2332 5855 2416 5937 gui-
