5414 7098
646 505 691 572 til
1276 504 1451 579 CODEX
1494 505 1760 580 CAVENSIS

599 730 710 799 abbas
733 729 846 817 ipsius
869 732 1015 804 ecclesie
1037 783 1046 822 ,
1071 738 1107 803 et
1129 753 1192 821 per
1228 734 1306 804 eius
1337 733 1611 805 demandatione
1633 732 1769 804 tradidi
1793 733 1942 802 iohanni
1966 732 2009 800 dc
2034 733 2150 801 locum
2177 736 2356 824 nuceria,
2379 737 2459 806 filio

600 881 778 967 quondam
802 882 945 971 sellicti,
968 884 1013 954 ad
1037 885 1230 954 tenendum
1253 889 1353 955 terra
1374 887 1613 974 pertinentem
1638 886 1750 976 ipsius
1773 885 1921 956 ecclesie
1945 886 1989 955 de
2012 885 2173 974 predicto
2198 887 2314 956 locum
2337 905 2446 959 nuce·

600 1035 671 1122 ria,
695 1036 756 1140 ubi
782 1036 826 1106 ad
851 1035 971 1126 agella
994 1035 1141 1124 dicitur,
1166 1037 1258 1124 quod
1281 1038 1359 1125 ipsa
1383 1042 1481 1109 terra
1505 1037 1580 1126 ipse
1604 1039 1777 1108 iohannes
1800 1055 1863 1124 per
1887 1035 2072 1107 licentiam
2088 1039 2135 1108 da
2152 1037 2226 1126 ipso
2244 1041 2375 1110 abbate
2391 1041 2451 1109 in-

600 1189 744 1258 sitetum
769 1190 902 1259 factum
927 1192 1009 1260 abet
1032 1189 1075 1258 de
1099 1190 1232 1260 inserte
1256 1192 1456 1260 etrubulie
1479 1193 1580 1262 etde
1604 1197 1784 1280 castanee,
1808 1192 1870 1278 qui
1884 1190 2017 1260 dicitur
2041 1193 2194 1279 roncale,
2212 1194 2306 1281 quod
2323 1212 2390 1282 ego
2405 1195 2446 1265 in
2473 1178 2478 1187 ¹

599 1343 813 1412 beneficium
837 1347 940 1410 teneo
963 1343 1009 1411 da
1032 1360 1116 1430 pars
1141 1341 1256 1431 ipsius
1279 1343 1428 1414 ecclesie
1452 1365 1515 1433 per
1540 1364 1579 1414 ec
1603 1347 1685 1414 finis
1708 1351 1743 1415 et
1779 1345 1989 1416 mensoria:
2018 1366 2041 1415 a
2075 1365 2158 1434 pars
2191 1345 2343 1415 orientis
2378 1348 2454 1417 fine·

603 1496 715 1585 ipsius
738 1497 897 1584 ecclesie,
924 1498 1006 1568 inde
1029 1499 1126 1586 passi
1151 1499 1396 1587 quadraginta
1419 1500 1608 1587 quadtuor;
1621 1504 1657 1569 et
1679 1500 1726 1569 da
1749 1500 1831 1568 inde
1854 1518 2008 1588 paucum
2030 1499 2181 1569 saliente
2199 1502 2237 1568 in
2263 1519 2347 1588 pars
2365 1519 2444 1589 sep-

600 1653 803 1724 temtrionis
826 1672 889 1740 per
913 1653 985 1722 fine
1009 1653 1122 1740 ipsius
1145 1653 1292 1723 ecclesie
1316 1654 1399 1723 inde
1423 1653 1520 1740 pessi
1543 1651 1741 1738 duodecim;
1765 1656 1800 1720 et
1823 1652 1869 1722 da
1884 1651 1966 1719 inde
1981 1652 2112 1720 iterum
2129 1652 2332 1721 rebolbente
2351 1653 2456 1722 circa

598 1811 670 1878 fine
695 1810 809 1898 ipsius
832 1810 979 1878 ecclesie
1002 1809 1040 1877 in
1065 1829 1150 1896 pars
1172 1810 1366 1878 occidentis
1389 1810 1486 1898 passi
1510 1810 1752 1899 quadraginta
1773 1829 1850 1898 sex,
1874 1815 1911 1879 et
1932 1810 1978 1880 da
2001 1810 2085 1879 inde
2107 1829 2263 1898 paucum
2292 1811 2446 1880 saliente

599 1965 637 2030 in
661 1981 746 2052 pars
770 1961 964 2032 occidentis
987 1962 1083 2049 passi
1107 1961 1239 2049 decem;
1265 1965 1300 2030 et
1324 1961 1371 2030 da
1394 1961 1477 2030 inde
1500 1962 1704 2032 rebolbente
1728 1983 1790 2051 per
1814 1965 1885 2033 fine
1909 1964 2019 2051 ipsius
2042 1963 2188 2033 ecclesie
2213 1965 2252 2030 in
2275 1982 2360 2051 pars
2376 1981 2450 2032 me-

598 2115 691 2184 ridie
713 2115 809 2203 passi
834 2117 1027 2204 sexaginta
1050 2121 1086 2184 et
1109 2117 1275 2203 gubitum
1299 2136 1437 2204 unum3
1461 2121 1497 2186 et
1520 2117 1566 2186 da
1590 2119 1672 2188 inde
1696 2120 1825 2190 iterum
1849 2118 2055 2186 rebolbente
2078 2122 2115 2186 et
2141 2115 2377 2186 descendente
2404 2116 2446 2184 in

597 2290 683 2356 pars
707 2270 854 2338 orientis
877 2289 940 2357 per
964 2271 1034 2338 fine
1060 2270 1172 2357 ipsius
1195 2270 1342 2339 ecclesie
1366 2272 1461 2358 passi
1486 2271 1663 2342 decernet
1686 2275 1850 2360 gubitum
1874 2290 1986 2340 unum
2007 2322 2017 2359 ,
2047 2275 2168 2340 tamen
2204 2272 2242 2339 in
2267 2273 2340 2340 ista
2362 2289 2453 2359 pars

597 2431 684 2495 sunt
707 2429 802 2514 passi
826 2423 1085 2513 quadraginta3
1111 2431 1146 2496 et
1168 2427 1215 2496 da
1239 2425 1321 2496 inde
1345 2395 1476 2495 iterum
1499 2425 1702 2496 rebolbente
1726 2427 1765 2493 in
1788 2444 1872 2513 pars
1895 2425 2044 2494 meridie
2069 2445 2131 2513 per
2155 2426 2226 2495 fine
2251 2425 2363 2512 ipsius
2387 2446 2449 2495 ec·

594 2578 702 2647 clesie
726 2582 809 2648 sunt
831 2577 899 2667 ipsi
922 2581 1043 2648 decem
1066 2580 1163 2665 passi
1187 2583 1223 2648 61
1246 2579 1413 2666 gubitum
1436 2599 1561 2666 unum3
1586 2583 1622 2647 61
1645 2581 1692 2649 (16
1715 2580 1797 2648 inde
1820 2580 2057 2648 descendente
2071 2579 2109 2647 in
2133 2600 2217 2668 pars
2239 2581 2390 2648 orientis
2406 2585 2445 2650 et

597 2733 838 2824 coniungente
862 2734 900 2801 in
925 2733 1003 2820 ipsa
1026 2733 1145 2821 priore
1169 2734 1239 2800 fine
1262 2738 1347 2801 sunt
1368 2733 1465 2819 passi
1488 2735 1644 2820 triginta
1666 2753 1730 2802 sex
1752 2739 1787 2803 et
1810 2737 1975 2822 gubitum
1999 2740 2034 2804 et
2048 2735 2220 2823 palmum,
2235 2738 2311 2804 tota
2327 2736 2452 2802 omnis

594 2891 800 2976 supradicta
824 2891 1008 2958 mensuria
1031 2889 1076 2958 ad
1099 2889 1194 2955 iusto
1217 2906 1360 2976 passum
1383 2887 1507 2975 omini3
1532 2907 1572 2956 ec
1595 2907 1677 2956 vero
1700 2906 1758 2956 res
1781 2889 1878 2958 infra
1900 2888 2103 2975 supradicte
2127 2890 2209 2956 finis
2236 2893 2272 2958 et
2295 2906 2447 2958 mensu·

594 3043 650 3112 rie
676 3048 785 3112 totum
813 3049 848 3114 et
873 3042 1037 3110 inclitum
1063 3043 1143 3112 illut
1165 3063 1246 3111 cum
1270 3042 1390 3110 omnia
1415 3042 1508 3108 intro
1532 3061 1570 3110 se
1594 3043 1740 3110 abentes
1773 3041 2006 3127 omnibusque
2043 3043 2117 3110 suis
2151 3042 2381 3128 pertinentiis
2405 3045 2443 3112 et

593 3215 674 3264 cum
698 3197 775 3265 bice
799 3197 842 3264 (16
865 3196 925 3264 bia
948 3213 1027 3280 sua,
1046 3196 1139 3262 sicut
1162 3195 1331 3282 diximus,
1355 3211 1420 3280 ego
1445 3196 1526 3264 illut
1549 3211 1613 3281 per
1637 3195 1784 3264 licentia
1807 3197 1850 3265 de
1875 3195 1951 3282 ipso
1974 3197 2105 3265 abbate
2129 3196 2163 3264 ei
2188 3195 2233 3264 ad
2247 3195 2448 3265 tenendum

593 3356 629 3418 et
653 3350 891 3437 incitandum,
917 3351 978 3416 ubi
1003 3348 1190 3435 meruerit,
1214 3350 1253 3416 in
1278 3348 1355 3434 ipsa
1378 3349 1484 3414 rebus
1505 3347 1549 3415 de
1573 3349 1707 3416 inserte
1730 3351 1765 3416 et
1789 3346 1930 3416 rubulie
1952 3347 2101 3416 tradidit
2124 3349 2163 3452 in
2186 3366 2227 3417 eo
2243 3351 2384 3438 ordine,
2403 3357 2445 3422 ut

595 3504 721 3576 amodo
745 3510 781 3574 et
804 3523 942 3592 semper
966 3503 1080 3572 licead
1105 3502 1206 3571 illum
1230 3505 1265 3570 et
1288 3506 1365 3571 eius
1388 3501 1510 3571 eredes
1533 3502 1613 3572 illut
1637 3508 1761 3572 tenere
1782 3509 1819 3573 et
1841 3504 2048 3592 dominare,
2079 3509 2115 3574 et
2144 3506 2242 3575 sobee
2265 3509 2302 3574 et
2325 3507 2439 3575 omnis

594 3678 657 3728 sue
682 3658 853 3728 utilitatis
877 3657 974 3725 iusta
997 3658 1137 3726 ratione
1161 3656 1290 3725 ibidem
1315 3659 1445 3743 iacere,
1470 3662 1505 3724 et
1528 3673 1586 3725 eos
1610 3657 1826 3745 studiarent,
1852 3659 1945 3762 sicut
1968 3659 2167 3746 meruerit,
2192 3662 2228 3728 et
2251 3679 2375 3728 curam
2399 3665 2435 3728 et

592 3811 842 3902 bigilationem
865 3809 947 3878 inde
972 3811 1078 3877 abere
1102 3812 1138 3876 61
1160 3807 1301 3876 salbum
1326 3809 1512 3894 lacerent,
1537 3813 1573 3877 et
1598 3811 1805 3880 annualiter
1828 3811 1902 3882 suis
1925 3811 2143 3898 temporibus
2162 3863 2172 3899 ,
2200 3813 2343 3900 quando
2366 3831 2439 3881 mc·

591 3968 722 4054 ruerit,
747 3969 859 4035 totum
885 3965 961 4053 ipso
986 3966 1169 4032 insitetum
1193 3962 1403 4051 colligerent
1425 3967 1461 4031 et
1484 3967 1705 4042 seccharent‚
1731 3967 1767 4032 et
1790 3982 1853 4048 suo
1874 3969 2031 4051 tempore
2055 3966 2339 4036 faciantscirent
2353 3985 2439 4054 pars

592 4118 708 4206 ipsius
732 4118 893 4208 ecclesie,
917 4124 957 4187 ut
980 4116 1114 4186 ibidem
1137 4117 1337 4204 dirigerent
1360 4116 1508 4184 missum
1531 4134 1647 4205 suum,
1672 4121 1708 4186 et
1732 4121 1804 4186 tote
1827 4119 1902 4206 ipse
1925 4119 2060 4187 inserte
2083 4123 2120 4188 et
2143 4119 2284 4189 rubulie
2301 4125 2338 4189 et
2362 4121 2441 4209 ipse

593 4276 776 4347 castaneo,
802 4272 863 4359 qui
888 4270 1020 4340 dicitur
1044 4269 1194 4357 zenzale,
1219 4273 1291 4339 tote
1314 4273 1451 4356 seccbe,
1475 4271 1569 4338 sicut
1591 4271 1790 4355 meruerit,
1814 4267 1853 4335 in
1875 4271 2020 4339 tertiam
2045 4274 2185 4357 partem
2214 4292 2295 4340 cum
2318 4273 2438 4360 ipsum

593 4425 742 4494 missum
766 4425 880 4513 ipsius
904 4424 1051 4493 ecclesie
1074 4423 1286 4492 dibiderent:
1312 4425 1460 4492 missum
1484 4423 1595 4511 ipsius
1617 4423 1765 4493 ecclesie
1795 4424 1838 4494 de
1871 4427 1945 4493 tote
1981 4425 2093 4494 tollad
2127 4427 2258 4496 exinde
2293 4429 2440 4498 tertiam

593 4599 692 4668 pars,
717 4584 752 4648 et
776 4579 848 4648 illis
871 4579 939 4647 due
962 4577 1093 4665 sortis3
1118 4581 1155 4646 et
1179 4577 1411 4664 annualiter,
1435 4579 1576 4664 quando
1600 4576 1796 4664 meruerit,
1821 4575 1970 4646 beniant
1993 4577 2125 4648 ibidem
2151 4580 2299 4648 missurn
2323 4581 2439 4667 ipsius

592 4731 742 4803 ecclesie
765 4739 801 4803 et
825 4733 897 4801 illis
922 4753 1003 4802 eum
1028 4735 1164 4803 notrire
1187 4733 1320 4802 debead
1343 4731 1537 4800 secundum
1560 4751 1662 4799 suam
1685 4729 1970 4818 possibilitatem,
1995 4730 2079 4799 dum
2102 4731 2234 4801 ibidem
2265 4737 2435 4804 steterint

591 4904 656 4974 pro
680 4889 758 4975 ipsa
783 4907 848 4957 sua
872 4889 1027 4957 sortione
1051 4887 1309 4975 recipiendum,
1334 4891 1370 4955 et
1392 4886 1434 4954 de
1458 4885 1551 4972 quod
1573 4885 1697 4954 amodo
1720 4887 1756 4951 et
1780 4901 1918 4971 semper
1943 4883 1980 4949 in
2004 4883 2081 4972 ipsa
2104 4889 2211 4956 rebus
2223 4890 2439 4958 annualiter

591 5042 873 5130 seminaberint,
898 5043 1006 5111 deant
1028 5042 1159 5110 exinde
1183 5043 1221 5109 in
1245 5060 1329 5127 pars
1353 5042 1465 5127 ipsius
1488 5038 1635 5108 ecclesie
1658 5037 1864 5108 annualiter
1899 5041 2110 5108 terraticum
2133 5043 2327 5110 secundum
2351 5061 2436 5111 con-

573 5193 819 5262 suetudinem
844 5196 887 5264 de
909 5197 985 5281 ipso
1008 5195 1137 5282 locum,
1161 5199 1197 5262 61
1220 5199 1369 5264 aberent
1391 5197 1428 5260 et
1451 5195 1558 5264 deant
1581 5198 1657 5264 tota
1680 5196 1786 5260 rebus
1809 5194 1887 5279 ipsa
1909 5199 2057 5280 operata
2072 5199 2108 5263 et
2131 5199 2231 5265 surta
2249 5195 2347 5266 infra
2363 5201 2440 5268 tote

592 5349 669 5435 ipse
692 5349 776 5416 finis
799 5354 835 5418 et
858 5350 1035 5417 rrrensurie
1059 5350 1242 5418 insitetum
1266 5352 1397 5416 bonum
1421 5351 1553 5418 lactum
1576 5354 1611 5418 et
1634 5357 1796 5438 surtum,
1831 5352 1924 5422 sicut
1946 5351 2043 5420 locus
2067 5353 2141 5440 ipse
2165 5356 2370 5444 meruerit,
2397 5363 2440 5427 ut

596 5505 684 5571 benc
708 5503 842 5590 paread
866 5503 1014 5592 sactum3
1039 5505 1078 5572 in
1103 5503 1264 5591 completi
1289 5503 1413 5570 amodo
1436 5503 1595 5589 quinque
1618 5503 1706 5572 anni
1730 5509 1766 5572 et
1791 5503 1851 5573 ille
1874 5509 1910 5574 et
1932 5525 2013 5575 snos
2029 5508 2149 5578 eredes
2165 5511 2262 5578 omni
2278 5515 2438 5599 tempore

591 5659 631 5724 in
656 5659 904 5746 suprascripta
930 5657 1069 5728 ratione
1093 5657 1174 5724 illut
1198 5661 1318 5725 tenere
1342 5660 1379 5725 61
1402 5654 1600 5740 dominare3
1617 5661 1653 5723 61
1668 5655 1773 5742 quale
1797 5661 1954 5745 tempore
1978 5661 2038 5730 ille
2061 5666 2097 5730 et
2117 5681 2197 5731 suos
2213 5665 2336 5734 eredes
2352 5665 2441 5736 illut

592 5814 714 5878 tenere
728 5809 896 5898 noluerit,
916 5809 1081 5878 inclitum
1107 5807 1188 5876 illut
1211 5808 1363 5896 salbum,
1388 5806 1480 5876 sicut
1494 5807 1678 5896 meruerit,
1695 5811 1876 5880 remittere
1898 5813 1944 5882 ad
1958 5817 2132 5900 potestate
2148 5816 2260 5904 ipsius
2273 5819 2440 5912 ecclesie,
