5422 7102
1030 550 1445 628 DlPLOMdTlOUS
1754 553 1758 564 '
2059 559 2127 628 rba

325 775 428 860 parte
451 773 559 842 fluvio
582 773 625 842 de
649 774 761 844 beteri
785 793 847 862 per
872 776 954 844 flnis
978 779 1014 844 et
1037 796 1231 849 mensuras:
1258 778 1300 848 de
1324 780 1411 866 pede
1434 781 1505 849 fine
1528 781 1588 850 bia
1611 780 1768 868 publica,
1786 779 1868 850 inde
1891 784 1976 850 sunt
2000 782 2046 850 ab
2070 781 2168 849 iutro

326 927 404 1012 ipsa
427 928 533 996 rebus
556 930 657 994 rectu
681 931 891 996 mensurata
914 925 1009 1016 passi
1023 927 1130 996 sideci
1148 935 1184 998 et
1200 931 1331 1000 medin:
1356 937 1495 1020 aparte
1511 932 1774 1020 septemtrionis
1791 932 1861 1001 fine
1878 931 2035 1002 sortione
2054 931 2171 1020 ipsius
2268 1009 2273 1020 ¹

330 1081 418 1168 ursi,
435 1081 528 1149 sicut
544 1081 779 1150 terminatum
801 1084 870 1169 est,
893 1080 977 1149 inde
1001 1085 1087 1150 suut
1110 1086 1204 1172 passi
1229 1087 1451 1174 octuaginta:
1477 1087 1519 1155 de
1544 1089 1660 1175 capite
1683 1087 1775 1174 quod
1799 1090 1853 1156 est
1868 1089 1914 1156 ab
1930 1086 2080 1174 oriente,
2098 1087 2169 1154 fine

331 1233 442 1320 ipsius
464 1234 555 1318 ursi,
580 1237 616 1302 ct
640 1233 722 1302 inde
746 1239 829 1302 sunt
851 1233 947 1322 passi
971 1236 1240 1322 quadtuordeci:
1266 1260 1288 1308 a
1311 1246 1412 1328 parte
1444 1243 1592 1312 meridie
1615 1243 1686 1312 fine
1710 1246 1810 1311 terra
1834 1261 1914 1309 curn
1939 1241 2031 1310 silba
2055 1241 2171 1328 ipsius

331 1385 435 1472 ursi,
460 1384 544 1454 inde
566 1389 652 1454 sunt
675 1386 772 1474 passi
795 1389 1004 1476 octuaginta
1027 1393 1063 1458 et
1087 1389 1125 1456 in
1149 1391 1264 1472 medio
1287 1391 1362 1460 loco
1385 1413 1448 1481 per
1479 1399 1681 1465 trabersum
1718 1394 1868 1463 latitudo
1900 1394 1995 1481 passi
2033 1394 2173 1480 sidoci;

330 1543 574 1608 mensuratum
597 1539 643 1608 ad
667 1539 759 1608 iusto
782 1559 925 1627 passum
950 1542 1113 1611 inclitum
1131 1545 1225 1629 illut,
1242 1563 1321 1613 cum
1346 1546 1422 1614 vice
1446 1547 1489 1615 de
1515 1548 1576 1615 bia
1600 1547 1690 1634 ipsa,
1715 1545 1814 1614 vobis
1829 1545 2042 1634 tradiderat,
2060 1547 2106 1616 ad
2124 1548 2177 1616 fa-

330 1691 494 1760 ciendum
519 1691 602 1761 inde
626 1695 747 1765 omnia
770 1695 862 1782 quod
885 1697 1077 1784 boluerint,
1094 1714 1231 1784 semper
1254 1698 1475 1768 defensatum
1499 1717 1561 1786 per
1585 1699 1702 1786 ipsum
1725 1717 1811 1768 ursu
1827 1704 1864 1768 et
1880 1717 1942 1788 per
1959 1701 2037 1768 eius
2055 1699 2176 1769 eredes

332 1846 376 1914 da
399 1843 513 1913 omnis
535 1845 698 1914 homines
720 1848 886 1935 omnique
910 1849 1084 1936 partibus:
1111 1855 1241 1936 preter,
1266 1851 1296 1919 si
1320 1851 1401 1921 ittut
1426 1851 1621 1921 bendituru
1644 1854 1812 1923 abuerint
1829 1854 1941 1941 ipsius
1958 1855 2048 1941 ursi,
2073 1853 2176 1921 illum

334 2001 479 2072 bindere
502 2000 549 2071 ad
572 2003 665 2070 iusto
687 1999 843 2088 pretium
866 2007 902 2070 et
924 2001 1083 2072 facerent
1106 2001 1190 2071 inde
1213 2021 1294 2071 eum
1316 2005 1407 2071 scire
1431 2023 1494 2091 per
1519 2005 1624 2073 tertio
1647 2004 1894 2092 constitutum,
1911 2005 2004 2072 sicut
2015 2003 2177 2072 continet

332 2156 474 2224 brebem
496 2157 659 2224 nostrum
683 2156 726 2224 de
750 2157 829 2243 ipsa
852 2155 1037 2224 divisione.
1065 2156 1165 2224 Modo
1188 2155 1329 2242 quidem
1353 2157 1460 2223 rebus
1483 2155 1561 2243 ipsa
1575 2155 1766 2243 querimus
1790 2156 2008 2226 venumdare
2032 2160 2068 2225 et
2092 2155 2175 2266 seci-

334 2324 412 2374 mus
435 2307 528 2376 scire
551 2307 669 2394 ipsum
692 2325 792 2394 ursu,
818 2312 858 2376 ut
880 2287 987 2377 rebus
1010 2309 1088 2396 ipsa
1112 2329 1133 2378 a
1156 2324 1220 2376 nos
1242 2324 1371 2397 emere,
1395 2305 1501 2376 sicuti
1517 2307 1599 2377 illut
1615 2307 1649 2375 ei
1673 2305 1875 2394 obligatum
1900 2311 1966 2376 est.
1992 2309 2037 2376 Et
2053 2309 2176 2377 statim

333 2460 406 2548 ipse
430 2478 516 2529 ursu
539 2461 656 2549 dixit,
680 2465 721 2530 ut
744 2464 850 2531 rebus
872 2464 949 2550 ipsa
972 2479 1089 2530 emere
1112 2477 1185 2528 non
1208 2459 1349 2544 holere,
1376 2463 1411 2528 et
1435 2459 1474 2526 in
1491 2459 1655 2526 omnibus
1678 2477 1743 2527 nos
1760 2459 1937 2546 persotxit
1963 2463 2070 2529 rebus
2100 2461 2179 2547 ipsa

331 2615 417 2686 dare
440 2619 499 2686 cui
523 2618 753 2703 noluerimus,
774 2621 810 2686 et
825 2615 944 2686 omnia
967 2615 1097 2685 exinde
1120 2615 1237 2684 tacere
1260 2614 1352 2700 quod
1375 2612 1603 2681 boluerimus.
1623 2614 1669 2680 Et
1692 2630 1756 2681 nos
1779 2632 1843 2701 pro
1866 2589 1989 2684 taliter
2016 2615 2177 2686 dedimus

332 2771 367 2841 ei
390 2789 503 2839 unum
526 2789 674 2840 aureum
697 2770 783 2859 tari,
808 2773 844 2839 et
866 2770 927 2840 ille
949 2789 1013 2858 pro
1035 2767 1158 2838 taliter
1181 2787 1244 2872 per
1267 2769 1531 2837 combenientia
1553 2767 1685 2856 guadia
1708 2769 1809 2836 nobis
1834 2769 1915 2838 dedi
1938 2773 1973 2838 et
2003 2768 2178 2838 mediato-

337 2941 411 2994 rem
434 2923 536 2992 nobis
558 2923 659 3012 posui
683 2924 814 3012 seipsu,
839 2927 875 2992 et
898 2941 961 3011 per
984 2921 1064 3009 ipsa
1086 2923 1222 3010 guadia
1245 2925 1308 2990 etc.
1334 2923 1482 2991 statuta
1505 2924 1638 2992 rnntctn
1664 2923 1924 3009 quinquaqinta
1940 2925 2027 2991 anri
2051 2923 2179 2991 solido-

338 3097 421 3146 rum
447 3077 688 3150 Constantini.
713 3081 749 3146 ct
772 3094 910 3164 semper
932 3076 1082 3146 tacitum
1106 3076 1188 3145 inde
1211 3093 1356 3146 manere
1379 3080 1415 3145 et
1438 3079 1558 3145 tacere
1581 3075 1663 3144 iude
1700 3075 1835 3144 faciant
1870 3077 1985 3144 onmis
2018 3074 2181 3143 homiues

336 3232 397 3320 qui
422 3233 603 3302 vobiscum
627 3229 871 3318 causabar-int,
895 3229 988 3318 quod
1011 3227 1140 3316 scripsi
1163 3246 1229 3317 ego
1252 3226 1410 3297 ademari
1435 3225 1610 3298 notarius.

386 3357 417 3474 †
441 3389 517 3476 Ego
540 3385 703 3456 alderissi
727 3383 889 3454 notarius
912 3402 968 3454 me
992 3381 1185 3471 subscripsi

382 3512 412 3629 †
437 3542 512 3630 Ego
536 3541 710 3609 iohannes
733 3538 896 3608 notarius
920 3556 975 3606 me
998 3535 1207 3622 subscripsi.

1062 4053 1465 4138 DCGCXXXJI·
1546 4091 1554 4106 ·

1124 4315 1178 4395 A.
1206 4312 1256 4393 D.
1285 4311 1405 4393 1031.

384 4565 485 4706 †In
508 4611 651 4680 nomine
674 4611 807 4680 domini
831 4608 1072 4680 tertiodecimo
1095 4627 1190 4678 anno
1214 4609 1584 4706 principatusdomni
1623 4609 1735 4678 nostri
1771 4609 1968 4698 guaimarii
2005 4611 2185 4699 gloriosus

339 4766 505 4856 princeps
527 4763 624 4836 tilius
647 4765 825 4851 quondam
848 4762 970 4832 domni
994 4761 1189 4852 guaimarii
1213 4760 1401 4850 principiS,
1427 4779 1547 4830 mense
1564 4761 1779 4850 februarius,
1804 4763 2074 4851 quartadecima
2093 4765 2189 4835 indi·

344 4924 473 4991 ctione.
498 4917 790 4990 Memoratorium
816 4917 950 4987 sactum
975 4935 997 4985 a
1020 4933 1077 4983 me
1101 4891 1276 4983 iohannes
1299 4912 1395 4983 tilius
1418 4914 1597 5002 quondam
1619 4916 1783 4985 mansoni
1819 4918 1994 5007 castaldi,
2019 4936 2060 4989 eo
2093 4925 2185 5010 quod

339 5083 427 5146 ante
449 5071 640 5161 subscripti
664 5075 773 5141 testes
795 5068 1006 5140 coniunctus
1020 5086 1097 5136 sum
1117 5086 1198 5137 cum
1215 5087 1341 5137 mauro
1357 5068 1430 5136 filio
1448 5069 1611 5160 martini,
1628 5077 1772 5166 propter
1789 5073 1880 5159 quod
1897 5074 1970 5143 iam
1987 5079 2072 5144 suut
2089 5093 2182 5144 com-

342 5229 431 5316 pleti
453 5244 567 5296 annos
591 5226 802 5315 duodecim,
826 5225 919 5312 quod
942 5242 1008 5311 ego
1032 5222 1143 5310 ipsius
1166 5223 1285 5292 mauri
1310 5221 1482 5290 traditum
1507 5222 1610 5290 abuit
1633 5221 1678 5291 de
1699 5223 1829 5310 rebuS,
1854 5225 1946 5311 quod
1970 5226 2059 5294 mihi
2082 5227 2191 5314 perti·

342 5387 405 5450 net
428 5387 578 5470 aparte
601 5379 743 5450 mulieri
768 5378 913 5448 nomine
935 5377 1046 5446 senua
1069 5393 1180 5444 uxore
1203 5393 1296 5463 mea,
1321 5372 1398 5442 fllia
1421 5373 1599 5460 quondam
1623 5375 1840 5464 truppoaldi,
1864 5377 1909 5444 ad
1926 5379 2190 5463 pastenandum

342 5537 406 5624 qui
429 5539 483 5606 est
505 5535 611 5605 rebus
636 5537 714 5624 ipsa
738 5536 777 5605 in
800 5533 915 5601 locum
938 5531 1001 5620 qui
1027 5531 1158 5600 dicitur
1183 5530 1229 5600 ad
1253 5530 1367 5597 forma
1389 5525 1632 5597 mitiliauense
1655 5528 1798 5618 finibus
1816 5529 1909 5600 uude
1925 5533 1971 5600 ab
1987 5531 2064 5600 eius
2083 5539 2186 5621 parte

344 5689 489 5759 brebem
510 5683 658 5759 minime
682 5691 865 5758 firmatum
889 5691 989 5758 abeo.
1014 5686 1114 5756 Modo
1137 5688 1271 5771 autem,
1296 5686 1337 5750 ut
1361 5680 1534 5769 diximus,
1558 5699 1639 5748 cum
1663 5682 1780 5769 ipsum
1804 5700 2025 5754 maurosum
2042 5687 2194 5758 coniun-

344 5848 455 5934 ctum,
479 5849 522 5917 ut
544 5846 587 5918 de
612 5847 690 5935 ipsa
713 5841 907 5913 traditione
930 5841 973 5911 de
997 5841 1075 5929 ipsa
1098 5841 1205 5908 rebus
1229 5837 1320 5909 mihi
1344 5839 1486 5907 brebem
1509 5835 1668 5923 firmarc;
1693 5840 1732 5906 et
1753 5853 1819 5923 ego
1835 5855 1899 5924 pro
1915 5838 2039 5911 taliter
2054 5861 2118 5930 per
2136 5860 2196 5910 vo·
