5422 7102
1276 520 1448 596 cooux
1482 524 1753 628 clvltllsls

1354 1055 1647 1140 DCCGLV.

1355 1347 1409 1426 A.
1437 1346 1487 1424 D.
1516 1345 1645 1428 1033.

623 1618 659 1760 †
683 1673 724 1739 ln
746 1673 889 1742 nomine
912 1673 1047 1743 domini
1070 1674 1306 1744 sextodecimo
1329 1693 1426 1744 anno
1441 1675 1664 1764 principatus
1680 1678 1802 1748 domni
1817 1679 1930 1747 nostri
1945 1677 2142 1748 Guaimarii
2159 1677 2307 1764 gloriosi
2325 1681 2427 1767 prin·

578 1824 680 1912 cipis,
697 1823 765 1893 filii
782 1825 960 1912 quondam
983 1827 1103 1922 domni
1118 1827 1310 1915 guaimarii
1336 1829 1523 1917 principis,
1541 1847 1661 1898 mense
1676 1832 1836 1917 octuber,
1854 1829 2010 1899 secunda
2025 1829 2234 1938 irrdictione.
2254 1831 2425 1899 Memora·

578 1981 710 2048 torium
726 1982 824 2050 factu
847 2001 870 2050 a
893 1999 948 2050 me
971 1985 1095 2070 petrus
1117 1984 1291 2069 presbiter
1308 1986 1343 2051 et
1360 1984 1586 2070 primicerius
1601 2004 1644 2054 ao
1660 1983 1756 2052 nlius
1777 1986 1956 2072 quondam
1980 1984 2146 2052 iohanni.
2163 1986 2213 2051 Εο
2229 1984 2324 2072 quod
2347 1988 2432 2052 ante

576 2134 759 2219 presentia
780 2133 900 2201 domni
925 2133 1096 2203 Adell'erii
1119 2134 1337 2204 venerabilis
1360 2135 1480 2204 clerici
1503 2142 1538 2205 et
1554 2140 1695 2206 abbatis
1719 2139 1866 2207 ecclesie
1889 2138 2007 2207 sancti
2033 2136 2200 2223 maximi,
2218 2136 2280 2223 qui
2297 2140 2351 2204 est
2368 2135 2430 2204 ille

574 2303 688 2354 unum
704 2286 746 2354 de
761 2287 1047 2389 dominiiipsius
1069 2290 1252 2376 ecelesiae,
1276 2294 1312 2357 et
1336 2290 1466 2358 ibidem
1489 2289 1651 2358 adessent
1673 2289 1821 2376 ydoneis
1836 2289 2055 2376 hominibus
2080 2308 2144 2376 per
2161 2289 2373 2357 iusssionem
2389 2293 2426 2357 et

574 2438 805 2528 largiebatem
828 2443 941 2528 ipsius
963 2444 1084 2511 domni
1108 2445 1232 2514 abbati
1256 2463 1330 2512 una
1352 2463 1434 2512 cum
1458 2449 1599 2511 amatus
1620 2444 1810 2512 advocator
1827 2443 1942 2528 ipsius
1958 2441 2105 2511 ecclesie
2121 2441 2257 2510 tradidi
2273 2441 2420 2511 bassalli

539 2601 545 2612 '
573 2593 647 2660 filio
669 2594 824 2681 iaquinti
848 2597 1001 2666 abitator
1024 2598 1067 2666 de
1091 2602 1174 2667 actu
1196 2597 1356 2684 nuceria,
1382 2597 1443 2663 ubi
1468 2599 1604 2666 nobara
1626 2595 1774 2682 dicitur,
1798 2599 1872 2663 tres
1894 2595 1993 2681 pecie
2017 2595 2060 2662 de
2083 2594 2190 2663 terris
2207 2614 2289 2663 cum
2314 2597 2422 2664 arbu-

574 2748 641 2814 stis
665 2747 792 2817 vitatis
815 2755 851 2818 et
873 2752 986 2838 pomis
1009 2752 1228 2838 pertinentes
1252 2749 1366 2836 ipsius
1389 2749 1547 2836 ecclesie,
1572 2749 1666 2835 quod
1681 2765 1747 2835 ego
1764 2747 1802 2813 in
1817 2746 2029 2815 beneficium
2046 2751 2149 2814 teneo
2165 2767 2187 2816 a
2202 2765 2288 2833 pars
2304 2747 2417 2832 ipsius

572 2901 719 2970 ecclesie
743 2905 779 2971 et
801 2907 886 2971 sunt
909 2903 947 2970 in
972 2903 1046 2988 ipso
1070 2901 1282 2970 vocabulum
1307 2903 1456 2987 nobara3
1482 2919 1555 2970 una
1579 2920 1626 2970 ex
1649 2901 1725 2988 ipse
1748 2900 1846 2987 pecie
1870 2917 1932 2983 per
1956 2916 1996 2965 ec
2011 2898 2093 2965 finis
2109 2903 2144 2966 et
2163 2898 2420 2966 mensuriis.A

573 3054 736 3140 partibus
760 3057 908 3123 orientis
923 3056 994 3122 fine
1019 3056 1080 3144 bia
1095 3055 1250 3142 publica,
1267 3059 1352 3122 sunt
1369 3054 1451 3122 inde
1469 3053 1626 3136 latitudo
1636 3053 1729 3138 passi
1747 3052 1901 3138 triginta
1917 3050 2106 3138 quadtuor‚
2122 3055 2157 3118 et
2173 3051 2256 3119 inde
2272 3051 2419 3120 abiente

571 3208 608 3274 et
633 3197 844 3275 rebblbente
867 3225 930 3293 per
953 3207 1032 3292 ipsa
1055 3205 1122 3273 bia
1150 3205 1187 3272 in
1211 3225 1296 3292 pars
1320 3205 1585 3292 septemtrionis
1608 3209 1692 3273 sunt
1715 3205 1798 3272 inde
1822 3205 1919 3290 passi
1944 3207 2144 3292 nonaginta
2168 3207 2356 3292 quadtuor:
2382 3208 2427 3278 da

571 3361 674 3444 parte
698 3358 892 3427 occidentis
915 3359 986 3427 fine
1010 3359 1124 3427 medio
1147 3359 1273 3446 limite,
1298 3359 1392 3426 sicut
1415 3377 1496 3444 sepe
1520 3356 1723 3442 discernit,
1748 3359 1833 3424 sunt
1856 3357 1944 3423 exin
1958 3355 2001 3424 de
2025 3361 2120 3443 passi
2143 3358 2264 3426 decem
2292 3363 2329 3427 et
2352 3367 2430 3429 octo

570 3514 607 3578 et
630 3511 798 3579 medium:
816 3512 846 3578 A
862 3531 945 3598 pars
968 3511 1117 3580 meridie
1141 3514 1224 3580 abet
1260 3513 1303 3580 de
1328 3511 1516 3599 longitudo
1538 3509 1632 3598 passi
1657 3509 1858 3596 nonaginta
1883 3513 1969 3596 tres3
1995 3511 2150 3579 secunda
2165 3511 2266 3596 pecia
2283 3532 2346 3599 per
2362 3517 2426 3584 has

568 3663 660 3730 fines
682 3669 718 3732 et
742 3681 940 3734 mensuras:
966 3665 1009 3733 de
1033 3683 1106 3744 una
1129 3669 1231 3752 parte
1255 3665 1349 3730 sicut
1374 3663 1487 3732 limite
1511 3667 1548 3731 et
1574 3682 1655 3751 sepe
1677 3662 1862 3750 discernit,
1886 3662 1969 3730 inde
1993 3667 2077 3730 sunt
2101 3663 2198 3749 passi
2213 3665 2418 3750 quindecim
2461 3711 2463 3714 -

566 3820 602 3885 et
624 3817 748 3904 pedem
773 3834 895 3884 unum:
914 3816 958 3883 de
974 3816 1047 3886 alia
1070 3820 1172 3903 parte
1195 3819 1266 3885 fine
1290 3818 1452 3886 maranci
1470 3821 1506 3886 et
1521 3817 1564 3886 do
1579 3817 1725 3884 heredes
1748 3818 1842 3902 petri
1857 3821 1894 3884 et
1911 3817 1980 3882 fine
1998 3818 2145 3885 ecclesie
2160 3821 2281 3885 sancte
2304 3821 2420 3888 marie

568 3971 788 4059 pertinentes
811 3972 853 4040 de
878 3973 1025 4041 heredes
1049 3974 1215 4062 maraldi,
1234 3975 1327 4042 siout
1350 3974 1464 4043 limite
1488 3977 1524 4042 et
1539 3993 1621 4062 sepe
1643 3973 1828 4062 discernit,
1847 3974 1929 4043 inde
1953 3979 2037 4042 sunt
2055 3977 2151 4061 passi
2168 3975 2422 4064 septuaginta:

567 4125 610 4193 de
633 4123 708 4194 alia
732 4130 834 4213 parte
858 4128 929 4194 fine
952 4127 1109 4214 predicte
1132 4125 1279 4196 ecclesie
1302 4131 1425 4196 sancte
1448 4128 1574 4216 marie,
1598 4130 1691 4196 sicut
1714 4128 1826 4196 limite
1850 4127 2035 4215 discernit,
2061 4133 2097 4196 ot
2122 4127 2205 4196 inde
2228 4131 2313 4197 sunt
2330 4149 2419 4216 pas-

565 4298 624 4348 sos
647 4281 795 4348 decem:
821 4282 865 4349 de
888 4283 962 4351 alia
985 4288 1085 4370 parte
1108 4285 1178 4352 fine
1202 4283 1245 4350 de
1269 4282 1391 4350 eredes
1415 4281 1625 4370 costantini,
1649 4285 1685 4350 et
1708 4281 1791 4349 inde
1815 4285 1900 4348 sunt
1923 4281 2019 4367 passi
2044 4281 2286 4368 septuaginta
2317 4285 2425 4370 oct03

564 4433 672 4501 tertia
693 4435 795 4518 pecia
819 4431 940 4533 ibique
963 4453 986 4502 a
1009 4438 1144 4520 suptus:
1172 4435 1215 4503 de
1238 4452 1311 4502 una
1335 4442 1437 4521 parte
1464 4435 1535 4501 line
1558 4434 1601 4502 de
1630 4432 1781 4502 heredes
1807 4433 1989 4521 quondam
2023 4434 2181 4521 uocato,
2214 4435 2296 4504 inde
2331 4436 2428 4520 passi

566 4584 768 4654 duodecim:
794 4587 836 4655 de
860 4589 931 4655 alia
955 4589 1059 4674 parte
1082 4587 1153 4655 fine
1177 4587 1220 4656 de
1244 4587 1366 4655 erodes
1390 4585 1566 4674 edelgari,
1590 4588 1684 4655 siout
1707 4587 1820 4654 limite
1844 4583 2031 4672 discernit,
2055 4585 2148 4654 unde
2171 4586 2239 4654 fuit
2266 4585 2327 4656 bia
2351 4606 2417 4656 an-

566 4737 660 4826 tilia,
684 4741 720 4806 et
738 4738 822 4808 inde
845 4737 943 4825 passi
966 4741 1121 4826 triginta
1144 4741 1333 4826 quadtuor:
1359 4739 1401 4806 dc
1426 4737 1500 4808 alia
1523 4741 1627 4826 parte
1650 4739 1721 4806 fine
1739 4737 1889 4808 ecclesia
1906 4742 2029 4807 sancte
2046 4739 2169 4825 mario,
2190 4741 2283 4807 sicut
2303 4740 2419 4808 limite

565 4890 750 4970 discernit,
777 4897 812 4960 et
835 4892 918 4960 inde
940 4892 1035 4979 passi
1058 4893 1262 4980 quindecim
1285 4897 1320 4960 et
1336 4893 1503 4960 medium:
1521 4893 1564 4960 de
1589 4891 1663 4962 alia
1686 4896 1787 4978 parte
1805 4891 1875 4959 fine
1899 4911 1967 4978 que
1990 4892 2058 4960 suit
2081 4891 2256 4960 benedicti
2276 4890 2402 4960 clerici
2410 4945 2419 4980 ,

568 5044 662 5132 quod
684 5049 784 5114 tenet
808 5046 1085 5133 archiepiscopio
1108 5046 1342 5135 salernitano,
1366 5047 1461 5114 sicut
1485 5045 1622 5114 termiti
1648 5047 1720 5115 ficti
1746 5051 1843 5133 sunt,
1861 5047 2014 5133 indeque
2031 5047 2127 5133 passi
2145 5048 2300 5135 triginta
2314 5051 2420 5134 quin·

565 5215 634 5283 que
657 5203 694 5267 et
716 5199 841 5286 pedem
865 5217 978 5266 unum
1001 5203 1246 5269 mensuratum
1272 5199 1317 5268 ad
1339 5199 1432 5268 iusto
1456 5219 1600 5285 passum
1635 5200 1820 5288 hominis;
1845 5200 1912 5270 tali
1944 5202 2122 5288 hordine,
2150 5207 2189 5269 ut
2223 5201 2347 5270 amodo
2381 5205 2416 5269 et

563 5369 700 5438 semper
724 5353 771 5422 ad
795 5372 860 5424 sua
883 5357 918 5422 et
940 5353 983 5422 de
1007 5354 1080 5421 suis
1104 5354 1323 5440 heredibus,
1347 5354 1440 5441 quod
1464 5359 1548 5421 sunt
1570 5353 1657 5422 filiis
1681 5355 1755 5422 suis
1776 5405 1786 5439 ,
1810 5354 1883 5422 sint
1906 5354 2090 5440 potestatis
2120 5355 2202 5422 illut
2225 5354 2417 5423 tenendum

562 5506 598 5570 et
620 5503 887 5594 dominandum,
912 5507 1011 5576 sebee
1034 5511 1071 5575 et
1093 5507 1208 5574 omnis
1224 5524 1286 5574 sue
1302 5504 1505 5575 hutilitatis
1521 5507 1570 5574 ibi
1589 5507 1791 5579 faciendum
1808 5507 1905 5576 iusta
1922 5509 2079 5594 ratione,
2095 5511 2130 5576 et
2147 5507 2185 5574 in
2202 5485 2287 5577 casa
2303 5509 2414 5594 ipsius

561 5655 745 5746 hecclesie,
770 5661 832 5747 qui
857 5663 909 5729 est
933 5659 972 5727 in
996 5661 1076 5748 ipsa
1098 5661 1216 5747 priore
1238 5661 1356 5747 pecie,
1372 5660 1435 5747 qui
1458 5664 1512 5729 est
1535 5660 1578 5728 de
1602 5678 1715 5728 unum
1737 5659 1931 5747 applictum
1956 5659 2035 5747 ipsa
2052 5679 2151 5750 casa,
2169 5660 2329 5731 abitaret
2352 5661 2415 5730 ille

561 5809 635 5878 sive
658 5809 771 5881 filium
793 5830 908 5900 suum,
933 5817 969 5882 et
993 5831 1152 5902 organea
1174 5811 1287 5900 ipsius
1310 5811 1457 5881 ecclesie
1481 5812 1543 5900 qui
1568 5811 1619 5880 ibi
1643 5817 1738 5900 sunt,
1761 5831 1898 5900 semper
1923 5813 2006 5883 illas
2030 5813 2079 5882 ibi
2104 5813 2206 5882 salba
2230 5816 2355 5903 abere,
2383 5821 2419 5883 et
