5466 7106
594 537 641 606 tl
1233 531 1408 608 cebux
1443 531 1711 610 olvbnsls

548 757 713 848 pradicto
736 759 876 830 ballone
900 757 1064 828 iuniolu:
1089 759 1134 828 de
1158 778 1263 847 super
1286 747 1389 846 parte
1412 759 1457 830 ad
1480 759 1553 830 flne
1576 764 1682 831 rebus
1704 761 1862 850 predicte
1885 762 2034 834 ecclesie
2058 763 2293 834 coniunctum
2318 767 2406 852 est,

549 908 711 996 qualiter
735 907 836 978 vadit
859 908 902 978 de
925 927 1084 997 suprana
1106 929 1191 998 pars
1214 931 1237 980 a
1259 911 1375 980 medio
1397 913 1556 1000 predicto
1579 914 1721 984 ballone
1744 915 1884 986 iuniolu
1906 937 2018 1006 usque
2041 921 2081 988 in
2105 919 2220 989 medio
2237 917 2403 1007 predicto

547 1063 663 1151 ribuS,
684 1064 746 1150 qui
763 1080 864 1134 sassu
888 1063 973 1130 bibu
997 1063 1141 1132 dicitur.
1167 1068 1314 1134 Asuero
1330 1065 1494 1134 omnibus
1518 1067 1737 1154 supradictis
1752 1070 1860 1138 rebus
1875 1089 1938 1156 per
1955 1071 2179 1158 supradictas
2195 1071 2299 1156 fines,
2315 1087 2398 1138 cum

548 1218 648 1286 omni
675 1219 773 1286 intro
796 1236 833 1286 se
857 1217 1073 1286 habentibus
1096 1220 1133 1286 et
1155 1219 1230 1286 suis
1253 1217 1495 1306 pertinentiis,
1512 1222 1646 1288 etcum
1669 1219 1747 1288 vice
1769 1220 1812 1287 de
1836 1219 1905 1288 viis
1920 1223 1957 1289 et
1972 1219 2106 1290 anditis
2121 1219 2211 1307 suis,
2235 1222 2349 1288 totum
2364 1222 2404 1288 et

552 1368 717 1438 inclitum
742 1368 830 1437 illud
853 1368 920 1437 tibi
944 1368 1150 1456 supradicto
1166 1368 1310 1438 domino
1326 1368 1476 1440 adelferi
1499 1371 1625 1440 abbati
1649 1371 1900 1461 concessimus3
1924 1374 1970 1442 Ut
1993 1372 2118 1443 amodo
2141 1376 2177 1442 et
2199 1389 2337 1459 semper
2362 1369 2402 1440 in

548 1530 616 1594 tua
640 1525 742 1594 etde
767 1525 840 1606 tuis
864 1525 1139 1611 successoribus,
1164 1523 1226 1610 qui
1251 1525 1290 1592 in
1307 1524 1385 1612 ipsa
1399 1524 1550 1592 ecclesia
1573 1523 1783 1611 prefuerint,
1801 1524 1873 1592 sint
1889 1523 2075 1610 potestatis
2087 1521 2177 1591 illud
2191 1519 2405 1607 tenendum,

552 1678 826 1765 dominandum,
851 1678 1100 1764 possidendum
1123 1683 1159 1747 et
1182 1678 1303 1746 omnia
1318 1676 1450 1746 exinde
1465 1675 1666 1746 faciendum
1690 1673 1783 1760 quod
1805 1673 2004 1761 volueritis,
2029 1677 2064 1741 et
2086 1671 2403 1760 congregationem

541 1829 803 1920 monachorum
828 1847 937 1915 quam
961 1829 999 1899 in
1022 1829 1103 1917 ipsa
1125 1829 1277 1899 ecclesia
1300 1847 1477 1918 agregare
1499 1829 1654 1916 cepisti,
1681 1828 1712 1896 si
1749 1827 1906 1897 volueris
1941 1828 2260 1916 congregationem
2284 1827 2401 1913 ipsam

546 1977 688 2066 augeri,
710 1981 921 2066 potestatem
943 1980 1107 2052 habeatis
1130 2000 1209 2050 eam
1233 1981 1420 2069 ampliare,
1438 1981 1592 2068 qualiter
1608 1981 1806 2051 volueritis.
1822 1983 1924 2070 Item,
1941 1983 1974 2050 si
1995 1983 2163 2070 volueris,
2180 1975 2326 2051 bibente
2349 1985 2402 2069 te,

547 2131 602 2202 vel
626 2132 672 2200 ad
696 2131 791 2200 diem
815 2131 922 2200 obitis
944 2131 1002 2227 tui
1025 2131 1137 2202 alium
1161 2134 1328 2202 abbatem
1352 2133 1482 2202 ibidem
1506 2132 1703 2218 ordinare,
1733 2132 1779 2202 ad
1801 2137 1901 2202 tuam
1922 2135 1971 2202 sit
1994 2135 2216 2222 potestatem,
2241 2130 2402 2218 qualiter

548 2280 718 2367 volueris3
741 2285 778 2350 et
800 2283 888 2369 sibe,
912 2287 947 2352 te
971 2282 1111 2352 volente
1133 2285 1188 2353 vel
1212 2282 1438 2372 neglegente,
1468 2286 1553 2354 ante
1577 2289 1677 2353 tuam
1700 2283 1943 2355 defuntionem
1975 2287 2086 2355 abbas
2110 2304 2172 2372 per
2196 2289 2232 2354 te
2255 2285 2295 2354 in
2318 2300 2401 2371 pre·

547 2433 683 2503 dictum
706 2436 961 2506 monasterium
984 2439 1108 2504 sancte
1130 2436 1310 2505 trinitatis
1332 2435 1515 2504 ordinatus
1539 2452 1610 2504 non
1633 2435 1755 2523 suerit,
1768 2439 1981 2524 potestatem
2003 2436 2142 2507 habead
2166 2436 2281 2522 ipsam
2305 2450 2406 2532 con-¹

545 2588 793 2679 gregationem
816 2591 1070 2658 monachorum
1094 2585 1155 2675 qui
1182 2587 1220 2656 in
1243 2588 1318 2675 ipso
1342 2587 1556 2656 monasterio
1579 2585 1724 2674 suerint,
1748 2589 1917 2656 abbatem
1940 2586 2036 2656 inter
2060 2605 2097 2656 se
2118 2586 2255 2673 eligere
2278 2557 2322 2653 et
2337 2600 2399 2651 or·

520 2742 686 2853 dinam,
710 2740 865 2826 qualiter
888 2741 1080 2826 voluerint,
1104 2739 1176 2809 alio
1199 2740 1250 2808 sic
1274 2739 1409 2809 faciant
1431 2757 1568 2828 semper
1591 2759 1654 2827 per
1669 2758 1791 2809 omnes
1807 2743 1917 2830 bices,
1934 2741 2075 2828 quando
2086 2744 2253 2812 abbatem
2270 2757 2394 2810 eorum

545 2901 707 2966 mortuus
730 2899 850 2985 fuerit,
874 2899 928 2966 Ita
951 2903 991 2968 ut
1013 2897 1137 2968 amodo
1160 2900 1195 2964 et
1219 2915 1356 2985 semper
1380 2898 1636 2966 monasterium
1664 2899 1782 2986 ipsum
1816 2915 1898 2966 cum
1923 2897 2166 2984 supradictam
2197 2911 2397 2983 congrega·

546 3053 680 3123 tionem
703 3057 740 3121 et
764 3005 913 3122 abbates
936 3069 1074 3139 eorum,
1091 3070 1171 3118 oum
1191 3051 1357 3118 omnibus
1372 3049 1587 3136 supradictis
1610 3051 1716 3118 rebus
1731 3053 1768 3117 et
1783 3069 1865 3117 cum
1882 3048 1964 3118 aliis
1979 3051 2097 3136 rebus,
2112 3064 2203 3135 quas
2219 3046 2258 3117 in
2274 3065 2404 3135 supra·

547 3210 640 3279 dicto
656 3208 871 3278 monasterio
884 3205 1209 3294 quomodocumque
1231 3203 1356 3272 datum
1370 3203 1424 3270 vel
1441 3203 1604 3272 offertum
1621 3203 1743 3280 suerit,
1760 3219 1898 3289 semper
1915 3203 2044 3271 liberos
2059 3201 2238 3272 absolutos
2255 3217 2400 3287 perma-

547 3361 665 3432 neand
681 3380 705 3430 a
720 3378 803 3447 pars
826 3359 1021 3447 reipublice
1038 3359 1077 3426 in
1093 3377 1160 3427 sua
1183 3359 1358 3444 potestate
1373 3361 1410 3426 et
1427 3357 1592 3444 arbitrio,
1616 3361 1652 3426 et
1674 3374 1746 3425 non
1770 3359 1966 3427 habeamus
1990 3360 2213 3444 potestatem,
2231 3373 2298 3423 nec
2317 3371 2403 3442 nos,

546 3529 613 3579 nec
625 3509 886 3578 successoribus
898 3510 1029 3578 nostris
1041 3508 1173 3578 exinde
1184 3507 1321 3594 tollere,
1335 3527 1401 3577 nec
1414 3509 1632 3596 pensionem,
1649 3527 1714 3578 nec
1730 3528 1958 3599 censum,nec
1974 3511 2216 3599 plateaticum,
2226 3528 2293 3579 nec
2309 3528 2398 3596 qua·

547 3669 745 3754 liscumque
769 3665 959 3734 serbitium
976 3665 1032 3734 vel
1048 3665 1240 3736 dationem.
1266 3666 1398 3732 lterum
1421 3665 1646 3734 concedimus
1664 3662 1733 3732 tibi
1748 3663 1953 3750 supradicto
1965 3663 2093 3732 domno
2108 3663 2255 3734 adelferi
2270 3665 2396 3734 abbati

546 3822 630 3891 totis
645 3827 680 3892 et
703 3818 857 3908 integris
879 3819 990 3889 albeis
1008 3817 1051 3888 de
1066 3819 1224 3907 predicto
1246 3817 1353 3887 dubio
1368 3821 1404 3886 et
1419 3817 1462 3886 de
1479 3818 1566 3905 ipsis
1582 3817 1671 3885 ribis
1687 3821 1724 3886 et
1737 3817 1951 3905 ballonibus,
1968 3837 2047 3884 cum
2064 3817 2229 3886 omnibus
2246 3817 2337 3905 ripis
2354 3836 2401 3888 ex

548 3977 706 4063 undique
729 3975 892 4061 partibus
915 3973 1048 4043 ibidem
1071 3973 1262 4051 adiunctis,
1280 3991 1361 4041 cum
1377 3971 1542 4040 omnibus
1565 3969 1649 4040 aliis
1671 3969 1797 4058 albeis,
1821 3969 2029 4039 fluminibus
2051 3974 2087 4038 et
2110 3989 2302 4059 aquarum,
2327 3989 2403 4058 quc

551 4130 759 4218 ubicunque
782 4129 828 4199 ad
851 4129 933 4200 aliis
957 4131 1064 4198 rebus
1086 4127 1238 4217 predicti
1263 4124 1470 4196 monasterii
1495 4130 1580 4194 sunt
1603 4127 1640 4193 et
1662 4123 1797 4193 suerint
1828 4123 2068 4212 coniunctos,
2100 4129 2141 4194 ut
2171 4143 2310 4214 semper
2341 4143 2403 4213 po·

552 4287 701 4356 testates
724 4284 884 4352 babeant
906 4298 990 4369 pars
1012 4278 1165 4366 predicti
1188 4279 1397 4350 monasterii
1421 4277 1460 4345 in
1483 4275 1571 4364 ipsis
1588 4275 1700 4346 albeis
1716 4274 1918 4345 clusamina
1934 4277 1969 4344 et
1985 4273 2264 4362 antepositiones
2279 4235 2401 4345 facere

548 4441 585 4506 et
607 4438 769 4526 habere,
793 4440 830 4505 et
853 4437 893 4504 in
915 4433 1005 4521 ripis
1028 4451 1153 4504 earum
1176 4432 1319 4520 fodere,
1344 4433 1384 4499 ut
1407 4429 1512 4516 aquis
1535 4425 1622 4516 ipsis
1659 4425 1778 4496 letare
1813 4432 1849 4496 et
1871 4431 2084 4514 extorquere
2106 4430 2143 4495 et
2167 4431 2313 4514 portare
2336 4449 2403 4518 per

549 4590 641 4681 ipsis
665 4593 772 4659 rebus
796 4587 909 4676 ipsius
931 4585 1153 4674 monasterii,
1178 4581 1238 4653 ubi
1264 4587 1328 4653 aut
1351 4582 1505 4670 qualiter
1521 4579 1715 4668 voluerint,
1730 4583 1766 4648 et
1781 4578 1915 4648 molina
1931 4584 1968 4648 et
1982 4595 2103 4648 omnes
2119 4597 2203 4649 suas
2221 4579 2401 4652 utilitates

548 4744 678 4818 exinde
703 4745 821 4814 facere
844 4748 880 4814 et
902 4745 1032 4830 abere,
1056 4741 1212 4830 qualiter
1236 4759 1320 4830 pars
1342 4737 1493 4827 predicti
1516 4733 1725 4806 monasterii
1748 4735 1939 4822 voluerint,
1964 4736 2098 4823 absque
2122 4735 2289 4805 omnibus
2313 4753 2399 4805 con·

548 4899 801 4970 trarietatibus
824 4901 948 4966 nostra
970 4899 1243 4981 nostrorumque
1266 4907 1533 4974 successorum,
1556 4887 1612 4956 vel
1634 4884 1804 4974 cuiquam
1827 4885 2023 4954 hominum.
2050 4887 2137 4954 Item
2171 4884 2402 4956 concedimus

548 5050 616 5120 tibi
641 5050 811 5120 iamdicto
833 5049 960 5118 domno
977 5045 1138 5117 adelferii
1163 5043 1286 5115 abbati
1309 5042 1474 5110 omnibus
1498 5038 1622 5108 liberis
1645 5037 1717 5107 illis
1740 5037 1942 5107 hominibus
1977 5039 2040 5125 qui
2075 5035 2114 5106 in
2149 5037 2315 5108 omnibus
2337 5057 2398 5109 su·

549 5203 726 5292 predictis
748 5205 855 5272 rebus
878 5206 962 5272 sunt
980 5249 990 5289 ,
1013 5199 1069 5269 vel
1093 5195 1229 5266 luerint
1250 5196 1469 5280 habitantes,
1495 5195 1536 5260 ut
1559 5211 1697 5280 semper
1721 5192 1794 5260 sint
1815 5192 1921 5262 liberi
1947 5191 2101 5262 absoluti
2123 5213 2147 5263 a
2169 5210 2255 5282 pars
2277 5195 2402 5283 reipu-

550 5355 659 5444 blice;
684 5359 720 5426 et
742 5372 816 5424 non
835 5353 1031 5424 babeamus
1053 5351 1264 5438 potestatem
1287 5361 1354 5415 nec
1375 5361 1452 5432 nos,
1476 5361 1543 5412 nec
1566 5361 1783 5413 successores
1805 5347 1943 5414 nostros
1967 5363 2091 5414 eorum
2113 5344 2239 5416 tollere
2262 5349 2329 5417 aut
2345 5346 2403 5417 sa·

551 5528 632 5580 cere
657 5507 783 5578 tollere
806 5506 1027 5594 pensionem,
1050 5520 1116 5572 nec
1139 5497 1386 5588 plateaticum,
1409 5513 1476 5564 nec
1491 5495 1750 5583 qualiscunque
1766 5512 1874 5567 censa
1890 5497 1948 5566 vel
1962 5497 2136 5587 dationes,
2154 5516 2221 5568 nec
2236 5499 2403 5588 quolibet

549 5661 739 5730 serbitium
762 5675 886 5728 eorum
909 5655 1035 5726 tollere
1057 5654 1122 5722 aut
1145 5652 1330 5738 inponere,
1354 5647 1409 5717 vel
1432 5646 1579 5735 exigere
1602 5652 1815 5737 querantur-3
1840 5655 1893 5720 set
1915 5668 2053 5741 semper
2076 5653 2287 5742 apartibus
2311 5653 2408 5724 reis·

546 5809 705 5900 publicis
729 5810 865 5880 securis
887 5813 924 5877 et
946 5803 1069 5874 liberis
1091 5804 1284 5892 persistant
1307 5801 1373 5870 sub
1396 5797 1599 5871 defensione
1622 5805 1659 5870 et
1681 5801 1901 5888 protectione
1924 5805 2059 5893 tuaque
2092 5805 2214 5876 domni
2249 5805 2404 5879 adelfcri
