5466 7106
1024 569 1431 652 nlrtotllrlobs
2044 585 2111 657 ltu

305 795 354 864 lie
382 813 459 864 mee
484 812 556 864 ana
580 795 739 882 quinque
763 795 880 884 solidi,
904 800 941 866 et
963 814 1078 885 genca
1102 817 1187 886 una,
1211 805 1247 870 et
1263 819 1334 869 uno
1356 801 1459 872 asino
1476 807 1610 874 abeant
1623 807 1694 894 ipsi
1710 807 1881 876 infantuli
1897 806 1963 874 filii
1980 808 2051 876 mei
2067 826 2159 874 com-

310 952 470 1020 muniter
494 969 575 1018 cum
601 949 676 1038 ipse
692 948 766 1018 filie
782 967 859 1018 mee
884 955 919 1019 et
942 968 1056 1019 uxore
1079 970 1171 1039 mea,
1195 955 1232 1021 et
1255 952 1372 1022 iudico
1395 973 1459 1042 pro
1483 973 1563 1026 mea
1585 957 1733 1026 hanima
1756 955 1883 1024 solidos
1905 974 1969 1024 sex
1992 955 2084 1043 quod
2108 976 2162 1024 re-

308 1104 438 1191 linquo
464 1101 578 1190 ipsius
603 1105 706 1171 uxori
730 1123 820 1190 mee,
845 1107 881 1172 et
903 1105 946 1172 de
970 1103 1038 1190 ipsi
1062 1101 1167 1172 solidi
1191 1106 1283 1194 quod
1305 1107 1392 1176 dare
1416 1108 1547 1178 debent
1569 1128 1633 1197 pro
1656 1127 1736 1180 mea
1751 1109 1917 1198 hanimo,
1934 1109 2043 1179 deant
2058 1111 2162 1178 exin-

309 1260 353 1329 de
376 1259 423 1328 ad
446 1258 526 1346 ipsa
550 1257 628 1328 fllia
650 1277 730 1328 mea
755 1259 899 1329 infirma
921 1257 993 1328 tari
1017 1263 1170 1345 quatuor
1193 1277 1300 1346 super
1324 1261 1399 1348 ipso
1424 1260 1528 1350 aliut,
1553 1261 1646 1348 quod
1669 1261 1833 1350 superius
1857 1261 1889 1330 ei
1916 1261 2108 1346 iudicabit,
2126 1268 2161 1330 et

313 1413 478 1500 relinquo
503 1412 616 1501 ipsius
640 1431 721 1482 case
745 1413 851 1482 uxori
874 1432 950 1481 mee
972 1411 1101 1481 solidos
1123 1417 1200 1482 octo
1223 1415 1284 1501 qui
1308 1419 1392 1483 sunt
1414 1415 1534 1504 propri
1550 1415 1640 1502 eins,
1657 1417 1748 1503 quod
1765 1417 1849 1485 tulit
1866 1415 1909 1484 de
1926 1419 2060 1502 quarta
2077 1433 2157 1501 sna,

311 1564 404 1652 quod
428 1564 462 1633 ei
485 1565 661 1652 pertinuit
684 1565 731 1634 da
752 1564 849 1634 balio
872 1565 948 1633 viro
972 1565 1049 1634 eius
1071 1564 1132 1652 qui
1156 1567 1258 1636 abuit
1281 1567 1355 1654 ipse
1378 1571 1499 1654 petrus
1523 1568 1619 1636 filius
1643 1587 1763 1656 mem,
1789 1567 1918 1638 tollant
1948 1575 2032 1638 ante
2066 1578 2162 1637 sorte

311 1723 441 1806 quarta
464 1717 525 1807 qui
549 1720 619 1788 luit
642 1720 684 1789 de
708 1722 891 1808 genetrice
913 1719 1004 1789 eius.
1030 1723 1078 1789 lle
1101 1719 1250 1809 omnia,
1274 1721 1369 1790 sicut
1391 1721 1555 1808 superius
1579 1721 1779 1810 iudicabit,
1804 1723 1842 1789 in
1879 1742 2024 1792 uranum
2058 1721 2163 1790 illum

310 1873 493 1942 commisit
515 1873 706 1944 alexandri
730 1875 895 1963 germani
919 1876 987 1944 mei
1013 1879 1049 1943 et
1074 1873 1186 1962 ipsius
1210 1892 1295 1943 care
1318 1873 1420 1941 uxori
1445 1892 1535 1961 mee,
1553 1874 1596 1942 de
1619 1894 1691 1962 qua
1714 1893 1780 1962 ego
1795 1877 1960 1962 superius
1976 1875 2092 1945 dictus
2111 1878 2164 1945 ia·

312 2031 467 2120 quintus
489 2028 609 2117 obligo
633 2027 711 2116 ipsa
735 2028 883 2096 heredes
905 2047 1015 2114 meas,
1040 2031 1080 2096 ut
1102 2027 1131 2094 si
1157 2025 1288 2114 aliquit
1310 2025 1352 2094 de
1375 2027 1508 2113 omnia,
1533 2026 1625 2113 quod
1641 2029 1805 2114 superius
1820 2027 1979 2095 iudicabi
1996 2029 2031 2095 et
2046 2027 2163 2114 dispo-

313 2183 402 2270 suit,
427 2181 558 2270 eliquit
580 2181 710 2250 exinde
735 2181 916 2249 remobere
939 2183 1003 2249 aut
1026 2181 1192 2247 contrare
1216 2180 1414 2265 quesierint
1437 2183 1485 2266 et,
1509 2179 1600 2248 sicut
1622 2180 1756 2248 dictum
1773 2183 1838 2268 est,
1855 2199 1926 2247 non
1950 2181 2166 2268 adimplebe-

313 2339 416 2426 rint,
440 2336 486 2407 ad
510 2335 788 2423 componendum
812 2335 909 2405 siant
931 2335 1081 2424 obligati
1106 2336 1184 2422 ipsa
1207 2333 1329 2404 eredes
1353 2353 1451 2402 meas
1481 2350 1690 2420 componere
1721 2335 1878 2420 ipsorum
1910 2335 2163 2406 distributores

315 2493 419 2576 mem,
444 2491 499 2559 vel
523 2489 580 2558 cui
606 2509 676 2558 nnc
700 2493 873 2578 scriptum
898 2489 935 2557 in
959 2509 1104 2560 manum
1131 2487 1306 2575 paruerit,
1333 2485 1465 2573 biginti
1489 2485 1569 2554 auri
1595 2485 1700 2554 solidi
1725 2487 1969 2575 constantini,
1995 2495 2048 2576 et,
2073 2489 2166 2558 sicut

315 2645 481 2732 superius
504 2643 662 2732 legitur,
687 2641 839 2711 firmiter
863 2643 1138 2728 permanerent3
1165 2642 1410 2708 verumtamen
1434 2657 1694 2725 memoramus,
1719 2641 1888 2724 qnoniam
1912 2641 1954 2708 de
1987 2641 2061 2728 ipso
2085 2663 2163 2729 pre-

315 2802 406 2870 tinm
430 2801 543 2888 ipsius
566 2819 649 2870 care
672 2799 776 2867 uxori
801 2817 877 2866 mee
902 2797 1024 2865 datum
1050 2795 1133 2863 inde
1157 2797 1245 2864 abeo
1268 2793 1313 2863 ad
1330 2793 1437 2880 prode
1454 2792 1569 2861 marie
1588 2793 1665 2862 filia
1683 2792 1830 2860 iohanni
1844 2793 2017 2882 bocalupo
2031 2795 2074 2864 de
2091 2817 2167 2864 cor-

315 2957 445 3025 reianu
469 2953 540 3022 tari
567 2950 857 3039 quatuordecim,
882 2949 976 3016 sicut
998 2949 1074 3035 ipso
1097 2949 1240 3016 brebem
1264 2945 1447 3034 continet,
1477 2945 1539 3032 qui
1575 2946 1746 3032 scriptum
1782 2951 1835 3013 est
1866 2966 1928 3033 per
1962 2949 2159 3018 ademmali

315 3111 510 3196 notarium,
535 3112 571 3178 et
594 3126 658 3195 per
681 3106 793 3176 alium
817 3106 960 3172 brebem
984 3102 1096 3171 datim
1119 3100 1251 3168 exinde
1273 3101 1361 3169 abeo
1384 3100 1491 3188 disigi
1517 3098 1708 3204 illiomari
1725 3099 1767 3167 de
1783 3100 1859 3186 ipso
1877 3099 1989 3168 locum
2006 3105 2078 3170 tari
2102 3105 2165 3173 alii

313 3264 461 3350 decem,
485 3262 619 3348 scripto
641 3262 783 3328 brebem
808 3259 923 3346 ipsum
947 3276 1010 3344 per
1034 3255 1171 3324 danseri
1197 3255 1390 3339 notarium,
1415 3257 1451 3320 et
1473 3251 1543 3319 duo
1565 3249 1629 3320 alii
1654 3251 1793 3338 brebri,
1814 3253 1905 3338 quod
1923 3252 1987 3322 illa
2007 3259 2165 3341 prestabi

316 3417 358 3485 de
382 3416 459 3504 ipso
482 3416 636 3502 pretium
653 3415 691 3481 in
707 3431 771 3480 suo
793 3411 936 3479 nomine
961 3409 1054 3498 quod
1076 3408 1141 3476 toti
1164 3405 1364 3494 supradicti
1389 3405 1509 3474 brebri
1534 3404 1680 3472 suerunt
1695 3403 1737 3472 de
1754 3406 1829 3491 ipso
1846 3409 1960 3494 pretio
1976 3427 2053 3496 suo,
2070 3412 2165 3496 quod

315 3569 400 3641 tulit
425 3571 468 3638 de
493 3575 624 3657 quarta
647 3587 712 3638 sua
735 3567 778 3635 de
801 3566 875 3636 alio
898 3565 974 3631 viro
998 3581 1074 3640 suo,
1100 3567 1136 3630 et
1160 3560 1237 3648 ipso
1261 3557 1415 3646 pretium
1440 3559 1532 3646 quod
1557 3559 1642 3628 dare
1667 3560 1761 3628 dixit
1785 3561 1943 3647 ipsorum
1969 3563 2042 3631 filio
2066 3584 2166 3651 mee,

314 3725 408 3794 sicut
431 3741 541 3811 supra
565 3722 711 3808 legitur,
736 3718 947 3805 recolligant
970 3716 1053 3784 illut
1078 3717 1146 3800 ipsi
1170 3713 1419 3782 distributores
1444 3713 1539 3800 mei,
1564 3733 1625 3780 seu
1651 3714 1708 3781 cui
1734 3733 1804 3781 unc
1829 3717 2003 3802 scriptum
2027 3717 2067 3782 in
2092 3737 2167 3787 ma-

316 3897 403 3948 num
427 3879 604 3965 paruerit,
619 3881 665 3954 ,et
687 3871 920 3952 deautillum
946 3871 1100 3956 ipsorum
1126 3867 1200 3936 filie
1223 3887 1312 3953 mee,
1336 3867 1539 3936 iaciendum
1563 3887 1631 3954 que
1657 3867 1849 3955 boluerint,
1874 3875 1909 3938 et
1932 3870 2055 3939 taliter
2079 3875 2167 3940 scri-

318 4035 401 4102 bere
418 4032 625 4119 rogabimus
640 4031 675 4096 te
690 4025 873 4096 dauferius
889 4022 1066 4110 notariuS,
1083 4026 1201 4092 actum
1218 4021 1371 4091 salerno.
1400 4023 1475 4110 Ego
1490 4021 1675 4090 mirandus
1691 4021 1853 4091 notarius
1877 4042 1932 4092 me
1956 4024 2164 4113 subscripsi.

317 4188 393 4273 Ego
418 4185 601 4272 radeghisi
626 4182 788 4251 11111111
811 4199 866 4248 me
888 4177 1097 4264 subscripsi.
1122 4177 1272 4244 Etcum
1296 4175 1365 4244 suit
1387 4174 1559 4244 relectum
1582 4175 1825 4262 supradictum
1853 4177 2039 4267 scriptum,
2074 4179 2169 4250 dixit

316 4344 390 4429 ipse
416 4342 537 4426 petrus
559 4337 689 4426 salsum
712 4340 830 4404 esset:
864 4333 932 4423 ipsi
961 4335 1076 4400 mater
1106 4334 1143 4398 et
1165 4329 1238 4396 illio
1270 4328 1441 4396 dixerunt
1466 4328 1628 4397 beracem
1653 4333 1770 4416 esset;
1798 4331 1890 4400 undo
1917 4331 2012 4401 inter
2037 4334 2089 4402 eis
2113 4336 2170 4403 in-

317 4493 455 4564 dicabit
480 4469 516 4560 et
540 4491 701 4576 utrisque
727 4486 799 4554 illis
822 4484 998 4574 guadiare
1022 4482 1132 4569 fecit,
1155 4485 1196 4550 ut
1219 4480 1294 4568 ipse
1319 4485 1442 4568 petrus
1467 4501 1596 4569 parare
1620 4487 1745 4552 sancta
1778 4483 1834 4550 dei
1868 4485 2080 4572 evnangelia
2094 4535 2104 4574 ‚
2131 4493 2168 4557 et

315 4650 393 4736 ipsa
418 4649 532 4714 mater
556 4647 591 4711 et
614 4642 689 4710 filio
712 4639 905 4709 secundum
927 4635 1044 4723 legem
1072 4636 1188 4722 ipsum
1213 4636 1387 4722 scriptum
1410 4635 1640 4724 adberarent,
1660 4641 1695 4704 et
1712 4637 1772 4704 ubi
1798 4638 1921 4706 taliter
1938 4637 2041 4706 illum
2058 4639 2166 4709 adbe-

318 4801 495 4884 raberint‚
520 4801 579 4866 tuc
604 4795 678 4882 ipse
702 4797 824 4881 petrus
847 4809 991 4879 presens
1015 4763 1204 4876 componat
1228 4789 1386 4876 ipsorum
1410 4794 1525 4860 mater
1549 4788 1584 4860 et
1607 4791 1682 4860 filio
1707 4789 1774 4879 ipsi
1800 4791 1933 4878 biginti
1958 4792 2061 4860 solidi
2085 4811 2170 4892 con-

316 4956 484 5042 stantini,
510 4971 579 5040 qne
605 4951 680 5040 ipso
702 4947 879 5034 scriptum
901 4937 1086 5029 contiuet3
1113 4942 1205 5009 unde
1231 4939 1309 5029 ipsa
1333 4949 1446 5010 mater
1470 4947 1505 5011 et
1530 4943 1603 5008 filio
1626 4947 1821 5029 posuerunt
1844 4941 2077 5012 mediatorem
2093 4943 2167 5012 ale·

315 5111 455 5185 nandro
479 5101 710 5192 fllio'ciceri,
735 5105 867 5190 etipse
892 5105 1014 5188 petrus
1038 5098 1156 5184 posuit
1177 5097 1209 5163 ei
1235 5095 1464 5164 mediatorem
1485 5083 1648 5164 mu'soato
1672 5096 1745 5163 lllio
1777 5096 1928 5182 predicti
1959 5099 2083 5166 ciceri.
2119 5099 2164 5165 Et
2235 5071 2244 5094 ⁰

318 5283 383 5353 pro
406 5268 510 5352 parte
534 5266 690 5350 ipsorum
714 5264 827 5328 mater
851 5259 886 5324 et
910 5254 976 5321 lilii
1001 5251 1157 5320 scribere
1182 5247 1330 5318 lecimus
1353 5251 1388 5315 te
1414 5248 1599 5332 iaquintus
1624 5247 1802 5315 notarius
1835 5231 1840 5242 ’

274 5472 281 5490 1
370 5390 401 5506 †
426 5419 500 5504 Ego
523 5416 585 5502 qui
609 5433 718 5501 supra
741 5407 1025 5497 ragemprandns
1049 5405 1168 5472 iudea.
