5422 7102
1266 548 1435 621 CODEX
1478 547 1745 621 divensis

1284 951 1737 1035 DGGCXXXVII.

1362 1218 1416 1292 A.
1445 1213 1494 1290 D.
1524 1212 1644 1296 1031.

621 1452 722 1593 †In
747 1508 892 1574 nomine
915 1508 1049 1576 domini
1075 1509 1317 1578 tertiodecimo
1341 1525 1435 1576 anno
1466 1507 1689 1594 principatus
1725 1507 1844 1575 domni
1868 1507 1980 1574 nostri
2015 1505 2211 1576 Guaimarii
2243 1506 2417 1592 gloriosus

576 1659 742 1746 princeps
759 1659 854 1727 filius
870 1661 1049 1746 quondam
1066 1663 1185 1730 domni
1203 1661 1395 1748 guaimarii
1413 1659 1598 1749 principis
1613 1678 1732 1728 mense
1744 1663 1906 1746 agustuS,
1923 1659 2191 1745 quartadecima
2207 1658 2415 1730 indictione.

579 1813 868 1879 memoratorium
893 1813 990 1881 sactu
1014 1834 1037 1880 a
1060 1832 1114 1880 me
1138 1813 1295 1881 radelchi
1320 1831 1435 1878 comes
1458 1811 1553 1878 tilius
1576 1811 1753 1896 quondam
1787 1809 1931 1878 adeltcri
1957 1809 2118 1896 comitis,
2142 1826 2183 1877 11
2206 1810 2297 1896 quod
2325 1813 2409 1878 anto

576 1964 768 2051 subscripti
792 1935 899 2032 testes
923 1983 986 2050 per
1011 1966 1103 2034 bona
1127 1965 1377 2034 conbenicntia'
1399 1983 1463 2051 pro
1480 1963 1555 2032 bice
1571 1983 1663 2050 mea,
1679 1969 1714 2032 11
1729 1983 1791 2049 pro
1809 1963 1884 2030 bioe
1901 1963 2022 2031 aloare
2040 1963 2143 2030 uxori
2162 1981 2250 2049 mee,
2268 1961 2418 2032 tradidit

578 2119 616 2183 at
629 2116 824 2183 tenendum
839 2120 875 2183 et
889 2117 1162 2203 gubernandum
1184 2116 1315 2184 stefani
1331 2115 1404 2184 filio
1420 2117 1596 2202 quondam
1613 2115 1709 2202 sergi
1724 2115 1767 2182 de
1784 2135 1869 2182 ursu
1884 2115 1927 2183 de
1943 2117 2053 2202 maiu,
2071 2119 2106 2184 ct
2118 2116 2260 2184 mulieri
2276 2116 2419 2196 nomine

534 2331 539 2340 „
576 2267 697 2335 daseia
722 2287 813 2335 uxor
836 2268 988 2354 predicti
1011 2269 1141 2336 stefani
1166 2273 1202 2336 et
1225 2267 1300 2336 filia
1323 2269 1413 2355 petri
1440 2269 1482 2336 de
1506 2273 1645 2337 tresara
1670 2287 1780 2336 unum
1799 2269 1971 2336 molinum
1986 2273 2146 2336 nostrum
2165 2269 2418 2354 pertinentem,

578 2419 670 2504 quod
695 2419 897 2488 edificatum
922 2423 1071 2489 abemus
1096 2420 1133 2485 in
1159 2420 1265 2488 flubio
1289 2422 1413 2506 boteri,
1430 2425 1465 2487 et
1488 2425 1541 2489 est
1563 2421 1637 2506 ipso
1661 2421 1832 2488 molinum
1856 2420 1947 2506 quod
1964 2437 2084 2486 eorum
2101 2419 2315 2488 tradidimus
2331 2436 2415 2488 con·

579 2571 721 2638 iunium
746 2591 768 2639 a
791 2575 893 2657 parte
917 2572 1068 2639 orientis
1091 2573 1299 2640 coniuntum
1322 2592 1409 2660 erga
1432 2573 1518 2641 iscla
1542 2578 1677 2658 nostra,
1701 2591 1769 2657 que
1792 2572 1961 2640 coniunta
1984 2577 2036 2640 est
2059 2591 2140 2640 cunr
2163 2572 2261 2659 plaiu
2293 2579 2416 2640 nostru

584 2725 643 2809 qui
669 2728 723 2791 est
746 2725 792 2792 ab
817 2721 893 2809 ipsa
917 2728 1019 2809 parte
1042 2725 1202 2809 orientis3
1229 2725 1305 2792 ideo
1328 2725 1444 2810 ipsum
1470 2726 1640 2792 molinum
1664 2744 1786 2793 eorum
1811 2725 1959 2794 tradidit
1982 2726 2180 2794 conciaturn
2208 2731 2243 2792 et
2273 2725 2421 2793 edifica·

578 2883 654 2942 tum
678 2895 757 2943 cum
783 2875 873 2942 mole
897 2879 986 2943 nobe
1009 2881 1046 2943 et
1070 2877 1269 2943 cumomni
1295 2877 1418 2945 ordine
1441 2885 1476 2945 et
1500 2877 1718 2964 pertinentia
1741 2897 1817 2964 sua,
1842 2883 1878 2945 et
1902 2897 1981 2945 cum
2007 2878 2146 2945 boccaio
2174 2881 2209 2946 11
2233 2878 2360 2948 canale
2383 2881 2420 2946 et

577 3047 657 3096 cum
683 3031 807 3097 usibus
830 3049 1006 3115 aquarum
1029 3036 1065 3099 11
1087 3035 1285 3117 coopertum
1312 3032 1454 3117 bonurn,
1480 3031 1585 3117 qualo
1618 3031 1812 3115 perfectum
1842 3035 2032 3100 macenant
2062 3050 2142 3098 cum
2167 3033 2244 3118 ipsa
2269 3030 2357 3100 iscla
2379 3034 2417 3098 et

578 3203 660 3252 cum
685 3186 761 3271 ipso
784 3185 896 3272 plain,
919 3187 980 3271 qui
1004 3190 1057 3253 est
1079 3206 1167 3274 erga
1190 3187 1266 3273 ipso
1292 3186 1460 3254 molinum
1485 3186 1522 3252 in
1540 3191 1641 3272 parte
1665 3186 1826 3270 orientia,
1850 3191 1987 3254 etcum
2012 3186 2085 3256 alia
2109 3186 2223 3256 media
2239 3187 2327 3255 iscla
2350 3204 2419 3273 que

581 3341 637 3404 est
663 3359 685 3406 a
707 3343 808 3423 parto
831 3337 1049 3426 occidentis,
1074 3339 1137 3406 tati
1162 3338 1311 3424 ordine,
1336 3346 1376 3406 ut
1399 3339 1521 3406 amodo
1544 3343 1580 3406 11
1603 3357 1713 3425 usque
1737 3357 1793 3407 ses
1815 3341 1904 3408 anni
1927 3340 2079 3426 conpleti
2115 3340 2187 3407 illis
2211 3344 2247 3406 11
2273 3339 2415 3408 illorum

581 3489 705 3556 eredes
730 3491 804 3575 ipso
828 3489 999 3558 molinum
1025 3488 1166 3556 illorum
1190 3491 1372 3576 potestatis
1395 3495 1517 3559 tenere
1541 3495 1576 3559 et
1598 3491 1793 3577 dominare,
1822 3495 1858 3559 et
1882 3495 1958 3578 ipso
1989 3493 2160 3559 molinum
2183 3491 2311 3561 cotidie
2333 3511 2418 3560 con·

582 3643 693 3718 ciero,
721 3647 755 3711 et
779 3643 967 3730 custodire,
993 3647 1028 3712 et
1051 3643 1187 3712 salbum
1211 3644 1340 3728 iacere,
1364 3648 1406 3710 ut
1427 3645 1621 3730 perfectum
1646 3663 1834 3714 macenarc
1849 3648 2002 3731 pussant.
2030 3647 2073 3712 Et
2089 3649 2227 3732 quanta
2251 3645 2420 3717 molitura

583 3795 716 3864 exinde
740 3795 864 3864 tollere
889 3797 1066 3864 relabere
1090 3797 1270 3881 potuerint
1295 3813 1406 3881 usque
1431 3796 1506 3882 ipso
1529 3797 1760 3864 constitutum
1786 3798 1886 3866 etde
1909 3798 2083 3884 ipseisclo
2107 3798 2231 3866 tollere
2249 3798 2421 3884 potuerit,

581 3953 694 4016 toturn
721 3948 803 4016 illut
826 3949 893 4016 sivi
917 3951 1060 4037 abeant,
1086 3948 1288 4017 iaciendum
1311 3949 1404 4034 quod
1427 3947 1592 4016 boluerit:
1611 3955 1749 4018 tantum
1766 3949 1796 4016 si
1813 3955 1932 4019 ortona
1949 3953 1987 4018 in
2005 3950 2079 4038 ipse
2097 3950 2181 4018 iscie
2204 3951 2338 4038 1111111,
2355 3971 2420 4021 an·

579 4101 741 4171 nuaiiter
765 4101 897 4170 cotidie
920 4103 1050 4170 exinde
1065 4103 1165 4170 vobis
1188 4102 1337 4170 bisitare
1360 4106 1396 4170 et
1418 4101 1517 4189 dare,
1541 4106 1578 4170 et
1593 4122 1656 4190 per
1671 4121 1792 4172 omnes
1808 4103 1975 4173 calendas
1998 4105 2041 4172 de
2056 4103 2182 4172 circuli
2199 4103 2288 4173 anni
2305 4123 2418 4192 usque

580 4255 659 4341 ipso
683 4255 916 4323 constitutum
940 4254 1153 4324 atducerent
1177 4255 1275 4324 intus
1298 4273 1338 4323 eo
1362 4257 1457 4322 cibes
1479 4259 1518 4324 at
1541 4255 1664 4323 domus
1687 4261 1811 4325 nostra
1846 4273 1916 4326 ana
1939 4259 2012 4325 tres
2045 4257 2176 4327 socaoie
2210 4259 2300 4328 bone
2323 4259 2416 4328 facte

577 4410 612 4474 et
637 4408 732 4473 cotte
755 4411 791 4473 et
814 4405 873 4472 ilie
898 4406 1001 4472 nobis
1025 4406 1224 4493 atsignare;
1242 4426 1350 4494 quam
1373 4412 1409 4476 et
1432 4427 1494 4494 per
1518 4425 1653 4477 annum
1676 4408 1800 4478 amodo
1823 4413 1859 4477 11
1882 4427 1994 4497 usque
2010 4409 2086 4498 ipso
2108 4413 2341 4519 constitutum
2357 4413 2421 4484 da-

576 4525 661 4626 rent
684 4557 787 4624 novis
811 4561 847 4626 in
874 4557 1021 4626 calendo
1045 4558 1234 4628 ianuarius
1257 4559 1416 4645 quinque
1439 4560 1519 4644 auri
1544 4561 1613 4630 tari
1631 4563 1713 4630 boni
1737 4564 1826 4630 etin
1843 4561 1988 4632 calendo
2005 4567 2159 4636 sebtebri
2176 4567 2237 4636 alii
2255 4568 2416 4655 quinque

577 4711 658 4779 auri
683 4711 754 4779 tari
780 4710 877 4798 boni,
896 4717 935 4778 ut
958 4709 1106 4779 beniant
1128 4711 1167 4778 in
1190 4710 1295 4778 simut
1320 4731 1383 4798 per
1406 4731 1517 4782 annos
1538 4714 1658 4782 decern
1681 4714 1762 4783 auri
1780 4718 1851 4784 tari
1868 4717 1962 4805 boni,
1980 4723 2019 4786 ut
2034 4737 2097 4806 por
2112 4725 2219 4806 caput
2237 4719 2311 4787 illis
2326 4720 2415 4789 darc

576 4879 778 4950 possamus,
792 4861 993 4931 faciendum
1011 4880 1150 4948 semper
1173 4862 1215 4930 de
1240 4863 1308 4950 ipsi
1332 4865 1405 4934 tari
1428 4867 1549 4934 omnia
1563 4867 1655 4952 quod
1671 4867 1897 4936 boluerimus.
1924 4869 1970 4937 ad
1992 4870 2143 4957 conpleti
2169 4871 2238 4957 ipsi
2254 4891 2310 4940 ses
2326 4871 2414 4940 anni

579 5015 657 5082 illis
682 5020 717 5082 11
740 5016 814 5082 suis
837 5014 1002 5083 aradibus
1024 5015 1187 5085 remittat
1209 5021 1248 5084 at
1270 5019 1443 5103 potestate
1466 5022 1589 5086 nostra
1612 5019 1667 5087 vel
1690 5019 1733 5088 de
1760 5021 1890 5088 nostris
1921 5023 2086 5091 eredibus
2120 5024 2303 5113 integrum
2335 5027 2411 5114 ipso

576 5167 749 5236 molinum
773 5187 853 5236 cum
878 5168 968 5237 mole
991 5171 1082 5236 nobe
1105 5171 1141 5236 et
1165 5171 1266 5256 bone,
1291 5177 1327 5237 et
1354 5188 1435 5236 cum
1459 5167 1573 5236 omnis
1597 5170 1800 5240 terraturiis
1822 5176 1896 5242 suis
1919 5181 1954 5244 11
1977 5175 2091 5244 omnis
2115 5182 2153 5247 at
2177 5179 2294 5265 ipsum
2317 5179 2419 5248 moli·

576 5336 665 5385 num
690 5319 969 5406 pertinentibus
986 5326 1021 5388 et
1044 5340 1124 5388 curn
1148 5321 1302 5390 reditum
1326 5324 1455 5389 bonum
1479 5323 1613 5391 sactum
1636 5345 1659 5394 a
1681 5343 1787 5411 super
1802 5326 1876 5414 ipso
1891 5329 2075 5418 molinum,
2092 5337 2225 5402 etcum
2242 5333 2417 5401 tiburtum

576 5491 598 5540 a
622 5471 716 5540 toras
739 5473 815 5559 ipso
839 5471 1023 5558 molinum,
1050 5477 1086 5540 et
1109 5491 1188 5540 cum
1212 5433 1315 5542 ambe
1338 5473 1412 5560 ipse
1435 5476 1518 5546 iscle
1542 5485 1577 5546 et
1600 5480 1757 5564 predicto
1780 5480 1891 5570 ptaiu,
1908 5489 1944 5555 et
1960 5504 2040 5554 cum
2057 5489 2132 5574 ipso
2148 5487 2336 5557 salicetum
2352 5487 2415 5574 qui

576 5629 659 5696 abet
683 5629 722 5696 in
747 5629 821 5715 ipse
845 5627 941 5704 isole,
967 5635 1002 5696 et
1025 5628 1102 5714 ipso
1124 5628 1309 5716 molinum,
1334 5634 1475 5718 quando
1498 5635 1580 5702 illut
1603 5611 1703 5702 novis
1727 5639 1935 5724 ammiserit,
1953 5639 2023 5707 siat
2044 5642 2244 5710 conciatum
2269 5645 2415 5730 bonum,

576 5781 733 5866 qualitor
758 5783 872 5868 ipsum
897 5782 1067 5850 molinum
1093 5783 1151 5852 die
1174 5790 1349 5872 noctuque
1372 5787 1524 5872 perfecte
1547 5805 1733 5858 macenare
1757 5797 1914 5879 possent,
1930 5791 2131 5861 faciendum
2147 5793 2191 5862 de
2215 5795 2290 5881 ipso
2313 5796 2417 5864 moli·
