5422 7102
636 525 712 598 256
1273 529 1448 605 CODEX
1482 529 1753 608 cnvnnsts

587 749 789 840 volueritis,
813 773 894 824 oum
918 755 1023 843 quate
1047 757 1228 826 monimen
1250 761 1286 827 ct
1309 759 1449 830 ratione
1472 759 1556 828 inde
1579 761 1686 830 abere
1708 761 1912 849 potueritis.
1936 763 2083 852 quodsi
2107 764 2230 835 taliter
2261 769 2326 836 eto.
2352 769 2435 837 Sto·

586 907 664 972 tnto
686 908 821 976 nnntotn
841 907 973 996 oiptnti
994 912 1082 978 anti
1103 911 1297 980 solidorum
1320 913 1559 982 Constantini.
1578 918 1839 998 verumtamen,
1856 919 1952 988 siout
1967 920 2215 1007 supradictum
2230 925 2297 1009 est,
2314 923 2436 992 media

586 1057 629 1126 de
644 1061 719 1128 tota
734 1061 981 1148 suprascripta
1002 1062 1172 1149 sortione,
1189 1063 1252 1150 qui
1268 1064 1337 1134 suit
1359 1065 1473 1154 ipsius
1497 1067 1589 1154 petri
1608 1069 1765 1156 genitori
1787 1087 1865 1137 meo
1880 1069 1924 1138 dc
1941 1070 2112 1140 iamdicta
2126 1074 2226 1140 terra
2240 1091 2322 1140 cum
2336 1091 2436 1162 casa,

586 1213 684 1282 vobis
708 1213 869 1283 iamdicti
892 1215 1056 1302 germani
1081 1217 1323 1304 venumdedit,
1345 1216 1390 1286 ad
1406 1219 1609 1287 iaciendum
1627 1219 1710 1289 inde
1726 1220 1819 1308 quod
1842 1219 2028 1290 volueritis
2043 1239 2107 1310 per
2118 1221 2289 1292 iamdicta
2304 1223 2437 1311 guadia

584 1369 621 1434 et
642 1365 805 1454 obligata
827 1383 935 1454 pena,
959 1387 1067 1454 quam
1090 1371 1126 1438 te
1149 1366 1325 1438 iohannes
1349 1369 1515 1440 notarius
1537 1370 1696 1440 scribere
1719 1373 1925 1462 rogavimus
1949 1379 2069 1444 actum
2092 1374 2247 1443 salerno.

631 1489 663 1607 †
688 1519 762 1607 Ego
785 1519 946 1588 aiderissi
970 1519 1134 1590 notarius
1157 1539 1213 1589 me
1237 1523 1432 1611 subscripsi

628 1641 660 1760 †
685 1672 760 1760 Ego
784 1674 992 1743 smaracdus
1014 1675 1179 1744 notarius
1201 1695 1256 1744 me
1281 1679 1488 1764 subscripsi.

1316 1931 1721 1944 ——-—-—...

1315 2194 1712 2276 DCCCLXVII.

1361 2457 1414 2532 A.
1444 2457 1493 2532 D.
1521 2455 1649 2534 1034.

625 2694 726 2834 †In
748 2745 892 2815 nomine
915 2745 1048 2814 domini
1074 2747 1311 2816 sextodecimo
1344 2763 1438 2814 anno
1470 2745 1697 2834 principatus
1726 2745 1847 2813 domni
1879 2743 1993 2812 nostri
2017 2745 2211 2832 guaimari,
2228 2744 2295 2815 filii
2318 2763 2429 2833 quon-

580 2901 662 2972 dam
687 2899 806 2968 domni
831 2899 1027 2988 guaimarii
1052 2901 1175 2986 magni
1207 2895 1395 2988 principis,
1413 2919 1532 2968 mense
1556 2900 1701 2986 martio,
1717 2899 1873 2968 secunda
1905 2899 2113 2968 indictione.
2140 2901 2428 2970 Memoratcrium

580 3054 712 3124 factum
729 3071 824 3122 ame
847 3051 924 3120 sicu
947 3052 1020 3121 filio
1043 3051 1222 3140 quondam
1241 3053 1321 3124 risi,
1339 3053 1506 3140 quoniam
1523 3059 1608 3122 ante
1624 3071 1661 3120 os
1677 3053 1752 3121 dies
1767 3053 1898 3120 suimus
1916 3053 1954 3120 in
1971 3052 2091 3139 plures
2106 3053 2331 3121 causationes
2346 3069 2429 3120 cum

581 3206 735 3290 petrici
760 3205 915 3272 iohanne
944 3203 1011 3270 tilii
1042 3201 1220 3288 quondam
1250 3203 1362 3272 aliani
1393 3222 1457 3290 pro
1480 3222 1520 3272 eo
1544 3205 1636 3291 quod
1659 3223 1725 3294 ego
1758 3223 1949 3292 querevam
1980 3208 2172 3274 sortionem
2201 3208 2334 3274 havere
2365 3222 2432 3290 pro

582 3375 666 3444 pars
690 3355 811 3426 aloare
834 3355 1010 3443 genitrice
1033 3373 1112 3424 mea
1134 3353 1177 3422 dc
1202 3354 1276 3440 ipso
1300 3357 1386 3441 quot
1414 3359 1650 3426 communiter
1683 3361 1876 3428 havuimus
1899 3359 1938 3426 in
1963 3359 2077 3427 locum
2110 3357 2334 3427 trintinaria:
2362 3356 2429 3442 ipsi

582 3507 744 3580 iamdicti
768 3509 933 3596 germani
957 3508 1127 3576 dixerunt
1150 3508 1243 3596 quod
1266 3509 1445 3594 predictus
1476 3511 1617 3597 genitor
1652 3511 1795 3579 illorum
1826 3511 2041 3581 vicariatum
2072 3513 2154 3580 illut
2182 3514 2315 3580 havere
2346 3530 2428 3579 oum

579 3647 738 3750 predicto
762 3661 926 3748 genitore
949 3665 985 3729 et
1007 3661 1184 3748 genitrice
1208 3680 1301 3748 mea,
1326 3666 1363 3731 et
1386 3679 1450 3750 pro
1475 3661 1552 3749 ipsa
1576 3664 1733 3730 sortione
1757 3666 1881 3749 nostra
1904 3664 1947 3732 de
1973 3663 2132 3748 predicta
2156 3663 2320 3732 rebus'de
2336 3665 2427 3732 trin-

579 3815 719 3886 tinaria
742 3834 805 3901 per
829 3815 1003 3884 vicariam
1027 3815 1150 3881 datum
1175 3815 1323 3883 haveret
1346 3816 1391 3884 ad
1416 3816 1574 3902 predicto
1597 3819 1761 3902 genitore
1784 3818 1820 3884 et
1843 3817 2018 3903 genitrice
2043 3834 2123 3884 mea
2147 3815 2273 3884 inolita
2298 3815 2429 3884 medie·

579 3972 688 4038 tatem
712 3968 754 4036 de
776 3969 970 4036 sortionem
1002 3967 1114 4056 ipsius
1145 3968 1300 4037 aliarani
1332 3967 1424 4053 quod
1454 3967 1488 4035 ei
1512 3968 1680 4035 hevenire
1710 3967 1831 4035 devuit
1860 3967 1903 4035 de
1933 3969 2039 4036 rebus
2069 3967 2163 4055 quod
2193 3967 2428 4035 communiter

580 4118 744 4188 aruimus
768 4121 813 4191 ad
837 4119 915 4208 ipsa
939 4139 1035 4208 casa3
1060 4139 1125 4208 ego
1149 4125 1269 4190 autem
1293 4121 1433 4190 dicevat
1456 4137 1527 4188 non
1544 4140 1620 4190 csse
1643 4121 1792 4190 veritas:
1819 4120 1887 4207 ipsi
1903 4119 2055 4208 predicti
2072 4121 2234 4208 germani
2256 4119 2427 4188 dixerunt

578 4271 820 4342 testimonium
853 4275 934 4344 inde
958 4275 1121 4361 haveret,
1138 4272 1297 4359 qualiter
1320 4271 1500 4359 predictus
1524 4272 1707 4341 alinranus
1737 4274 1879 4360 genitor
1911 4272 2054 4340 illorum
2077 4292 2157 4340 cum
2181 4273 2338 4361 predicto
2361 4293 2423 4361 ge·

578 4427 694 4498 nitore
718 4431 753 4496 et
776 4427 951 4515 genitrice
975 4445 1054 4494 mea
1085 4425 1245 4513 predicta
1275 4425 1413 4496 vicaria
1445 4427 1538 4495 iuter
1572 4445 1609 4495 se
1633 4427 1804 4497 traditam
1833 4431 1993 4499 haveret.
2029 4428 2126 4525 unde¹
2155 4447 2217 4515 per
2246 4427 2420 4497 iudicium

578 4579 790 4647 machenolil
821 4579 992 4648 castaldei
1026 4579 1191 4664 guadiati
1223 4579 1379 4666 fuimus,
1405 4583 1440 4647 et
1463 4579 1531 4666 ipsi
1558 4581 1715 4649 iamdicti
1745 4581 1911 4669 germani
1941 4601 2020 4650 cum
2046 4583 2124 4666 ipsa
2146 4579 2349 4650 testimonia
2370 4598 2424 4646 se-

579 4732 734 4798 cundum
758 4731 872 4818 legem
896 4730 977 4800 illut
1000 4732 1160 4799 firmaret
1183 4729 1229 4797 ad
1251 4735 1376 4799 sancta
1391 4729 1446 4797 dei
1465 4731 1652 4817 evangelia
1669 4735 1704 4801 et
1720 4751 1784 4819 ego
1801 4736 2027 4820 permaneret
2043 4733 2081 4799 in
2098 4731 2259 4818 predicta
2274 4731 2423 4816 vicaria3

580 4887 633 4952 sci
657 4887 851 4969 antequam
882 4902 945 4969 per
977 4883 1091 4972 legem
1113 4883 1195 4952 illut
1217 4881 1402 4970 diffiniret,
1421 4901 1484 4970 per
1507 4881 1718 4950 locutionem
1742 4884 1912 4950 bonorum
1938 4882 2125 4949 hominum
2151 4885 2230 4951 orta
2253 4885 2307 4950 est
2330 4881 2424 4949 inter

581 5053 645 5102 nos
668 5035 976 5124 combcnicntiam‚
1002 5041 1037 5104 ct
1059 5053 1126 5122 ego
1149 5035 1338 5102 iamdictus
1361 5034 1437 5102 sicu
1460 5054 1540 5102 cum
1565 5034 1725 5120 predicta
1748 5033 1923 5120 genitrice
1946 5052 2026 5102 mea
2042 5053 2104 5119 per
2128 5035 2422 5102 combenientiam

581 5188 802 5258 remissimus
826 5193 933 5275 atque
956 5189 1171 5258 tradidimus
1196 5193 1280 5256 ante
1304 5187 1496 5273 subscripti
1521 5189 1626 5254 testes
1643 5190 1719 5254 tota
1738 5193 1774 5254 et
1792 5185 1916 5254 inclita
1941 5187 2100 5272 predicta
2121 5191 2244 5254 nostra
2268 5185 2422 5253 sortione

579 5344 622 5410 dc
655 5347 759 5412 robus
782 5345 825 5413 dc
849 5343 1006 5430 predicto
1042 5342 1156 5410 locum
1186 5340 1400 5409 trintinaria
1424 5341 1469 5409 ad
1493 5342 1560 5428 ipsi
1595 5339 1756 5407 iamdicti
1788 5340 1983 5428 germanis,
2007 5343 2043 5406 et
2068 5337 2134 5424 ipsi
2160 5337 2320 5407 iamdicti
2344 5357 2424 5424 ger-

579 5495 680 5564 mani
706 5499 781 5564 vice
797 5513 862 5564 sua
879 5501 914 5564 et
929 5513 992 5584 pro
1016 5498 1093 5564 vice
1118 5492 1333 5577 maraldclli,
1350 5493 1412 5577 qui
1428 5496 1481 5558 est
1504 5509 1717 5578 germanum
1740 5490 1894 5577 illorum,
1911 5490 2139 5560 tradiderunt
2156 5496 2231 5562 tota
2246 5496 2283 5561 et
2297 5491 2422 5560 inclita

582 5653 771 5720 medietate
807 5652 849 5720 de
881 5653 957 5738 ipsa
987 5653 1179 5718 sortionem
1212 5648 1354 5716 illorum
1391 5647 1434 5715 de
1468 5649 1574 5717 rebus
1603 5651 1645 5718 de
1671 5653 1749 5738 ipsa
1772 5649 1944 5718 iamdicta
1966 5667 2050 5716 casa
2074 5668 2155 5716 cum
2179 5647 2307 5716 inclita
2329 5645 2425 5714 socia

582 5801 729 5869 iliorum
753 5802 845 5887 quod
869 5802 1033 5869 rotinunt
1057 5801 1095 5867 in
1120 5799 1197 5885 ipsa
1222 5797 1310 5866 iscla
1333 5795 1374 5865 de
1399 5799 1478 5885 ipsa
1501 5817 1601 5886 oasa3
1625 5801 1690 5866 hcc
1714 5819 1797 5868 vero
1819 5798 1984 5886 predicta
2007 5799 2315 5884 combenientiam,
2341 5815 2430 5883 qua·
