<?xml version="1.0" encoding="UTF-8"?>
<!DOCTYPE html PUBLIC "-//W3C//DTD XHTML 1.0 Transitional//EN"
    "http://www.w3.org/TR/xhtml1/DTD/xhtml1-transitional.dtd">
<html xmlns="http://www.w3.org/1999/xhtml" xml:lang="en" lang="en">
 <head>
  <title>
</title>
<meta http-equiv="Content-Type" content="text/html;charset=utf-8" />
  <meta name='ocr-system' content='tesseract 3.04.00' />
  <meta name='ocr-capabilities' content='ocr_page ocr_carea ocr_par ocr_line ocrx_word'/>
</head>
<body>
  <div class='ocr_page' id='page_1' title='image "./codexdiplomatic03aragoog_0045.png"; bbox 0 0 5414 7098; ppageno 0'>
   <div class='ocr_carea' id='block_1_1' title="bbox 1049 560 2121 634">
    <p class='ocr_par' dir='ltr' id='par_1_1' title="bbox 1049 560 2121 634">
     <span class='ocr_line' id='line_1_1' title="bbox 1049 560 2121 634; baseline -0.004 -4"><span class='ocrx_word' id='word_1_1' title='bbox 1049 560 1458 634; x_wconf 74' lang='lat' dir='ltr'>lllplolldl‘ltds</span> <span class='ocrx_word' id='word_1_2' title='bbox 1743 607 1745 612; x_wconf 67' lang='lat'>,</span> <span class='ocrx_word' id='word_1_3' title='bbox 2100 563 2121 626; x_wconf 82' lang='lat' dir='ltr'>tl</span> 
     </span>
    </p>
   </div>
   <div class='ocr_carea' id='block_1_2' title="bbox 306 784 2160 876">
    <p class='ocr_par' dir='ltr' id='par_1_2' title="bbox 306 784 2160 876">
     <span class='ocr_line' id='line_1_2' title="bbox 306 784 2160 876; baseline -0.001 -20"><span class='ocrx_word' id='word_1_4' title='bbox 306 792 344 856; x_wconf 91' lang='lat' dir='ltr'>et</span> <span class='ocrx_word' id='word_1_5' title='bbox 368 785 442 854; x_wconf 86' lang='lat' dir='ltr'>illis</span> <span class='ocrx_word' id='word_1_6' title='bbox 466 788 581 854; x_wconf 91' lang='lat' dir='ltr'>totum</span> <span class='ocrx_word' id='word_1_7' title='bbox 604 785 686 853; x_wconf 86' lang='lat' dir='ltr'>illut</span> <span class='ocrx_word' id='word_1_8' title='bbox 709 803 773 853; x_wconf 88' lang='lat' dir='ltr'>suo</span> <span class='ocrx_word' id='word_1_9' title='bbox 796 789 953 872; x_wconf 89' lang='lat' dir='ltr'>tempore</span> <span class='ocrx_word' id='word_1_10' title='bbox 976 784 1197 856; x_wconf 88' lang='lat' dir='ltr'>vindemiare</span> <span class='ocrx_word' id='word_1_11' title='bbox 1221 791 1257 855; x_wconf 90' lang='lat' dir='ltr'>et</span> <span class='ocrx_word' id='word_1_12' title='bbox 1280 805 1385 875; x_wconf 90' lang='lat' dir='ltr'>poma</span> <span class='ocrx_word' id='word_1_13' title='bbox 1406 788 1490 856; x_wconf 90' lang='lat' dir='ltr'>inde</span> <span class='ocrx_word' id='word_1_14' title='bbox 1505 787 1689 876; x_wconf 79' lang='lat' dir='ltr'>colligere,</span> <span class='ocrx_word' id='word_1_15' title='bbox 1704 792 1741 856; x_wconf 82' lang='lat' dir='ltr'>el</span> <span class='ocrx_word' id='word_1_16' title='bbox 1756 789 1873 856; x_wconf 84' lang='lat' dir='ltr'>omnis</span> <span class='ocrx_word' id='word_1_17' title='bbox 1888 787 2013 855; x_wconf 84' lang='lat' dir='ltr'>vinum</span> <span class='ocrx_word' id='word_1_18' title='bbox 2028 787 2160 855; x_wconf 81' lang='lat' dir='ltr'>exinde</span> 
     </span>
    </p>
   </div>
   <div class='ocr_carea' id='block_1_3' title="bbox 305 935 2169 1027">
    <p class='ocr_par' dir='ltr' id='par_1_3' title="bbox 305 935 2169 1027">
     <span class='ocr_line' id='line_1_3' title="bbox 305 935 2169 1027; baseline 0.002 -21"><span class='ocrx_word' id='word_1_19' title='bbox 305 940 428 1026; x_wconf 86' lang='lat' dir='ltr'>ibique</span> <span class='ocrx_word' id='word_1_20' title='bbox 453 939 499 1008; x_wconf 89' lang='lat' dir='ltr'>ad</span> <span class='ocrx_word' id='word_1_21' title='bbox 521 938 742 1026; x_wconf 90' lang='lat' dir='ltr'>palmentum</span> <span class='ocrx_word' id='word_1_22' title='bbox 765 939 886 1026; x_wconf 83' lang='lat' dir='ltr'>ibique</span> <span class='ocrx_word' id='word_1_23' title='bbox 910 935 1006 1007; x_wconf 84' lang='lat' dir='ltr'>inter</span> <span class='ocrx_word' id='word_1_24' title='bbox 1030 955 1094 1005; x_wconf 89' lang='lat' dir='ltr'>uos</span> <span class='ocrx_word' id='word_1_25' title='bbox 1117 937 1318 1008; x_wconf 87' lang='lat' dir='ltr'>dividamus</span> <span class='ocrx_word' id='word_1_26' title='bbox 1341 959 1404 1027; x_wconf 85' lang='lat' dir='ltr'>per</span> <span class='ocrx_word' id='word_1_27' title='bbox 1427 938 1674 1012; x_wconf 89' lang='lat' dir='ltr'>medietatem:</span> <span class='ocrx_word' id='word_1_28' title='bbox 1706 959 1769 1008; x_wconf 90' lang='lat' dir='ltr'>nos</span> <span class='ocrx_word' id='word_1_29' title='bbox 1793 941 1959 1008; x_wconf 88' lang='lat' dir='ltr'>tollamus</span> <span class='ocrx_word' id='word_1_30' title='bbox 1983 939 2066 1008; x_wconf 87' lang='lat' dir='ltr'>illut</span> <span class='ocrx_word' id='word_1_31' title='bbox 2088 959 2169 1010; x_wconf 91' lang='lat' dir='ltr'>me-</span> 
     </span>
    </p>
   </div>
   <div class='ocr_carea' id='block_1_4' title="bbox 306 1067 2161 1184">
    <p class='ocr_par' dir='ltr' id='par_1_4' title="bbox 306 1067 2161 1184">
     <span class='ocr_line' id='line_1_4' title="bbox 306 1067 2161 1184; baseline 0.002 -21"><span class='ocrx_word' id='word_1_32' title='bbox 306 1092 493 1182; x_wconf 84' lang='lat' dir='ltr'>dietatem,</span> <span class='ocrx_word' id='word_1_33' title='bbox 516 1098 552 1162; x_wconf 90' lang='lat' dir='ltr'>et</span> <span class='ocrx_word' id='word_1_34' title='bbox 573 1093 647 1161; x_wconf 91' lang='lat' dir='ltr'>illis</span> <span class='ocrx_word' id='word_1_35' title='bbox 670 1067 919 1180; x_wconf 79' lang='lat' dir='ltr'>medietatem,</span> <span class='ocrx_word' id='word_1_36' title='bbox 936 1097 972 1161; x_wconf 92' lang='lat' dir='ltr'>et</span> <span class='ocrx_word' id='word_1_37' title='bbox 995 1092 1073 1180; x_wconf 90' lang='lat' dir='ltr'>ipsa</span> <span class='ocrx_word' id='word_1_38' title='bbox 1096 1098 1221 1164; x_wconf 88' lang='lat' dir='ltr'>nostra</span> <span class='ocrx_word' id='word_1_39' title='bbox 1243 1095 1433 1166; x_wconf 75' lang='lat' dir='ltr'>medietate</span> <span class='ocrx_word' id='word_1_40' title='bbox 1456 1098 1499 1166; x_wconf 89' lang='lat' dir='ltr'>de</span> <span class='ocrx_word' id='word_1_41' title='bbox 1523 1097 1599 1184; x_wconf 89' lang='lat' dir='ltr'>ipso</span> <span class='ocrx_word' id='word_1_42' title='bbox 1622 1097 1745 1164; x_wconf 83' lang='lat' dir='ltr'>vinum</span> <span class='ocrx_word' id='word_1_43' title='bbox 1761 1097 1883 1184; x_wconf 87' lang='lat' dir='ltr'>ibique</span> <span class='ocrx_word' id='word_1_44' title='bbox 1899 1096 1940 1164; x_wconf 87' lang='lat' dir='ltr'>in</span> <span class='ocrx_word' id='word_1_45' title='bbox 1955 1096 2079 1164; x_wconf 84' lang='lat' dir='ltr'>domus</span> <span class='ocrx_word' id='word_1_46' title='bbox 2094 1114 2161 1166; x_wconf 88' lang='lat' dir='ltr'>sua</span> 
     </span>
    </p>
   </div>
   <div class='ocr_carea' id='block_1_5' title="bbox 306 1245 2169 4875">
    <p class='ocr_par' dir='ltr' id='par_1_5' title="bbox 306 1245 2169 4875">
     <span class='ocr_line' id='line_1_5' title="bbox 306 1245 2158 1338; baseline 0.001 -25"><span class='ocrx_word' id='word_1_47' title='bbox 306 1246 348 1315; x_wconf 91' lang='lat' dir='ltr'>in</span> <span class='ocrx_word' id='word_1_48' title='bbox 372 1266 532 1336; x_wconf 87' lang='lat' dir='ltr'>organea</span> <span class='ocrx_word' id='word_1_49' title='bbox 555 1251 693 1335; x_wconf 88' lang='lat' dir='ltr'>nostra,</span> <span class='ocrx_word' id='word_1_50' title='bbox 717 1246 811 1334; x_wconf 89' lang='lat' dir='ltr'>quod</span> <span class='ocrx_word' id='word_1_51' title='bbox 834 1246 955 1334; x_wconf 92' lang='lat' dir='ltr'>ibique</span> <span class='ocrx_word' id='word_1_52' title='bbox 978 1249 1031 1316; x_wconf 92' lang='lat' dir='ltr'>eis</span> <span class='ocrx_word' id='word_1_53' title='bbox 1046 1246 1260 1334; x_wconf 84' lang='lat' dir='ltr'>dederimus,</span> <span class='ocrx_word' id='word_1_54' title='bbox 1279 1245 1342 1338; x_wconf 86' lang='lat' dir='ltr'>per</span> <span class='ocrx_word' id='word_1_55' title='bbox 1357 1249 1430 1318; x_wconf 90' lang='lat' dir='ltr'>illis</span> <span class='ocrx_word' id='word_1_56' title='bbox 1447 1267 1541 1318; x_wconf 85' lang='lat' dir='ltr'>vona</span> <span class='ocrx_word' id='word_1_57' title='bbox 1556 1249 1721 1318; x_wconf 87' lang='lat' dir='ltr'>conciata</span> <span class='ocrx_word' id='word_1_58' title='bbox 1736 1264 1843 1336; x_wconf 88' lang='lat' dir='ltr'>vona,</span> <span class='ocrx_word' id='word_1_59' title='bbox 1860 1247 1954 1316; x_wconf 84' lang='lat' dir='ltr'>sicut</span> <span class='ocrx_word' id='word_1_60' title='bbox 1969 1247 2158 1333; x_wconf 87' lang='lat' dir='ltr'>meruerit,</span> 
     </span>
     <span class='ocr_line' id='line_1_6' title="bbox 306 1399 2162 1490; baseline -0.002 -18"><span class='ocrx_word' id='word_1_61' title='bbox 306 1409 343 1472; x_wconf 92' lang='lat' dir='ltr'>et</span> <span class='ocrx_word' id='word_1_62' title='bbox 367 1403 503 1472; x_wconf 82' lang='lat' dir='ltr'>saciant</span> <span class='ocrx_word' id='word_1_63' title='bbox 529 1401 610 1470; x_wconf 92' lang='lat' dir='ltr'>illut</span> <span class='ocrx_word' id='word_1_64' title='bbox 633 1401 787 1488; x_wconf 84' lang='lat' dir='ltr'>salbum,</span> <span class='ocrx_word' id='word_1_65' title='bbox 811 1400 893 1469; x_wconf 90' lang='lat' dir='ltr'>dum</span> <span class='ocrx_word' id='word_1_66' title='bbox 918 1401 1001 1470; x_wconf 85' lang='lat' dir='ltr'>illut</span> <span class='ocrx_word' id='word_1_67' title='bbox 1024 1401 1106 1471; x_wconf 90' lang='lat' dir='ltr'>inde</span> <span class='ocrx_word' id='word_1_68' title='bbox 1129 1399 1271 1490; x_wconf 90' lang='lat' dir='ltr'>tulerit,</span> <span class='ocrx_word' id='word_1_69' title='bbox 1296 1403 1429 1490; x_wconf 80' lang='lat' dir='ltr'>absque</span> <span class='ocrx_word' id='word_1_70' title='bbox 1450 1402 1683 1490; x_wconf 83' lang='lat' dir='ltr'>generatione</span> <span class='ocrx_word' id='word_1_71' title='bbox 1700 1405 1736 1470; x_wconf 87' lang='lat' dir='ltr'>et</span> <span class='ocrx_word' id='word_1_72' title='bbox 1750 1401 1875 1490; x_wconf 87' lang='lat' dir='ltr'>ingue,</span> <span class='ocrx_word' id='word_1_73' title='bbox 1891 1405 1928 1470; x_wconf 86' lang='lat' dir='ltr'>el</span> <span class='ocrx_word' id='word_1_74' title='bbox 1943 1403 2020 1490; x_wconf 88' lang='lat' dir='ltr'>ipso</span> <span class='ocrx_word' id='word_1_75' title='bbox 2036 1403 2162 1470; x_wconf 86' lang='lat' dir='ltr'>riuum</span> 
     </span>
     <span class='ocr_line' id='line_1_7' title="bbox 309 1553 2160 1643; baseline -0.002 -17"><span class='ocrx_word' id='word_1_76' title='bbox 309 1558 430 1643; x_wconf 91' lang='lat' dir='ltr'>ibique</span> <span class='ocrx_word' id='word_1_77' title='bbox 455 1557 631 1642; x_wconf 86' lang='lat' dir='ltr'>reponant</span> <span class='ocrx_word' id='word_1_78' title='bbox 653 1558 690 1623; x_wconf 93' lang='lat' dir='ltr'>et</span> <span class='ocrx_word' id='word_1_79' title='bbox 714 1555 853 1624; x_wconf 87' lang='lat' dir='ltr'>saciant</span> <span class='ocrx_word' id='word_1_80' title='bbox 878 1553 973 1643; x_wconf 91' lang='lat' dir='ltr'>illut,</span> <span class='ocrx_word' id='word_1_81' title='bbox 1000 1557 1093 1624; x_wconf 87' lang='lat' dir='ltr'>sicut</span> <span class='ocrx_word' id='word_1_82' title='bbox 1115 1556 1364 1642; x_wconf 89' lang='lat' dir='ltr'>supradictum</span> <span class='ocrx_word' id='word_1_83' title='bbox 1387 1561 1454 1642; x_wconf 81' lang='lat' dir='ltr'>est3</span> <span class='ocrx_word' id='word_1_84' title='bbox 1478 1555 1521 1623; x_wconf 90' lang='lat' dir='ltr'>de</span> <span class='ocrx_word' id='word_1_85' title='bbox 1544 1575 1613 1642; x_wconf 91' lang='lat' dir='ltr'>que</span> <span class='ocrx_word' id='word_1_86' title='bbox 1635 1573 1699 1643; x_wconf 85' lang='lat' dir='ltr'>per</span> <span class='ocrx_word' id='word_1_87' title='bbox 1723 1572 1860 1624; x_wconf 86' lang='lat' dir='ltr'>annum</span> <span class='ocrx_word' id='word_1_88' title='bbox 1885 1555 1923 1622; x_wconf 89' lang='lat' dir='ltr'>in</span> <span class='ocrx_word' id='word_1_89' title='bbox 1949 1554 2027 1643; x_wconf 86' lang='lat' dir='ltr'>ipsa</span> <span class='ocrx_word' id='word_1_90' title='bbox 2053 1558 2160 1624; x_wconf 90' lang='lat' dir='ltr'>rebus</span> 
     </span>
     <span class='ocr_line' id='line_1_8' title="bbox 308 1705 2169 1794; baseline 0 -20"><span class='ocrx_word' id='word_1_91' title='bbox 308 1707 590 1794; x_wconf 83' lang='lat' dir='ltr'>seminaverint,</span> <span class='ocrx_word' id='word_1_92' title='bbox 614 1707 724 1778; x_wconf 89' lang='lat' dir='ltr'>deant</span> <span class='ocrx_word' id='word_1_93' title='bbox 740 1708 821 1777; x_wconf 90' lang='lat' dir='ltr'>inde</span> <span class='ocrx_word' id='word_1_94' title='bbox 838 1709 941 1776; x_wconf 90' lang='lat' dir='ltr'>nobis</span> <span class='ocrx_word' id='word_1_95' title='bbox 965 1707 1086 1794; x_wconf 91' lang='lat' dir='ltr'>ibique</span> <span class='ocrx_word' id='word_1_96' title='bbox 1109 1707 1180 1774; x_wconf 89' lang='lat' dir='ltr'>had</span> <span class='ocrx_word' id='word_1_97' title='bbox 1203 1706 1282 1776; x_wconf 87' lang='lat' dir='ltr'>aira</span> <span class='ocrx_word' id='word_1_98' title='bbox 1297 1705 1425 1777; x_wconf 90' lang='lat' dir='ltr'>inclita</span> <span class='ocrx_word' id='word_1_99' title='bbox 1439 1725 1514 1776; x_wconf 91' lang='lat' dir='ltr'>una</span> <span class='ocrx_word' id='word_1_100' title='bbox 1532 1711 1639 1776; x_wconf 88' lang='lat' dir='ltr'>tortia</span> <span class='ocrx_word' id='word_1_101' title='bbox 1655 1712 1807 1794; x_wconf 87' lang='lat' dir='ltr'>partem,</span> <span class='ocrx_word' id='word_1_102' title='bbox 1820 1711 1856 1776; x_wconf 90' lang='lat' dir='ltr'>et</span> <span class='ocrx_word' id='word_1_103' title='bbox 1872 1706 1941 1775; x_wconf 88' lang='lat' dir='ltr'>due</span> <span class='ocrx_word' id='word_1_104' title='bbox 1957 1708 2065 1774; x_wconf 86' lang='lat' dir='ltr'>sortis</span> <span class='ocrx_word' id='word_1_105' title='bbox 2082 1707 2169 1775; x_wconf 88' lang='lat' dir='ltr'>inde</span> 
     </span>
     <span class='ocr_line' id='line_1_9' title="bbox 314 1859 2161 1948; baseline 0.002 -22"><span class='ocrx_word' id='word_1_106' title='bbox 314 1859 380 1928; x_wconf 90' lang='lat' dir='ltr'>sivi</span> <span class='ocrx_word' id='word_1_107' title='bbox 405 1861 526 1947; x_wconf 83' lang='lat' dir='ltr'>abere,</span> <span class='ocrx_word' id='word_1_108' title='bbox 552 1861 602 1930; x_wconf 87' lang='lat' dir='ltr'>ita</span> <span class='ocrx_word' id='word_1_109' title='bbox 626 1867 667 1929; x_wconf 88' lang='lat' dir='ltr'>ut</span> <span class='ocrx_word' id='word_1_110' title='bbox 690 1881 752 1948; x_wconf 92' lang='lat' dir='ltr'>per</span> <span class='ocrx_word' id='word_1_111' title='bbox 777 1865 854 1931; x_wconf 86' lang='lat' dir='ltr'>aire</span> <span class='ocrx_word' id='word_1_112' title='bbox 878 1860 1013 1930; x_wconf 85' lang='lat' dir='ltr'>faciant</span> <span class='ocrx_word' id='word_1_113' title='bbox 1035 1861 1141 1948; x_wconf 85' lang='lat' dir='ltr'>scire,</span> <span class='ocrx_word' id='word_1_114' title='bbox 1166 1865 1207 1929; x_wconf 92' lang='lat' dir='ltr'>ut</span> <span class='ocrx_word' id='word_1_115' title='bbox 1223 1862 1373 1928; x_wconf 87' lang='lat' dir='ltr'>missum</span> <span class='ocrx_word' id='word_1_116' title='bbox 1389 1867 1550 1930; x_wconf 88' lang='lat' dir='ltr'>nostrum</span> <span class='ocrx_word' id='word_1_117' title='bbox 1565 1861 1651 1929; x_wconf 89' lang='lat' dir='ltr'>illuc</span> <span class='ocrx_word' id='word_1_118' title='bbox 1667 1861 1880 1948; x_wconf 85' lang='lat' dir='ltr'>dirigamus,</span> <span class='ocrx_word' id='word_1_119' title='bbox 1896 1865 1933 1929; x_wconf 88' lang='lat' dir='ltr'>et</span> <span class='ocrx_word' id='word_1_120' title='bbox 1945 1879 2008 1948; x_wconf 91' lang='lat' dir='ltr'>per</span> <span class='ocrx_word' id='word_1_121' title='bbox 2024 1880 2161 1930; x_wconf 88' lang='lat' dir='ltr'>annum</span> 
     </span>
     <span class='ocr_line' id='line_1_10' title="bbox 311 2011 2164 2103; baseline 0.002 -24"><span class='ocrx_word' id='word_1_122' title='bbox 311 2011 423 2082; x_wconf 89' lang='lat' dir='ltr'>deant</span> <span class='ocrx_word' id='word_1_123' title='bbox 445 2013 549 2081; x_wconf 89' lang='lat' dir='ltr'>nobis</span> <span class='ocrx_word' id='word_1_124' title='bbox 572 2014 846 2102; x_wconf 88' lang='lat' dir='ltr'>palmentateca,</span> <span class='ocrx_word' id='word_1_125' title='bbox 871 2019 920 2103; x_wconf 90' lang='lat' dir='ltr'>et,</span> <span class='ocrx_word' id='word_1_126' title='bbox 943 2015 1028 2082; x_wconf 90' lang='lat' dir='ltr'>dum</span> <span class='ocrx_word' id='word_1_127' title='bbox 1052 2015 1199 2082; x_wconf 90' lang='lat' dir='ltr'>missum</span> <span class='ocrx_word' id='word_1_128' title='bbox 1222 2018 1386 2084; x_wconf 86' lang='lat' dir='ltr'>nostrum</span> <span class='ocrx_word' id='word_1_129' title='bbox 1410 2015 1544 2083; x_wconf 91' lang='lat' dir='ltr'>ibidem</span> <span class='ocrx_word' id='word_1_130' title='bbox 1567 2016 1707 2084; x_wconf 79' lang='lat' dir='ltr'>steterit</span> <span class='ocrx_word' id='word_1_131' title='bbox 1728 2035 1792 2102; x_wconf 91' lang='lat' dir='ltr'>pro</span> <span class='ocrx_word' id='word_1_132' title='bbox 1815 2015 2059 2102; x_wconf 87' lang='lat' dir='ltr'>recipiendum</span> <span class='ocrx_word' id='word_1_133' title='bbox 2084 2015 2164 2100; x_wconf 89' lang='lat' dir='ltr'>ipsa</span> 
     </span>
     <span class='ocr_line' id='line_1_11' title="bbox 309 2165 2163 2259; baseline 0.003 -27"><span class='ocrx_word' id='word_1_134' title='bbox 309 2170 436 2235; x_wconf 89' lang='lat' dir='ltr'>nostra</span> <span class='ocrx_word' id='word_1_135' title='bbox 460 2165 644 2254; x_wconf 89' lang='lat' dir='ltr'>sortione,</span> <span class='ocrx_word' id='word_1_136' title='bbox 669 2167 742 2234; x_wconf 92' lang='lat' dir='ltr'>illis</span> <span class='ocrx_word' id='word_1_137' title='bbox 764 2185 844 2234; x_wconf 88' lang='lat' dir='ltr'>eum</span> <span class='ocrx_word' id='word_1_138' title='bbox 868 2169 1011 2236; x_wconf 91' lang='lat' dir='ltr'>nutrire</span> <span class='ocrx_word' id='word_1_139' title='bbox 1034 2168 1229 2237; x_wconf 87' lang='lat' dir='ltr'>secundum</span> <span class='ocrx_word' id='word_1_140' title='bbox 1252 2189 1355 2238; x_wconf 88' lang='lat' dir='ltr'>suam</span> <span class='ocrx_word' id='word_1_141' title='bbox 1377 2171 1680 2259; x_wconf 66' lang='lat' dir='ltr'>possibilitatem</span> <span class='ocrx_word' id='word_1_142' title='bbox 1705 2175 1870 2240; x_wconf 82' lang='lat' dir='ltr'>castanea</span> <span class='ocrx_word' id='word_1_143' title='bbox 1893 2175 1930 2239; x_wconf 88' lang='lat' dir='ltr'>et</span> <span class='ocrx_word' id='word_1_144' title='bbox 1961 2170 2069 2239; x_wconf 90' lang='lat' dir='ltr'>insite</span> <span class='ocrx_word' id='word_1_145' title='bbox 2092 2189 2163 2256; x_wconf 91' lang='lat' dir='ltr'>que</span> 
     </span>
     <span class='ocr_line' id='line_1_12' title="bbox 309 2322 2159 2412; baseline 0.003 -26"><span class='ocrx_word' id='word_1_146' title='bbox 309 2339 373 2407; x_wconf 86' lang='lat' dir='ltr'>per</span> <span class='ocrx_word' id='word_1_147' title='bbox 399 2339 535 2390; x_wconf 89' lang='lat' dir='ltr'>annum</span> <span class='ocrx_word' id='word_1_148' title='bbox 559 2322 692 2390; x_wconf 89' lang='lat' dir='ltr'>ibidem</span> <span class='ocrx_word' id='word_1_149' title='bbox 717 2328 830 2410; x_wconf 86' lang='lat' dir='ltr'>sunt,</span> <span class='ocrx_word' id='word_1_150' title='bbox 854 2324 927 2392; x_wconf 91' lang='lat' dir='ltr'>illis</span> <span class='ocrx_word' id='word_1_151' title='bbox 962 2342 1042 2393; x_wconf 89' lang='lat' dir='ltr'>eam</span> <span class='ocrx_word' id='word_1_152' title='bbox 1077 2323 1245 2410; x_wconf 82' lang='lat' dir='ltr'>colligere</span> <span class='ocrx_word' id='word_1_153' title='bbox 1268 2329 1304 2393; x_wconf 89' lang='lat' dir='ltr'>et</span> <span class='ocrx_word' id='word_1_154' title='bbox 1326 2343 1496 2412; x_wconf 88' lang='lat' dir='ltr'>seccare,</span> <span class='ocrx_word' id='word_1_155' title='bbox 1519 2333 1555 2394; x_wconf 88' lang='lat' dir='ltr'>et</span> <span class='ocrx_word' id='word_1_156' title='bbox 1576 2325 1803 2394; x_wconf 90' lang='lat' dir='ltr'>medietatem</span> <span class='ocrx_word' id='word_1_157' title='bbox 1826 2325 1887 2394; x_wconf 90' lang='lat' dir='ltr'>ille</span> <span class='ocrx_word' id='word_1_158' title='bbox 1910 2324 2012 2392; x_wconf 87' lang='lat' dir='ltr'>nobis</span> <span class='ocrx_word' id='word_1_159' title='bbox 2038 2324 2159 2411; x_wconf 89' lang='lat' dir='ltr'>ibique</span> 
     </span>
     <span class='ocr_line' id='line_1_13' title="bbox 309 2475 2165 2568; baseline 0.003 -28"><span class='ocrx_word' id='word_1_160' title='bbox 309 2475 413 2542; x_wconf 91' lang='lat' dir='ltr'>nobis</span> <span class='ocrx_word' id='word_1_161' title='bbox 438 2475 555 2562; x_wconf 89' lang='lat' dir='ltr'>dare,</span> <span class='ocrx_word' id='word_1_162' title='bbox 579 2479 615 2544; x_wconf 91' lang='lat' dir='ltr'>et</span> <span class='ocrx_word' id='word_1_163' title='bbox 637 2477 865 2546; x_wconf 89' lang='lat' dir='ltr'>medietatem</span> <span class='ocrx_word' id='word_1_164' title='bbox 888 2476 950 2544; x_wconf 90' lang='lat' dir='ltr'>ille</span> <span class='ocrx_word' id='word_1_165' title='bbox 975 2479 1124 2544; x_wconf 87' lang='lat' dir='ltr'>beorum</span> <span class='ocrx_word' id='word_1_166' title='bbox 1147 2478 1283 2546; x_wconf 79' lang='lat' dir='ltr'>demus,</span> <span class='ocrx_word' id='word_1_167' title='bbox 1310 2478 1354 2545; x_wconf 87' lang='lat' dir='ltr'>Et</span> <span class='ocrx_word' id='word_1_168' title='bbox 1376 2477 1483 2564; x_wconf 89' lang='lat' dir='ltr'>quale</span> <span class='ocrx_word' id='word_1_169' title='bbox 1505 2480 1663 2568; x_wconf 87' lang='lat' dir='ltr'>tempore</span> <span class='ocrx_word' id='word_1_170' title='bbox 1685 2477 1729 2545; x_wconf 87' lang='lat' dir='ltr'>de</span> <span class='ocrx_word' id='word_1_171' title='bbox 1751 2496 1795 2546; x_wconf 89' lang='lat' dir='ltr'>ac</span> <span class='ocrx_word' id='word_1_172' title='bbox 1817 2481 1916 2546; x_wconf 87' lang='lat' dir='ltr'>terra</span> <span class='ocrx_word' id='word_1_173' title='bbox 1939 2476 2165 2547; x_wconf 86' lang='lat' dir='ltr'>salernitana</span> 
     </span>
     <span class='ocr_line' id='line_1_14' title="bbox 309 2628 2165 2718; baseline 0.002 -23"><span class='ocrx_word' id='word_1_174' title='bbox 309 2630 444 2697; x_wconf 84' lang='lat' dir='ltr'>exierit</span> <span class='ocrx_word' id='word_1_175' title='bbox 468 2629 582 2700; x_wconf 85' lang='lat' dir='ltr'>aliubi</span> <span class='ocrx_word' id='word_1_176' title='bbox 607 2630 653 2699; x_wconf 89' lang='lat' dir='ltr'>ad</span> <span class='ocrx_word' id='word_1_177' title='bbox 676 2630 901 2718; x_wconf 86' lang='lat' dir='ltr'>avitandum,</span> <span class='ocrx_word' id='word_1_178' title='bbox 926 2635 992 2700; x_wconf 90' lang='lat' dir='ltr'>aut</span> <span class='ocrx_word' id='word_1_179' title='bbox 1013 2631 1045 2698; x_wconf 87' lang='lat' dir='ltr'>si</span> <span class='ocrx_word' id='word_1_180' title='bbox 1069 2631 1141 2700; x_wconf 87' lang='lat' dir='ltr'>tale</span> <span class='ocrx_word' id='word_1_181' title='bbox 1164 2632 1269 2717; x_wconf 89' lang='lat' dir='ltr'>culpa</span> <span class='ocrx_word' id='word_1_182' title='bbox 1291 2631 1416 2698; x_wconf 82' lang='lat' dir='ltr'>feeerit</span> <span class='ocrx_word' id='word_1_183' title='bbox 1431 2631 1526 2698; x_wconf 89' lang='lat' dir='ltr'>unde</span> <span class='ocrx_word' id='word_1_184' title='bbox 1542 2629 1702 2698; x_wconf 86' lang='lat' dir='ltr'>cecidere</span> <span class='ocrx_word' id='word_1_185' title='bbox 1713 2628 1892 2718; x_wconf 86' lang='lat' dir='ltr'>debuerit,</span> <span class='ocrx_word' id='word_1_186' title='bbox 1916 2631 2165 2718; x_wconf 86' lang='lat' dir='ltr'>suprascripta</span> 
     </span>
     <span class='ocr_line' id='line_1_15' title="bbox 309 2779 2165 2872; baseline 0 -24"><span class='ocrx_word' id='word_1_187' title='bbox 309 2784 418 2850; x_wconf 89' lang='lat' dir='ltr'>rebus</span> <span class='ocrx_word' id='word_1_188' title='bbox 441 2782 654 2868; x_wconf 86' lang='lat' dir='ltr'>perveniant</span> <span class='ocrx_word' id='word_1_189' title='bbox 677 2783 724 2850; x_wconf 86' lang='lat' dir='ltr'>ad</span> <span class='ocrx_word' id='word_1_190' title='bbox 747 2788 870 2853; x_wconf 90' lang='lat' dir='ltr'>nostra</span> <span class='ocrx_word' id='word_1_191' title='bbox 892 2787 1116 2872; x_wconf 85' lang='lat' dir='ltr'>potestatem,</span> <span class='ocrx_word' id='word_1_192' title='bbox 1152 2780 1355 2850; x_wconf 87' lang='lat' dir='ltr'>faciendum</span> <span class='ocrx_word' id='word_1_193' title='bbox 1379 2779 1464 2848; x_wconf 89' lang='lat' dir='ltr'>inde</span> <span class='ocrx_word' id='word_1_194' title='bbox 1487 2779 1608 2849; x_wconf 92' lang='lat' dir='ltr'>omnia</span> <span class='ocrx_word' id='word_1_195' title='bbox 1631 2779 1724 2867; x_wconf 88' lang='lat' dir='ltr'>quod</span> <span class='ocrx_word' id='word_1_196' title='bbox 1753 2780 1920 2848; x_wconf 90' lang='lat' dir='ltr'>boluerit.</span> <span class='ocrx_word' id='word_1_197' title='bbox 1947 2782 2004 2848; x_wconf 87' lang='lat' dir='ltr'>Sic</span> <span class='ocrx_word' id='word_1_198' title='bbox 2029 2785 2165 2866; x_wconf 88' lang='lat' dir='ltr'>tamen,</span> 
     </span>
     <span class='ocr_line' id='line_1_16' title="bbox 311 2931 2169 3019; baseline 0.001 -19"><span class='ocrx_word' id='word_1_199' title='bbox 311 2937 352 3001; x_wconf 91' lang='lat' dir='ltr'>ut</span> <span class='ocrx_word' id='word_1_200' title='bbox 377 2935 408 3002; x_wconf 89' lang='lat' dir='ltr'>si</span> <span class='ocrx_word' id='word_1_201' title='bbox 434 2931 531 3002; x_wconf 79' lang='lat' dir='ltr'>infra</span> <span class='ocrx_word' id='word_1_202' title='bbox 553 2935 670 3002; x_wconf 89' lang='lat' dir='ltr'>tribus</span> <span class='ocrx_word' id='word_1_203' title='bbox 694 2935 784 3004; x_wconf 88' lang='lat' dir='ltr'>anni</span> <span class='ocrx_word' id='word_1_204' title='bbox 809 2935 940 3004; x_wconf 89' lang='lat' dir='ltr'>ibidem</span> <span class='ocrx_word' id='word_1_205' title='bbox 963 2936 1072 3004; x_wconf 87' lang='lat' dir='ltr'>suerit</span> <span class='ocrx_word' id='word_1_206' title='bbox 1094 2935 1231 3002; x_wconf 90' lang='lat' dir='ltr'>rebersi</span> <span class='ocrx_word' id='word_1_207' title='bbox 1254 2935 1301 3003; x_wconf 89' lang='lat' dir='ltr'>ad</span> <span class='ocrx_word' id='word_1_208' title='bbox 1324 2933 1566 3018; x_wconf 88' lang='lat' dir='ltr'>avitandum,</span> <span class='ocrx_word' id='word_1_209' title='bbox 1590 2931 1647 2998; x_wconf 88' lang='lat' dir='ltr'>vel</span> <span class='ocrx_word' id='word_1_210' title='bbox 1671 2933 1732 3000; x_wconf 92' lang='lat' dir='ltr'>ubi</span> <span class='ocrx_word' id='word_1_211' title='bbox 1755 2931 1939 3019; x_wconf 87' lang='lat' dir='ltr'>ingratia</span> <span class='ocrx_word' id='word_1_212' title='bbox 1962 2936 2169 3019; x_wconf 79' lang='lat' dir='ltr'>pervenerit</span> 
     </span>
     <span class='ocr_line' id='line_1_17' title="bbox 311 3084 2169 3178; baseline 0.001 -25"><span class='ocrx_word' id='word_1_213' title='bbox 311 3087 354 3156; x_wconf 90' lang='lat' dir='ltr'>de</span> <span class='ocrx_word' id='word_1_214' title='bbox 377 3089 456 3176; x_wconf 90' lang='lat' dir='ltr'>ipsa</span> <span class='ocrx_word' id='word_1_215' title='bbox 479 3089 597 3178; x_wconf 88' lang='lat' dir='ltr'>culpa,</span> <span class='ocrx_word' id='word_1_216' title='bbox 622 3092 867 3178; x_wconf 85' lang='lat' dir='ltr'>suprascripta</span> <span class='ocrx_word' id='word_1_217' title='bbox 890 3094 996 3158; x_wconf 87' lang='lat' dir='ltr'>rebus</span> <span class='ocrx_word' id='word_1_218' title='bbox 1020 3089 1067 3158; x_wconf 90' lang='lat' dir='ltr'>ad</span> <span class='ocrx_word' id='word_1_219' title='bbox 1095 3088 1240 3156; x_wconf 88' lang='lat' dir='ltr'>illorum</span> <span class='ocrx_word' id='word_1_220' title='bbox 1262 3087 1477 3175; x_wconf 88' lang='lat' dir='ltr'>perveniant</span> <span class='ocrx_word' id='word_1_221' title='bbox 1501 3086 1547 3154; x_wconf 84' lang='lat' dir='ltr'>ad</span> <span class='ocrx_word' id='word_1_222' title='bbox 1571 3084 1714 3152; x_wconf 91' lang='lat' dir='ltr'>illorum</span> <span class='ocrx_word' id='word_1_223' title='bbox 1730 3088 1953 3174; x_wconf 85' lang='lat' dir='ltr'>potestatem,</span> <span class='ocrx_word' id='word_1_224' title='bbox 1972 3087 2169 3155; x_wconf 88' lang='lat' dir='ltr'>tenendum</span> 
     </span>
     <span class='ocr_line' id='line_1_18' title="bbox 311 3241 2164 3332; baseline -0.002 -20"><span class='ocrx_word' id='word_1_225' title='bbox 311 3247 347 3312; x_wconf 87' lang='lat' dir='ltr'>et</span> <span class='ocrx_word' id='word_1_226' title='bbox 371 3243 607 3313; x_wconf 88' lang='lat' dir='ltr'>laborandum</span> <span class='ocrx_word' id='word_1_227' title='bbox 633 3243 714 3312; x_wconf 87' lang='lat' dir='ltr'>illut</span> <span class='ocrx_word' id='word_1_228' title='bbox 737 3245 775 3313; x_wconf 88' lang='lat' dir='ltr'>in</span> <span class='ocrx_word' id='word_1_229' title='bbox 799 3245 1045 3332; x_wconf 88' lang='lat' dir='ltr'>suprascripta</span> <span class='ocrx_word' id='word_1_230' title='bbox 1069 3245 1222 3313; x_wconf 86' lang='lat' dir='ltr'>ratione:</span> <span class='ocrx_word' id='word_1_231' title='bbox 1246 3245 1390 3311; x_wconf 89' lang='lat' dir='ltr'>tantum</span> <span class='ocrx_word' id='word_1_232' title='bbox 1413 3241 1531 3327; x_wconf 90' lang='lat' dir='ltr'>ipsum</span> <span class='ocrx_word' id='word_1_233' title='bbox 1554 3258 1719 3315; x_wconf 87' lang='lat' dir='ltr'>annum,</span> <span class='ocrx_word' id='word_1_234' title='bbox 1745 3241 1775 3308; x_wconf 88' lang='lat' dir='ltr'>si</span> <span class='ocrx_word' id='word_1_235' title='bbox 1802 3241 2002 3310; x_wconf 87' lang='lat' dir='ltr'>lavoratum</span> <span class='ocrx_word' id='word_1_236' title='bbox 2033 3243 2164 3311; x_wconf 85' lang='lat' dir='ltr'>tollant</span> 
     </span>
     <span class='ocr_line' id='line_1_19' title="bbox 310 3393 2169 3485; baseline -0.002 -20"><span class='ocrx_word' id='word_1_237' title='bbox 310 3396 394 3465; x_wconf 89' lang='lat' dir='ltr'>inde</span> <span class='ocrx_word' id='word_1_238' title='bbox 417 3399 534 3485; x_wconf 93' lang='lat' dir='ltr'>ipsum</span> <span class='ocrx_word' id='word_1_239' title='bbox 557 3397 716 3465; x_wconf 83' lang='lat' dir='ltr'>frudium</span> <span class='ocrx_word' id='word_1_240' title='bbox 740 3400 769 3466; x_wconf 87' lang='lat' dir='ltr'>si</span> <span class='ocrx_word' id='word_1_241' title='bbox 796 3399 906 3468; x_wconf 86' lang='lat' dir='ltr'>suerit</span> <span class='ocrx_word' id='word_1_242' title='bbox 929 3396 1143 3484; x_wconf 88' lang='lat' dir='ltr'>lavoratum,</span> <span class='ocrx_word' id='word_1_243' title='bbox 1159 3401 1196 3467; x_wconf 92' lang='lat' dir='ltr'>et</span> <span class='ocrx_word' id='word_1_244' title='bbox 1220 3395 1325 3484; x_wconf 91' lang='lat' dir='ltr'>quale</span> <span class='ocrx_word' id='word_1_245' title='bbox 1347 3399 1506 3481; x_wconf 87' lang='lat' dir='ltr'>tempore</span> <span class='ocrx_word' id='word_1_246' title='bbox 1530 3393 1604 3461; x_wconf 89' lang='lat' dir='ltr'>illis</span> <span class='ocrx_word' id='word_1_247' title='bbox 1627 3396 1735 3463; x_wconf 87' lang='lat' dir='ltr'>rebus</span> <span class='ocrx_word' id='word_1_248' title='bbox 1758 3397 1838 3482; x_wconf 88' lang='lat' dir='ltr'>ipsa</span> <span class='ocrx_word' id='word_1_249' title='bbox 1860 3399 1985 3464; x_wconf 88' lang='lat' dir='ltr'>tenere</span> <span class='ocrx_word' id='word_1_250' title='bbox 2008 3401 2045 3464; x_wconf 88' lang='lat' dir='ltr'>et</span> <span class='ocrx_word' id='word_1_251' title='bbox 2068 3397 2169 3464; x_wconf 84' lang='lat' dir='ltr'>lavo-</span> 
     </span>
     <span class='ocr_line' id='line_1_20' title="bbox 310 3550 2166 3641; baseline 0.002 -24"><span class='ocrx_word' id='word_1_252' title='bbox 310 3569 394 3620; x_wconf 88' lang='lat' dir='ltr'>rare</span> <span class='ocrx_word' id='word_1_253' title='bbox 417 3551 587 3639; x_wconf 90' lang='lat' dir='ltr'>noluerit,</span> <span class='ocrx_word' id='word_1_254' title='bbox 612 3555 677 3620; x_wconf 92' lang='lat' dir='ltr'>aut</span> <span class='ocrx_word' id='word_1_255' title='bbox 700 3568 772 3618; x_wconf 89' lang='lat' dir='ltr'>non</span> <span class='ocrx_word' id='word_1_256' title='bbox 796 3551 965 3640; x_wconf 89' lang='lat' dir='ltr'>potuerit,</span> <span class='ocrx_word' id='word_1_257' title='bbox 988 3551 1235 3639; x_wconf 88' lang='lat' dir='ltr'>suprascripta</span> <span class='ocrx_word' id='word_1_258' title='bbox 1258 3553 1364 3619; x_wconf 87' lang='lat' dir='ltr'>rebus</span> <span class='ocrx_word' id='word_1_259' title='bbox 1388 3568 1482 3619; x_wconf 90' lang='lat' dir='ltr'>vona</span> <span class='ocrx_word' id='word_1_260' title='bbox 1506 3550 1670 3620; x_wconf 88' lang='lat' dir='ltr'>laborata</span> <span class='ocrx_word' id='word_1_261' title='bbox 1693 3555 1729 3620; x_wconf 88' lang='lat' dir='ltr'>et</span> <span class='ocrx_word' id='word_1_262' title='bbox 1752 3553 1891 3622; x_wconf 86' lang='lat' dir='ltr'>cultata</span> <span class='ocrx_word' id='word_1_263' title='bbox 1914 3556 1950 3621; x_wconf 92' lang='lat' dir='ltr'>et</span> <span class='ocrx_word' id='word_1_264' title='bbox 1973 3554 2166 3641; x_wconf 90' lang='lat' dir='ltr'>clusaper-</span> 
     </span>
     <span class='ocr_line' id='line_1_21' title="bbox 310 3702 2161 3792; baseline 0.001 -20"><span class='ocrx_word' id='word_1_265' title='bbox 310 3707 460 3776; x_wconf 84' lang='lat' dir='ltr'>veniant</span> <span class='ocrx_word' id='word_1_266' title='bbox 482 3706 529 3774; x_wconf 89' lang='lat' dir='ltr'>ad</span> <span class='ocrx_word' id='word_1_267' title='bbox 552 3707 676 3772; x_wconf 88' lang='lat' dir='ltr'>nostra</span> <span class='ocrx_word' id='word_1_268' title='bbox 699 3706 924 3791; x_wconf 84' lang='lat' dir='ltr'>potestatem,</span> <span class='ocrx_word' id='word_1_269' title='bbox 948 3703 1152 3772; x_wconf 82' lang='lat' dir='ltr'>faciendum</span> <span class='ocrx_word' id='word_1_270' title='bbox 1174 3702 1259 3770; x_wconf 90' lang='lat' dir='ltr'>inde</span> <span class='ocrx_word' id='word_1_271' title='bbox 1282 3703 1404 3772; x_wconf 90' lang='lat' dir='ltr'>omnia</span> <span class='ocrx_word' id='word_1_272' title='bbox 1426 3704 1519 3791; x_wconf 87' lang='lat' dir='ltr'>quod</span> <span class='ocrx_word' id='word_1_273' title='bbox 1544 3705 1773 3792; x_wconf 90' lang='lat' dir='ltr'>boluerimus,</span> <span class='ocrx_word' id='word_1_274' title='bbox 1797 3709 1834 3773; x_wconf 82' lang='lat' dir='ltr'>et</span> <span class='ocrx_word' id='word_1_275' title='bbox 1856 3705 1918 3773; x_wconf 89' lang='lat' dir='ltr'>ille</span> <span class='ocrx_word' id='word_1_276' title='bbox 1949 3705 2033 3774; x_wconf 88' lang='lat' dir='ltr'>inde</span> <span class='ocrx_word' id='word_1_277' title='bbox 2056 3707 2161 3775; x_wconf 83' lang='lat' dir='ltr'>exire</span> 
     </span>
     <span class='ocr_line' id='line_1_22' title="bbox 312 3853 2164 3946; baseline -0.001 -18"><span class='ocrx_word' id='word_1_278' title='bbox 312 3877 393 3928; x_wconf 91' lang='lat' dir='ltr'>cum</span> <span class='ocrx_word' id='word_1_279' title='bbox 416 3857 536 3942; x_wconf 81' lang='lat' dir='ltr'>omnia</span> <span class='ocrx_word' id='word_1_280' title='bbox 559 3877 626 3926; x_wconf 85' lang='lat' dir='ltr'>sua</span> <span class='ocrx_word' id='word_1_281' title='bbox 649 3873 759 3925; x_wconf 87' lang='lat' dir='ltr'>causa</span> <span class='ocrx_word' id='word_1_282' title='bbox 782 3853 931 3923; x_wconf 88' lang='lat' dir='ltr'>mobilia</span> <span class='ocrx_word' id='word_1_283' title='bbox 953 3858 990 3922; x_wconf 86' lang='lat' dir='ltr'>et</span> <span class='ocrx_word' id='word_1_284' title='bbox 1012 3854 1066 3923; x_wconf 89' lang='lat' dir='ltr'>ire</span> <span class='ocrx_word' id='word_1_285' title='bbox 1091 3873 1172 3922; x_wconf 86' lang='lat' dir='ltr'>cum</span> <span class='ocrx_word' id='word_1_286' title='bbox 1196 3855 1291 3946; x_wconf 76' lang='lat' dir='ltr'>illut,</span> <span class='ocrx_word' id='word_1_287' title='bbox 1314 3855 1376 3925; x_wconf 90' lang='lat' dir='ltr'>ubi</span> <span class='ocrx_word' id='word_1_288' title='bbox 1393 3856 1669 3927; x_wconf 87' lang='lat' dir='ltr'>boluerit.Unde</span> <span class='ocrx_word' id='word_1_289' title='bbox 1686 3875 1751 3944; x_wconf 89' lang='lat' dir='ltr'>pro</span> <span class='ocrx_word' id='word_1_290' title='bbox 1767 3858 1889 3926; x_wconf 82' lang='lat' dir='ltr'>taliter</span> <span class='ocrx_word' id='word_1_291' title='bbox 1905 3857 2041 3944; x_wconf 79' lang='lat' dir='ltr'>guadio</span> <span class='ocrx_word' id='word_1_292' title='bbox 2053 3857 2164 3928; x_wconf 90' lang='lat' dir='ltr'>michi</span> 
     </span>
     <span class='ocr_line' id='line_1_23' title="bbox 313 4007 2167 4106; baseline 0.002 -25"><span class='ocrx_word' id='word_1_293' title='bbox 313 4011 487 4081; x_wconf 86' lang='lat' dir='ltr'>dederunt</span> <span class='ocrx_word' id='word_1_294' title='bbox 509 4016 546 4080; x_wconf 85' lang='lat' dir='ltr'>et</span> <span class='ocrx_word' id='word_1_295' title='bbox 559 4011 782 4081; x_wconf 87' lang='lat' dir='ltr'>mediatores</span> <span class='ocrx_word' id='word_1_296' title='bbox 805 4007 896 4077; x_wconf 90' lang='lat' dir='ltr'>mihi</span> <span class='ocrx_word' id='word_1_297' title='bbox 920 4013 1118 4096; x_wconf 87' lang='lat' dir='ltr'>posuerunt</span> <span class='ocrx_word' id='word_1_298' title='bbox 1141 4026 1179 4078; x_wconf 88' lang='lat' dir='ltr'>se</span> <span class='ocrx_word' id='word_1_299' title='bbox 1194 4009 1296 4097; x_wconf 85' lang='lat' dir='ltr'>ipsis3</span> <span class='ocrx_word' id='word_1_300' title='bbox 1312 4015 1348 4080; x_wconf 89' lang='lat' dir='ltr'>et</span> <span class='ocrx_word' id='word_1_301' title='bbox 1359 4031 1422 4098; x_wconf 89' lang='lat' dir='ltr'>per</span> <span class='ocrx_word' id='word_1_302' title='bbox 1441 4012 1519 4100; x_wconf 89' lang='lat' dir='ltr'>ipsa</span> <span class='ocrx_word' id='word_1_303' title='bbox 1533 4013 1674 4102; x_wconf 86' lang='lat' dir='ltr'>guadia</span> <span class='ocrx_word' id='word_1_304' title='bbox 1689 4015 1944 4103; x_wconf 83' lang='lat' dir='ltr'>obligaverunt</span> <span class='ocrx_word' id='word_1_305' title='bbox 1955 4033 2007 4103; x_wconf 89' lang='lat' dir='ltr'>se,</span> <span class='ocrx_word' id='word_1_306' title='bbox 2024 4021 2060 4085; x_wconf 90' lang='lat' dir='ltr'>et</span> <span class='ocrx_word' id='word_1_307' title='bbox 2076 4017 2167 4106; x_wconf 86' lang='lat' dir='ltr'>suis,</span> 
     </span>
     <span class='ocr_line' id='line_1_24' title="bbox 313 4159 2162 4258; baseline 0.002 -23"><span class='ocrx_word' id='word_1_308' title='bbox 313 4170 349 4235; x_wconf 89' lang='lat' dir='ltr'>et</span> <span class='ocrx_word' id='word_1_309' title='bbox 371 4165 494 4235; x_wconf 90' lang='lat' dir='ltr'>eredes</span> <span class='ocrx_word' id='word_1_310' title='bbox 517 4184 612 4252; x_wconf 87' lang='lat' dir='ltr'>suas,</span> <span class='ocrx_word' id='word_1_311' title='bbox 637 4167 677 4234; x_wconf 91' lang='lat' dir='ltr'>ut</span> <span class='ocrx_word' id='word_1_312' title='bbox 700 4164 731 4233; x_wconf 89' lang='lat' dir='ltr'>si</span> <span class='ocrx_word' id='word_1_313' title='bbox 754 4163 886 4251; x_wconf 87' lang='lat' dir='ltr'>aliquit</span> <span class='ocrx_word' id='word_1_314' title='bbox 908 4164 951 4232; x_wconf 92' lang='lat' dir='ltr'>de</span> <span class='ocrx_word' id='word_1_315' title='bbox 975 4163 1096 4232; x_wconf 90' lang='lat' dir='ltr'>omnia</span> <span class='ocrx_word' id='word_1_316' title='bbox 1118 4165 1368 4254; x_wconf 86' lang='lat' dir='ltr'>suprascripta</span> <span class='ocrx_word' id='word_1_317' title='bbox 1390 4159 1590 4238; x_wconf 81' lang='lat' dir='ltr'>nobis&#39;non</span> <span class='ocrx_word' id='word_1_318' title='bbox 1603 4168 1854 4258; x_wconf 89' lang='lat' dir='ltr'>adimpleberit</span> <span class='ocrx_word' id='word_1_319' title='bbox 1877 4173 1914 4240; x_wconf 91' lang='lat' dir='ltr'>et</span> <span class='ocrx_word' id='word_1_320' title='bbox 1931 4167 2062 4258; x_wconf 84' lang='lat' dir='ltr'>aliquit</span> <span class='ocrx_word' id='word_1_321' title='bbox 2079 4169 2162 4240; x_wconf 90' lang='lat' dir='ltr'>inde</span> 
     </span>
     <span class='ocr_line' id='line_1_25' title="bbox 313 4320 2166 4412; baseline 0.002 -22"><span class='ocrx_word' id='word_1_322' title='bbox 313 4321 589 4408; x_wconf 78' lang='lat' dir='ltr'>contradixerit,</span> <span class='ocrx_word' id='word_1_323' title='bbox 613 4339 676 4409; x_wconf 89' lang='lat' dir='ltr'>per</span> <span class='ocrx_word' id='word_1_324' title='bbox 699 4337 792 4389; x_wconf 88' lang='lat' dir='ltr'>vona</span> <span class='ocrx_word' id='word_1_325' title='bbox 814 4320 1078 4402; x_wconf 83' lang='lat' dir='ltr'>combenientia</span> <span class='ocrx_word' id='word_1_326' title='bbox 1101 4337 1311 4407; x_wconf 89' lang='lat' dir='ltr'>componere</span> <span class='ocrx_word' id='word_1_327' title='bbox 1331 4322 1507 4412; x_wconf 86' lang='lat' dir='ltr'>obligavit</span> <span class='ocrx_word' id='word_1_328' title='bbox 1529 4342 1567 4394; x_wconf 90' lang='lat' dir='ltr'>se</span> <span class='ocrx_word' id='word_1_329' title='bbox 1590 4329 1626 4393; x_wconf 91' lang='lat' dir='ltr'>et</span> <span class='ocrx_word' id='word_1_330' title='bbox 1642 4326 1718 4394; x_wconf 86' lang='lat' dir='ltr'>suis</span> <span class='ocrx_word' id='word_1_331' title='bbox 1735 4323 1902 4394; x_wconf 76' lang='lat' dir='ltr'>coedibus</span> <span class='ocrx_word' id='word_1_332' title='bbox 1917 4321 2007 4392; x_wconf 91' lang='lat' dir='ltr'>mihi</span> <span class='ocrx_word' id='word_1_333' title='bbox 2023 4324 2166 4412; x_wconf 89' lang='lat' dir='ltr'>meique</span> 
     </span>
     <span class='ocr_line' id='line_1_26' title="bbox 314 4471 2167 4567; baseline 0.001 -22"><span class='ocrx_word' id='word_1_334' title='bbox 314 4475 479 4545; x_wconf 87' lang='lat' dir='ltr'>eredibus</span> <span class='ocrx_word' id='word_1_335' title='bbox 502 4475 658 4562; x_wconf 84' lang='lat' dir='ltr'>triginta</span> <span class='ocrx_word' id='word_1_336' title='bbox 679 4473 761 4545; x_wconf 84' lang='lat' dir='ltr'>auri</span> <span class='ocrx_word' id='word_1_337' title='bbox 785 4474 916 4542; x_wconf 89' lang='lat' dir='ltr'>solidos</span> <span class='ocrx_word' id='word_1_338' title='bbox 939 4471 1186 4542; x_wconf 86' lang='lat' dir='ltr'>constantinos</span> <span class='ocrx_word' id='word_1_339' title='bbox 1208 4477 1245 4544; x_wconf 87' lang='lat' dir='ltr'>et</span> <span class='ocrx_word' id='word_1_340' title='bbox 1267 4475 1389 4546; x_wconf 91' lang='lat' dir='ltr'>omnia</span> <span class='ocrx_word' id='word_1_341' title='bbox 1422 4477 1668 4566; x_wconf 86' lang='lat' dir='ltr'>suprascripta</span> <span class='ocrx_word' id='word_1_342' title='bbox 1701 4478 1804 4547; x_wconf 89' lang='lat' dir='ltr'>nobis</span> <span class='ocrx_word' id='word_1_343' title='bbox 1839 4475 2091 4567; x_wconf 85' lang='lat' dir='ltr'>adimplerent.</span> <span class='ocrx_word' id='word_1_344' title='bbox 2121 4480 2167 4546; x_wconf 83' lang='lat' dir='ltr'>El</span> 
     </span>
     <span class='ocr_line' id='line_1_27' title="bbox 313 4627 1218 4716; baseline -0.004 -16"><span class='ocrx_word' id='word_1_345' title='bbox 313 4633 411 4700; x_wconf 89' lang='lat' dir='ltr'>hunc</span> <span class='ocrx_word' id='word_1_346' title='bbox 433 4632 578 4701; x_wconf 91' lang='lat' dir='ltr'>brebem</span> <span class='ocrx_word' id='word_1_347' title='bbox 601 4629 729 4716; x_wconf 82' lang='lat' dir='ltr'>scripsi</span> <span class='ocrx_word' id='word_1_348' title='bbox 754 4645 820 4715; x_wconf 90' lang='lat' dir='ltr'>ego</span> <span class='ocrx_word' id='word_1_349' title='bbox 843 4629 1019 4699; x_wconf 84' lang='lat' dir='ltr'>iohannes</span> <span class='ocrx_word' id='word_1_350' title='bbox 1043 4627 1218 4698; x_wconf 87' lang='lat' dir='ltr'>notarius.</span> 
     </span>
     <span class='ocr_line' id='line_1_28' title="bbox 359 4758 744 4875; baseline -0.005 -20"><span class='ocrx_word' id='word_1_351' title='bbox 359 4758 390 4874; x_wconf 95' lang='lat'>†</span> <span class='ocrx_word' id='word_1_352' title='bbox 414 4803 480 4875; x_wconf 86' lang='lat' dir='ltr'>ego</span> <span class='ocrx_word' id='word_1_353' title='bbox 502 4785 744 4856; x_wconf 87' lang='lat' dir='ltr'>ermenandus</span> 
     </span>
    </p>
   </div>
   <div class='ocr_carea' id='block_1_6' title="bbox 360 4913 1046 5029">
    <p class='ocr_par' dir='ltr' id='par_1_6' title="bbox 360 4913 1046 5029">
     <span class='ocr_line' id='line_1_29' title="bbox 360 4913 1046 5029; baseline 0.007 -22"><span class='ocrx_word' id='word_1_354' title='bbox 360 4913 391 5028; x_wconf 88' lang='lat'>†</span> <span class='ocrx_word' id='word_1_355' title='bbox 416 4942 491 5029; x_wconf 84' lang='lat' dir='ltr'>Ego</span> <span class='ocrx_word' id='word_1_356' title='bbox 514 4940 732 5027; x_wconf 83' lang='lat' dir='ltr'>grimoaldus</span> <span class='ocrx_word' id='word_1_357' title='bbox 755 4957 812 5007; x_wconf 86' lang='lat' dir='ltr'>me</span> <span class='ocrx_word' id='word_1_358' title='bbox 836 4939 1046 5027; x_wconf 83' lang='lat' dir='ltr'>subscripsi.</span> 
     </span>
    </p>
   </div>
   <div class='ocr_carea' id='block_1_7' title="bbox 0 0 2725 7092">
    <p class='ocr_par' dir='ltr' id='par_1_7' title="bbox 0 0 2725 7092">
     <span class='ocr_line' id='line_1_30' title="bbox 0 0 2725 7092; baseline 0 0"><span class='ocrx_word' id='word_1_359' title='bbox 0 0 2725 7092; x_wconf 95' lang='lat' dir='ltr'> </span> 
     </span>
    </p>
   </div>
  </div>
 </body>
</html>
