5466 7106
1041 519 1449 595 [ilPLOMATlCUS
2077 521 2122 592 97

322 738 456 809 ibidem
479 740 667 831 faciamus,
691 737 730 812 et'
751 744 967 831 temporibus
989 746 1064 814 suis
1086 745 1188 814 illum
1210 751 1382 835 potemus,
1405 748 1680 836 propaginemus
1703 750 1753 833 et,
1778 746 1840 814 ubi
1865 748 2052 835 meruerit,
2076 745 2175 816 bites

319 899 356 964 et
379 896 525 967 arbores
548 897 681 968 ibidem
705 898 919 987 plantemus,
935 905 971 968 et
993 901 1045 970 sic
1067 899 1170 968 illum
1192 900 1395 970 laboremus
1417 899 1461 970 de
1483 918 1589 988 super
1613 903 1650 970 et
1665 899 1709 968 de
1724 903 1862 988 supter,
1879 899 1974 968 sicut
1985 899 2083 968 locus
2097 899 2174 987 ipse

320 1051 508 1138 meruerit,
532 1055 574 1120 ut
596 1070 659 1140 per
682 1054 798 1122 omnis
819 1071 956 1124 annum
978 1053 1111 1141 paread
1135 1055 1266 1122 bonum
1289 1054 1514 1141 laboratum3
1537 1058 1574 1124 et
1595 1071 1657 1142 per
1681 1051 1839 1142 tempore
1861 1052 1905 1123 de
1930 1052 2111 1123 bindemie
2136 1057 2173 1124 et

320 1201 364 1270 de
387 1203 467 1272 aire
490 1203 628 1274 faciant
651 1223 717 1294 ego
740 1209 776 1275 et
797 1224 893 1275 meos
915 1205 1037 1275 eredes
1057 1204 1149 1276 scire
1171 1207 1289 1294 ipsum
1303 1207 1470 1275 abbatem
1486 1207 1542 1275 vel
1558 1225 1643 1294 pars
1660 1204 1774 1292 ipsius
1797 1203 1957 1293 ecclesie,
1971 1208 2012 1273 ut
2035 1204 2169 1274 ibidem

319 1357 485 1446 dirigant
506 1360 654 1428 missum
677 1377 810 1448 suum,
833 1363 871 1428 et
892 1376 957 1426 nos
979 1379 1042 1448 per
1065 1363 1224 1447 tempore
1245 1359 1324 1448 ipso
1345 1364 1492 1439 arbusto
1526 1361 1813 1449 bindemiemus,
1843 1364 1880 1429 et
1903 1361 2018 1428 omnis
2042 1359 2168 1428 binum

322 1531 430 1600 quam
454 1515 537 1582 inde
560 1515 723 1604 exierit,
748 1516 843 1585 inter
866 1533 932 1584 nos
955 1517 1057 1585 illum
1079 1517 1295 1587 dibidamus:
1320 1537 1405 1605 pars
1429 1518 1544 1604 ipsius
1566 1518 1721 1589 ecclesie
1744 1517 1886 1586 tolleret
1908 1517 2013 1585 illum
2036 1515 2169 1585 medie-

320 1673 448 1757 tatem,
473 1676 509 1740 et
531 1691 597 1759 ego
620 1677 656 1740 et
678 1690 774 1741 meos
799 1672 920 1741 eredes
942 1672 1108 1742 tollamus
1131 1672 1233 1740 illum
1246 1671 1484 1760 medietatem,
1502 1677 1538 1741 et
1553 1672 1631 1759 ipsa
1648 1672 1874 1742 medietatem
1890 1673 1935 1741 de
1951 1674 2028 1760 ipso
2040 1673 2167 1742 binum

320 1824 417 1908 quod
442 1844 465 1893 a
488 1845 572 1912 pars
595 1825 708 1913 ipsius
730 1825 877 1896 ecclesie
899 1827 1077 1915 ebenerit,
1099 1845 1164 1896 nos
1186 1825 1289 1894 illum
1313 1845 1376 1912 per
1400 1827 1515 1894 omnis
1531 1842 1668 1893 annum
1684 1829 1828 1912 portare
1845 1825 2037 1896 debeamus
2052 1844 2167 1927 usque

316 1974 361 2043 ed
385 1974 533 2045 cellario
556 1977 666 2066 ipsius
688 1978 835 2048 ecclesie
859 1977 902 2046 de
925 1979 1002 2066 ipso
1025 1978 1142 2047 locum
1164 1979 1325 2064 nucerio,
1350 1976 1411 2045 ubi
1435 1976 1569 2046 dicitur
1586 1977 1632 2046 ad
1646 1976 1772 2064 pariti,
1797 1982 1833 2047 et
1849 1979 2039 2048 mictamus
2063 1977 2167 2046 illum

318 2131 357 2196 in
380 2147 579 2216 organeum
602 2133 694 2218 quod
717 2151 802 2220 pars
825 2132 939 2220 ipsius
962 2132 1109 2202 ecclesie
1133 2133 1234 2201 nobis
1257 2130 1491 2219 adsingnant,
1516 2132 1568 2200 ita
1593 2135 1634 2198 ut
1651 2148 1715 2199 nos
1733 2131 1987 2255 ipsQorganea
2004 2133 2166 2219 perfecta

317 2287 535 2373 conciemus,
558 2287 706 2355 missum
730 2285 844 2373 ipsius
866 2285 1026 2371 ecclesie,
1050 2285 1143 2372 quod
1165 2285 1298 2354 ibidem
1320 2287 1497 2356 direxerit
1518 2305 1582 2374 per
1606 2289 1682 2374 ipse
1705 2285 1886 2354 bindemie
1909 2291 1946 2354 et
1970 2286 2078 2373 aire,
2104 2271 2169 2356 nos

316 2439 420 2508 illum
444 2441 644 2510 nutriemus
667 2441 860 2510 secundum
878 2447 1037 2510 nostram
1053 2441 1327 2529 possibilitatem
1343 2444 1379 2508 et
1395 2441 1519 2509 demus
1536 2443 1570 2509 ei
1588 2439 1852 2528 palmentateca
1866 2446 1903 2510 et
1918 2441 2095 2530 airateca,
2121 2443 2169 2511 si·

316 2599 376 2663 cut
399 2595 613 2664 consuetudo
635 2599 703 2683 est,
726 2595 772 2664 ad
796 2594 999 2682 completim
1023 2595 1092 2682 ipsi
1115 2594 1236 2662 decem
1259 2595 1344 2664 anni
1365 2592 1490 2662 inclita
1508 2612 1618 2680 supra
1633 2593 1804 2662 tradictio
1827 2596 1990 2663 rebertar
2013 2594 2059 2663 ad
2082 2613 2167 2682 pars

311 2748 426 2836 ipsius
448 2748 595 2818 ecclesie
618 2751 713 2818 bona
735 2751 884 2838 cultata,
907 2754 943 2819 et
958 2768 1024 2816 nos
1038 2749 1155 2818 licead
1172 2747 1255 2816 inde
1271 2748 1372 2815 exire
1395 2765 1477 2814 cum
1500 2747 1616 2814 omnis
1639 2752 1763 2817 nostra
1786 2766 1897 2817 causa
1920 2749 2068 2817 mobilia
2091 2770 2161 2837 que

312 2901 362 2968 ibi
387 2901 622 2990 abuerimuS,
646 2903 748 2971 etde
772 2901 903 2989 quein
927 2901 1005 2989 ipsa
1028 2903 1136 2969 rebus
1159 2899 1480 2984 seminaberimuS,
1504 2897 1628 2966 demus
1657 2897 1739 2966 inde
1771 2899 1979 2968 terraticum
2006 2901 2052 2970 ad
2075 2919 2165 2988 pars

314 3057 427 3142 ipsius
449 3055 597 3126 ecclesie
619 3057 813 3126 secundum
836 3054 1090 3124 consuetudine
1112 3055 1155 3123 de
1178 3056 1255 3142 ipso
1277 3055 1405 3122 locum:
1431 3053 1597 3122 similiter
1620 3056 1657 3122 et
1679 3070 1745 3140 ego
1768 3057 1805 3122 et
1827 3072 1923 3123 meos
1951 3055 2073 3124 eredes
2097 3072 2160 3122 no·

312 3215 385 3276 stre
408 3209 592 3295 potestatis
614 3215 800 3278 teneamus
822 3207 946 3277 amodo
970 3212 1139 3294 eiusque
1162 3208 1279 3276 tribus
1303 3207 1391 3276 anni
1414 3204 1617 3294 completim
1639 3203 1715 3274 alia
1751 3208 1917 3292 quartam
1950 3211 2092 3294 partem
2115 3207 2159 3277 de

307 3365 386 3449 ipsa
408 3367 508 3433 terra
531 3382 614 3432 cum
637 3364 797 3433 arbustis
821 3363 918 3433 infra
941 3365 1018 3451 ipse
1040 3361 1124 3430 finis
1147 3364 1183 3430 et
1205 3359 1400 3444 mensurie,
1425 3362 1462 3428 et
1484 3359 1606 3428 omnia
1622 3358 1669 3428 ad
1684 3378 1769 3446 pars
1785 3359 1898 3446 ipsius
1914 3360 2061 3430 ecclesie
2074 3360 2160 3430 inde

309 3515 578 3604 adimpleamus,
602 3517 695 3584 sicut
717 3515 880 3602 superius
904 3514 1052 3602 legitur3
1076 3518 1111 3582 et
1134 3513 1180 3582 ad
1203 3513 1270 3599 ipsi
1294 3511 1411 3580 tribus
1434 3505 1748 3598 anni'completim
1772 3512 1843 3584 ista
1866 3519 1996 3601 quarta
2012 3518 2156 3601 partem

310 3671 473 3738 rebertar
497 3669 542 3738 ad
564 3688 650 3756 pars
672 3669 787 3757 ipsius
809 3666 969 3753 ecclesie,
993 3665 1194 3735 faciendum
1217 3665 1300 3734 inde
1323 3683 1392 3752 que
1415 3665 1596 3753 boluerit,
1619 3670 1655 3734 et
1678 3669 1889 3752 potestatem
1912 3667 2045 3736 abeant
2067 3685 2154 3754 pars

309 3823 426 3910 ipsius
448 3821 595 3891 ecclesie
617 3839 681 3908 per
704 3820 818 3889 omnis
840 3838 975 3889 annum
997 3837 1062 3887 nos
1084 3819 1290 3906 perquirere
1312 3837 1376 3906 pro
1399 3819 1555 3889 faciendi
1590 3818 1753 3889 laborare
1788 3819 1868 3907 ipsa
1901 3821 2035 3908 rebus,
2058 3821 2155 3888 sicut

309 3975 394 4044 inde
416 3975 567 4064 obligati
590 3993 725 4060 sumus;
748 3975 791 4042 de
814 3993 887 4062 qua
909 3993 973 4060 per
996 3971 1374 4042 bona‘combenientia
1396 3969 1531 4059 guadio
1554 3969 1645 4038 mihi
1668 3969 1744 4057 ipse
1768 3972 1880 4040 abbas
1895 3971 2006 4059 dedit,
2029 3974 2065 4040 et
2080 3991 2156 4044 me-

304 4130 479 4200 diatorem
502 4129 594 4199 mihi
616 4130 734 4216 posuit
757 4127 942 4216 iaquintus
965 4124 1136 4194 diaconus
1159 4128 1195 4192 et
1217 4122 1447 4211 primicerius
1461 4122 1614 4192 eundem
1629 4124 1776 4192 ecclesie
1797 4127 1833 4191 et
1848 4123 1945 4192 filius
1960 4123 2150 4212 gaudiosu3

307 4288 344 4354 et
367 4303 430 4372 per
454 4285 533 4371 ipsa
554 4283 689 4372 guadia
711 4285 775 4350 cto.
800 4282 946 4350 Stntntn
976 4281 1110 4348 rnnlctn
1137 4280 1268 4364 vipintt
1291 4281 1377 4346 anri
1399 4278 1593 4347 solidorum
1619 4279 1859 4347 Constantini.
1889 4278 2150 4350 Verumtamen

306 4453 544 4506 memoramus
568 4439 604 4504 et
625 4435 688 4502 ubi
711 4433 894 4519 meruerit,
917 4432 996 4518 ipsa
1018 4432 1125 4498 rebus
1148 4429 1334 4500 cludamus
1356 4434 1392 4498 et
1415 4429 1552 4499 clusam
1574 4428 1675 4500 illam
1691 4432 1899 4518 habeamus,
1917 4433 1953 4500 et
1967 4448 2033 4518 ego
2049 4429 2152 4499 modo

303 4590 452 4659 admisit
474 4591 587 4677 ipsius
609 4589 734 4659 abbati
758 4587 875 4673 ipsum
895 4585 1055 4669 brebem,
1079 4585 1141 4672 qui
1163 4587 1337 4672 scriptum
1359 4589 1413 4656 est
1436 4605 1499 4674 per
1523 4587 1642 4674 ipsum
1659 4585 1845 4657 mirandus
1861 4586 2040 4674 notarius,
2057 4585 2151 4673 quod

298 4733 426 4830 scripsi
449 4760 516 4830 ego
538 4741 725 4830 iaquintus
750 4742 928 4812 notarius.

343 4869 373 4986 †
397 4899 474 4985 Ego
495 4899 558 4984 qui
580 4917 690 4986 supra
712 4897 807 4966 maio
830 4896 1008 4984 presbiter
1032 4899 1068 4965 et
1091 4897 1203 4966 abbas

343 5024 373 5142 †
398 5053 473 5141 Ego
497 5051 655 5122 ademari
680 5053 843 5120 notarius
867 5069 924 5119 me
947 5048 1145 5136 subscripsi

341 5180 372 5298 †
396 5209 471 5296 Ego
493 5205 655 5279 alderissi
679 5208 842 5276 notarius
864 5224 921 5274 me
944 5205 1152 5291 subscripsi.
