5466 7106
1028 590 1436 667 DIPLOMATICUS
2043 595 2111 667 165

308 815 387 884 soni
411 813 487 882 filio
509 814 659 884 rusandi
684 818 720 884 et
736 815 880 886 lictardi
905 815 979 884 filio
1003 815 1094 886 mari
1118 818 1162 886 de
1185 817 1300 887 locum
1323 820 1472 890 nuceria
1495 819 1538 890 de
1561 821 1629 889 due
1654 819 1754 909 pecie
1769 819 1813 890 de
1827 823 1939 908 terra,
1957 821 2160 888 cumarbu-

305 969 370 1037 stis
387 967 511 1038 vitatis
526 969 569 1038 de
586 970 661 1057 ipso
677 969 792 1039 locum
808 969 956 1038 nuceria
979 969 1220 1056 pertinentem
1236 973 1347 1060 ipsius
1364 976 1589 1044 monasterii:
1616 993 1690 1044 una
1714 975 1756 1042 de
1780 973 1855 1080 ipse
1878 974 1978 1060 pecie
2001 976 2055 1042 est
2077 991 2159 1060 prc-

304 1122 438 1209 pinquo
461 1121 507 1190 ad
534 1139 648 1210 gorga
670 1120 807 1209 lupeni,
831 1124 869 1190 et
892 1121 972 1209 ipsa
994 1122 1094 1192 halia
1116 1123 1248 1193 dicitur
1271 1126 1316 1196 ad
1340 1127 1489 1197 arenola
1511 1129 1636 1196 subtus
1660 1127 1734 1215 ipso
1757 1126 1902 1196 castello
1925 1145 1988 1214 per
2011 1125 2095 1195 finis
2119 1130 2157 1196 et

305 1291 505 1360 mensuras;
523 1272 601 1362 ipsa
616 1273 718 1362 pecie
733 1275 797 1362 qui
810 1272 942 1343 dicitur
961 1275 1006 1344 ad
1023 1294 1137 1363 gorga
1152 1276 1344 1364 lupeni,est
1361 1296 1383 1346 a
1398 1280 1499 1364 parte
1515 1277 1666 1345 orientis
1679 1277 1750 1346 fine
1764 1276 1916 1364 predicti
1932 1277 2154 1362 monasterii,

309 1428 395 1496 inde
417 1431 502 1498 sunt
526 1429 622 1516 passi
636 1429 830 1518 sexaginta
846 1429 915 1498 duo
930 1432 1050 1500 minus
1073 1430 1249 1518 guvitum:
1275 1449 1298 1500 a
1320 1449 1406 1517 paru
1431 1428 1695 1516 septemtrionis
1718 1429 1884 1498 similiter
1908 1431 2017 1499 tinem
2042 1430 2158 1518 ipsius

308 1581 534 1667 monasterii,
553 1582 642 1682 inde
665 1582 762 1670 passi
786 1583 1028 1672 quadraginta
1043 1588 1128 1670 tres3
1147 1602 1169 1652 a
1185 1585 1286 1670 parte
1303 1581 1498 1650 occidentis
1514 1582 1584 1649 fine
1599 1579 1671 1668 via,
1698 1581 1781 1649 inde
1799 1546 1901 1668 ¹passi
1924 1582 2158 1670 septuaginta.

307 1735 389 1803 duo:
409 1735 597 1805 ameridie
612 1738 684 1806 tine
699 1737 852 1825 predicti
868 1737 1070 1823 monaterii,
1087 1736 1168 1805 inde
1185 1735 1281 1823 passi
1304 1740 1391 1822 tres;
1416 1735 1494 1822 ipsa
1518 1735 1617 1805 halia
1640 1737 1743 1822 pecie
1766 1739 1828 1823 qui
1851 1737 1983 1806 dicitur
2007 1738 2053 1807 ad
2076 1757 2155 1808 are-

305 1887 401 1955 nola:
425 1890 473 1956 ha
484 1891 585 1976 parte
607 1889 757 1958 orientis
773 1891 844 1958 fine
860 1888 1009 1976 predicti
1026 1885 1249 1974 monasterii,
1266 1886 1349 1954 inde
1365 1887 1459 1974 passi
1477 1888 1708 1974 septuaginta
1723 1889 1805 1956 duo:
1830 1910 1853 1958 a
1877 1893 1980 1976 parte
2004 1894 2158 1978 septem·

308 2039 439 2108 trionis
461 2041 532 2109 fine
547 2027 698 2130 predicti
714 2042 936 2129 monasterii,
955 2042 1037 2110 inde
1053 2040 1147 2128 passi
1165 2039 1346 2109 tredecim:
1365 2042 1411 2110 ab
1427 2040 1648 2108 occidentem
1664 2039 1829 2109 similiter
1854 2043 1925 2110 tine
1949 2043 2062 2128 ipsius
2086 2063 2158 2112 mo·

307 2191 471 2280 nasterii,
496 2193 579 2261 inde
601 2194 697 2281 passi
720 2196 961 2282 quadraginta
978 2194 1058 2262 duo:
1077 2196 1217 2282 aparte
1233 2193 1305 2260 tine
1320 2192 1393 2279 via,
1412 2192 1495 2260 inde
1512 2195 1597 2260 sunt
1613 2193 1709 2279 passi
1725 2192 1845 2262 decem
1868 2197 1904 2262 et
1926 2197 2015 2282 octo,
2040 2199 2155 2264 totum

309 2349 554 2416 mensuratum
577 2348 620 2414 ad
643 2347 739 2415 iusto
755 2365 898 2434 passum
916 2346 1113 2433 hominum;
1131 2345 1223 2432 ideo,
1241 2348 1281 2413 ut
1298 2345 1469 2433 diximus,
1483 2345 1526 2414 de
1542 2348 1646 2414 ambe
1661 2346 1866 2432 supradicte
1882 2347 1981 2434 pecie
1997 2347 2039 2417 de
2055 2350 2157 2418 terra

311 2520 373 2589 per
390 2499 615 2588 supradictas
637 2501 726 2568 fines
748 2504 785 2570 et
807 2517 993 2570 mensuras
1016 2499 1148 2570 tradidi
1167 2498 1297 2568 exinde
1315 2499 1412 2568 vobis
1428 2499 1511 2568 illut
1527 2501 1619 2587 quod
1636 2501 1675 2568 in
1692 2503 1769 2588 ipso
1786 2502 2000 2570 monasterio
2023 2501 2155 2573 exinde

307 2655 475 2744 pertinet,
499 2653 538 2721 in
560 2653 627 2723 tali
651 2654 773 2722 ordine
789 2701 951 2722 .......
968 2652 1132 2738 tradidit,
1157 2656 1197 2721 ut
1220 2652 1345 2722 amodo
1367 2657 1404 2722 et
1425 2672 1578 2741 semper,
1596 2658 1683 2722 nato
1698 2659 1899 2743 nascentes
1916 2656 1961 2725 ad
1978 2661 2097 2726 vestra
2120 2663 2157 2728 et

306 2813 351 2880 de
375 2809 504 2880 vestris
527 2810 691 2879 eredibus
715 2809 788 2877 sint
811 2811 1021 2896 potestatem
1045 2809 1124 2877 illut
1146 2808 1352 2896 tenendum,
1377 2813 1413 2878 et
1436 2810 1533 2878 fovee
1557 2814 1592 2878 et
1615 2811 1730 2878 omnis
1753 2831 1815 2880 suc
1832 2812 2004 2882 utilitatis
2021 2813 2153 2882 ibidem

311 2963 542 3049 faciendum,
568 2965 604 3030 et
626 2979 688 3048 per
711 2977 848 3030 annum
879 2978 942 3028 suo
965 2945 1123 3049 tempore
1146 2963 1260 3030 totum
1283 2961 1400 3049 ipsum
1425 2964 1611 3031 arbustum
1637 2963 1679 3031 de
1702 2967 1805 3032 ambe
1829 2964 2031 3052 supradicte
2059 2967 2158 3053 pecie

310 3117 402 3206 quod
425 3115 569 3184 iliorum
592 3115 755 3202 tradidit,
778 3132 842 3201 per
865 3131 1000 3183 annum
1024 3131 1086 3182 suo
1109 3117 1267 3201 tempore
1289 3114 1332 3182 de
1355 3132 1459 3200 super
1483 3115 1583 3183 etde
1607 3117 1732 3183 subtus
1764 3116 1927 3186 laborare
1958 3121 1993 3185 et
2018 3117 2155 3187 cultare

308 3282 343 3344 et
365 3272 622 3363 propaginare,
645 3273 681 3337 et
704 3269 766 3338 ubi
789 3268 974 3358 meruerit,
998 3271 1144 3339 arbores
1167 3273 1202 3338 et
1226 3269 1318 3338 vites
1342 3271 1473 3339 ibidem
1496 3271 1661 3358 plantare
1684 3277 1720 3342 et
1743 3291 1903 3360 surgere,
1928 3276 1965 3340 et
1995 3274 2058 3340 ubi
2083 3292 2159 3342 me-

306 3427 462 3516 ruerint,
487 3426 569 3495 11111
592 3425 734 3496 cludere
757 3430 794 3493 et
816 3443 954 3511 semper
977 3423 1059 3491 illut
1083 3422 1219 3491 clusum
1243 3442 1360 3511 avere,
1385 3426 1420 3492 et
1443 3423 1495 3490 sic
1510 3443 1573 3510 per
1589 3443 1733 3493 annum·
1750 3443 1814 3492 suo
1830 3430 1988 3514 tempore
2006 3425 2087 3494 illut
2103 3427 2156 3497 11-

304 3584 444 3671 borarc,
469 3585 510 3651 ut
532 3600 595 3669 per
612 3580 726 3648 omnis
742 3597 886 3647 omnum
903 3582 1035 3646 bonum
1051 3577 1250 3648 laboratum
1272 3581 1411 3674 pareat,
1427 3579 1605 3663 quatenus
1622 3576 1660 3642 in
1678 3577 1805 3645 melius
1822 3579 2013 3664 proficiant
2028 3585 2063 3648 et
2078 3597 2150 3648 nou

304 3737 525 3827 dispereant,
549 3739 585 3804 et
607 3734 745 3804 salbum
769 3733 852 3803 illut
876 3735 1019 3818 abeant,
1043 3735 1079 3799 et
1102 3749 1164 3817 per
1189 3747 1326 3798 anuum
1347 3727 1390 3795 de
1413 3728 1590 3797 vindemie
1624 3729 1761 3798 faciant
1795 3729 1867 3798 illis
1899 3751 1955 3800 me
1978 3734 2070 3801 scire
2094 3733 2151 3801 vol

303 3911 388 3982 pars
411 3889 527 3979 ipsius
549 3885 770 3972 monasterii,
794 3889 835 3952 ut
858 3883 1006 3951 missum
1029 3884 1189 3948 nostrum
1213 3879 1297 3948 illuc
1321 3879 1497 3967 dirigant,
1513 3883 1549 3947 et
1566 3879 1638 3948 illis
1654 3882 1840 3950 arbustum
1854 3882 1971 3968 ipsum
1986 3901 2049 3950 suo
2064 3887 2156 3953 tem·

301 4065 388 4136 pore
409 4041 660 4129 vindemiare,
684 4044 720 4108 et
748 4038 864 4106 omnis
886 4037 1010 4107 vinum
1034 4034 1164 4104 exinde
1187 4032 1308 4120 ibique
1331 4032 1377 4101 ad
1400 4032 1620 4120 palmentum
1647 4033 1829 4102 internos
1860 4034 2062 4104 dividamus
2086 4057 2150 4126 per

304 4197 541 4268 medietatem:
566 4210 650 4281 pars
672 4193 785 4279 ipsius
806 4189 1014 4259 monasterii
1041 4186 1170 4255 tollant
1194 4184 1277 4253 inde
1301 4183 1553 4272 medietatem,
1577 4187 1613 4253 et
1636 4183 1709 4253 illis
1731 4187 1985 4276 medietatem3
2011 4195 2046 4259 et
2070 4191 2150 4278 ipsa

303 4350 494 4422 medietate
517 4350 561 4417 de
583 4351 659 4435 ipso
684 4345 808 4414 vinum
831 4343 983 4431 predicti
1004 4336 1213 4409 monasterii
1237 4335 1310 4406 illis
1333 4355 1396 4424 per
1413 4337 1529 4405 omnis
1551 4355 1689 4406 annum
1704 4342 1848 4425 portare
1865 4340 2018 4410 deveant
2034 4344 2152 4413 salbos

301 4524 414 4593 usque
438 4481 486 4574 ad*
506 4499 692 4571 cellarium
715 4498 827 4587 ipsius
850 4493 1057 4566 monasterii
1080 4493 1123 4562 de
1139 4493 1214 4580 ipso
1230 4478 1453 4578 locum'quod
1477 4490 1529 4558 ibi
1552 4495 1646 4578 avet,
1670 4495 1707 4560 et
1729 4493 1875 4560 mittant
1893 4493 1997 4563 illum
2013 4497 2153 4567 salbum

300 4661 342 4728 in
365 4675 524 4747 organea
546 4655 697 4743 predicti
720 4651 942 4738 monasterii,
966 4648 1058 4736 quod
1083 4646 1214 4714 ibidem
1237 4645 1283 4713 ad
1306 4642 1379 4711 iliis
1403 4643 1767 4730 adsingnaverimus,
1790 4645 1868 4715 hita
1892 4652 1931 4714 ut
1952 4667 2016 4734 per
2038 4652 2154 4720 omnis

296 4833 437 4886 annum
460 4810 535 4880 illis
556 4809 665 4878 deant
687 4806 734 4876 ad
758 4806 833 4892 ipso
855 4801 1043 4871 cellarium
1065 4818 1128 4886 per
1143 4800 1283 4867 ratione
1306 4783 1431 4884 circla,
1457 4797 1551 4865 unde
1574 4815 1611 4865 se
1635 4797 1800 4866 conciare
1823 4798 1975 4869 deveant
1998 4802 2078 4888 ipsa
2095 4821 2152 4871 or·

300 4987 431 5059 ganea,
455 4962 519 5034 ubi
543 4965 619 5049 ipso
641 4960 763 5028 vinum
788 4957 861 5026 illis
885 4954 1028 5023 mittere
1051 4953 1217 5037 deveant,
1242 4951 1359 5038 ipsum
1381 4951 1529 5018 missum
1551 4950 1705 5038 predicti
1729 4952 1952 5039 monasterii,
1975 4954 2062 5024 dum
2086 4975 2151 5044 pro

301 5120 381 5209 ipse
404 5116 583 5186 vindemie
606 5113 737 5183 ibidem
760 5109 912 5196 steterit,
937 5105 1010 5176 illis
1032 5104 1168 5174 notrire
1191 5102 1385 5172 secundum
1400 5100 1543 5168 illorum
1559 5101 1808 5191 possivilitate,
1825 5109 1862 5172 et
1884 5105 2153 5192 palmentateca

300 5273 373 5344 illis
396 5269 499 5338 nobis
522 5269 643 5355 deaut,
667 5266 761 5334 sicut
782 5258 997 5331 consuetudo
1020 5263 1084 5326 est.
1110 5258 1158 5325 De
1181 5273 1253 5342 qua
1276 5253 1315 5319 in
1340 5252 1419 5339 ipsa
1442 5253 1548 5320 rebus
1575 5250 1647 5346 illis
1669 5252 1917 5343 seminaverit,
1941 5255 2050 5326 deaut
2073 5257 2149 5326 illis

302 5428 386 5498 inde
409 5425 454 5496 ad
477 5442 570 5512 parsw
584 5419 736 5510 predicti
758 5412 967 5484 monasterii
989 5410 1200 5480 terraticum
1224 5407 1320 5475 iusta
1343 5403 1557 5472 consuetudo
1580 5404 1624 5472 de
1639 5403 1715 5491 ipsc
1730 5402 1859 5472 locum:
1882 5411 2015 5493 preter,
2040 5362 2149 5496 quale

299 5582 458 5667 tempore
481 5579 589 5646 rebus
611 5575 691 5663 ipsa
713 5571 752 5640 in
775 5567 989 5657 supradicta
1012 5562 1151 5632 ratione
1187 5558 1259 5627 illis
1281 5557 1337 5624 vel
1362 5553 1506 5623 illorum
1530 5554 1651 5624 eredes
1685 5557 1809 5625 tenere
1833 5561 1869 5626 et
1896 5557 2061 5628 laborare
2086 5577 2149 5629 nc-

298 5730 423 5821 luerit,
447 5729 573 5800 inclita
594 5725 799 5816 supradicta
820 5719 1014 5790 traditione
1030 5717 1122 5784 bona
1139 5713 1305 5782 laborata
1324 5707 1525 5800 ctjcultata,
1549 5712 1586 5778 et
1609 5710 1670 5780 ubi
1695 5709 1882 5810 meruerit,
1907 5713 2005 5783 clusa
2027 5718 2152 5786 remit·

297 5892 380 5958 tant
395 5889 442 5958 ad
458 5890 666 5978 potestatem
681 5881 793 5970 ipsius
809 5873 1030 5958 monasterii,
1048 5865 1251 5940 faciendum
1269 5865 1352 5934 inde
1367 5863 1461 5950 quod
1474 5862 1638 5934 boluerit.
1652 5865 1700 5944 De
1717 5881 1790 5951 qua
1806 5883 1869 5954 per
1885 5869 2151 5941 convenientia
