5414 7098
1036 547 1445 626 ulrlottlrlcu's
2070 560 2116 630 37

315 773 353 837 et
377 766 634 838 abellanietum
669 767 706 836 in
732 769 810 855 ipsa
833 769 936 856 pecia
960 769 1132 858 indeque,
1165 774 1257 860 quod
1288 779 1471 863 operaturi
1495 786 1578 850 sunt
1602 801 1665 868 per
1695 781 1771 868 ipso
1808 782 2001 868 posteriore
2026 785 2168 852 brebem

316 925 382 1014 qui
407 925 560 1011 scriptus
584 928 636 992 est
659 943 723 1010 per
746 925 862 1013 ipsum
886 927 1072 994 mirandus
1096 927 1259 997 notarius
1283 927 1321 998 in
1346 932 1541 1001 constituta
1570 935 1612 1002 de
1637 935 1711 1022 ipso
1736 937 1906 1023 brebem,
1931 955 2169 1022 quemammo-

322 1079 408 1148 dum
435 1077 510 1165 ipso
535 1078 678 1145 brebem
701 1079 873 1167 continet,
898 1083 938 1146 ut
962 1085 1173 1150 remaneant
1195 1081 1268 1148 illis
1293 1083 1374 1152 inde
1398 1084 1474 1154 sine
1498 1088 1689 1175 calumnie,
1707 1093 1743 1156 et
1759 1089 1946 1157 circoitum
1970 1091 2048 1176 ipsa
2071 1097 2171 1162 curte

318 1232 520 1315 eluderent,
545 1234 582 1297 et
605 1247 743 1317 semper
767 1229 850 1296 illut
873 1231 1012 1298 clusum
1035 1233 1222 1320 haberent,
1247 1241 1282 1302 et
1306 1257 1429 1306 curam
1454 1243 1489 1305 et
1512 1239 1759 1326 vigilationem
1777 1242 1859 1310 inde
1877 1245 2038 1330 aberent,
2053 1251 2087 1312 et
2103 1246 2172 1315 sal·
2243 1319 2257 1332 ⁸

320 1388 403 1454 bum
431 1385 513 1452 illut
535 1385 708 1470 lacerent,
732 1388 768 1451 et
790 1401 901 1450 unum
926 1385 969 1453 de
993 1385 1062 1472 ipsi
1086 1387 1251 1473 germani
1274 1394 1310 1456 et
1333 1392 1410 1459 eius
1433 1391 1553 1460 eredes
1576 1413 1714 1479 semper
1739 1397 1790 1462 ibi
1814 1395 1969 1465 residere
1995 1402 2031 1464 et
2055 1398 2171 1468 avita·

319 1558 371 1625 re,
396 1545 431 1607 et
456 1539 663 1608 annualiter
687 1555 749 1625 per
773 1543 929 1624 tempore
952 1539 995 1606 de
1020 1540 1197 1608 vindemie
1221 1546 1256 1610 et
1280 1543 1322 1611 de
1347 1545 1510 1614 abellane
1533 1525 1801 1636 colligendum,
1827 1553 1918 1620 scire
1945 1552 2080 1623 iaciant
2118 1574 2174 1624 me
2211 1633 2212 1636 Ἴ

323 1693 465 1781 meique
489 1693 761 1780 successoribus,
786 1695 842 1760 vel
866 1713 950 1780 pars
973 1693 1086 1780 ipsius
1109 1694 1269 1780 ecclesie,
1287 1699 1326 1762 ut
1342 1696 1472 1764 ibidem
1496 1699 1695 1786 dirigamus
1720 1705 1868 1772 missum
1885 1710 2062 1784 nostrum,
2081 1713 2116 1777 et
2132 1709 2176 1776 il-

322 1847 369 1914 lis
393 1851 478 1918 totis
502 1849 662 1917 arbustis
685 1849 728 1917 dc
753 1849 831 1934 ipsa
853 1848 1085 1917 traditionem
1109 1848 1183 1916 suis
1206 1851 1424 1936 temporibus
1449 1851 1735 1942 vindemiarent,
1760 1863 1796 1926 et
1818 1860 1940 1927 vinum
1966 1862 2084 1947 ipsum
2108 1861 2175 1931 ibi·

320 2003 401 2072 dem
424 2002 470 2072 ad
495 2001 715 2088 palmentum
738 2007 987 2089 procurarent,
1012 2007 1048 2070 et
1070 2003 1187 2069 omnis
1210 2021 1314 2088 poma
1336 2009 1372 2070 et
1396 2003 1518 2090 fruges
1542 2011 1578 2074 et
1602 2007 1765 2077 abellane
1788 2013 1917 2079 exinde
1942 2015 2017 2082 suis
2041 2019 2176 2102 tempo-

321 2156 425 2224 ribus
448 2153 670 2242 colligerent,
687 2160 723 2224 et
747 2157 821 2242 ipse
845 2155 1009 2225 abellane
1033 2159 1231 2242 seecarent,
1254 2159 1290 2222 et
1313 2156 1428 2222 omnis
1452 2157 1575 2225 vinum
1600 2165 1635 2229 et
1657 2179 1773 2250 poma,
1790 2164 1846 2232 vel
1870 2167 2029 2250 qualibet
2053 2171 2176 2258 fruges

324 2315 491 2400 indeque,
516 2317 634 2399 scepta
659 2313 733 2397 ipse
757 2309 934 2397 abellane,
959 2310 1185 2380 medietatem
1210 2309 1292 2377 illut
1315 2311 1417 2379 daret
1440 2312 1486 2379 ad
1510 2313 1655 2380 missum
1678 2317 1721 2384 de
1745 2316 1908 2403 partibus
1933 2321 2046 2406 ipsius
2063 2327 2175 2394 ecele-

324 2471 391 2557 sie,
417 2475 452 2538 et
476 2469 703 2537 medietatem
727 2485 785 2534 eos
809 2465 877 2533 sivi
902 2467 1089 2553 haberent,
1113 2471 1231 2554 scepto
1254 2467 1297 2535 de
1320 2469 1476 2536 sortione
1499 2468 1542 2536 de
1566 2472 1641 2557 ipso
1664 2475 1866 2561 arbustum,
1891 2478 1985 2562 quod
2009 2483 2177 2565 pastena-

324 2625 378 2692 bit
403 2624 501 2692 inira
524 2625 602 2709 ipse
625 2622 821 2690 traditione
845 2622 920 2707 ipse
944 2621 1084 2708 genitor
1107 2620 1263 2706 illorum,
1285 2619 1388 2689 daret
1411 2619 1494 2686 inde
1517 2621 1554 2686 in
1579 2641 1663 2706 pars
1688 2623 1800 2708 ipsius
1823 2629 1970 2697 ecclesie
1994 2631 2037 2698 de
2054 2633 2178 2699 vinum

324 2785 361 2848 et
386 2799 489 2868 poma
513 2799 620 2867 quam
643 2778 727 2846 inde
751 2776 895 2860 exierit,
920 2774 1064 2842 tertiam
1088 2792 1200 2860 pare,
1224 2780 1260 2842 et
1283 2775 1351 2841 due
1375 2777 1480 2843 sortis
1504 2775 1586 2844 inde
1613 2775 1679 2842 siri
1705 2778 1893 2878 haberent3
1918 2783 1960 2850 de
1991 2789 2083 2870 quod
2115 2808 2178 2856 au·

323 2944 397 3006 tem
422 2955 486 3023 per
510 2953 646 3005 annum
670 2933 719 3002 ibi
744 2931 1015 3015 seminaberint,
1040 2933 1155 2996 totum
1180 2927 1261 2995 illut
1284 2927 1352 2994 sivi
1377 2930 1578 3015 haberent,
1602 2933 1742 2998 tantum
1767 2935 1975 3002 terraticum
2001 2937 2083 3007 inde
2111 2943 2174 3028 da-

325 3095 407 3161 rent
430 3089 551 3176 ibique
575 3089 613 3154 in
638 3091 717 3175 ipsa
740 3087 845 3152 rebus
869 3083 913 3152 ad
937 3100 1059 3149 aream
1083 3099 1153 3166 que
1177 3081 1225 3148 ibi
1249 3079 1412 3166 fecerint,
1438 3081 1653 3148 admissum
1677 3084 1719 3151 de
1743 3086 1905 3170 partibus
1930 3087 2042 3176 ipsius
2066 3096 2177 3164 eccle·

325 3247 382 3314 sie
418 3245 613 3314 secundum
647 3237 862 3309 consuetudo
885 3237 927 3304 de
951 3237 1026 3322 ipso
1063 3235 1200 3320 locum;
1225 3241 1272 3318 et,
1297 3233 1381 3300 dum
1405 3254 1468 3322 pro
1493 3235 1572 3319 ipsa
1596 3236 1716 3304 trudia
1740 3238 1933 3308 tollendum
1958 3243 2007 3310 ibi
2033 3249 2174 3316 steterit

326 3399 458 3469 missus
483 3403 616 3486 noster,
641 3396 713 3464 illis
736 3415 819 3464 eum
842 3401 878 3463 et
901 3413 1031 3480 equum
1054 3410 1158 3458 suum
1181 3391 1346 3458 nutriant
1368 3392 1405 3455 et
1427 3387 1619 3474 dispenset,
1644 3390 1736 3458 sicut
1761 3392 1896 3460 iustum
1919 3397 2179 3487 fuerit,etpal-

328 3556 520 3626 mentatica
543 3557 579 3621 et
603 3552 756 3619 airatica
778 3549 824 3616 ad
848 3549 964 3634 ipsum
988 3547 1149 3610 nostrum
1174 3543 1321 3610 missum
1344 3543 1472 3610 darent
1495 3545 1688 3612 secundum
1713 3549 1926 3616 consuetudo
1943 3551 2054 3637 ipsius
2077 3555 2177 3644 locis,

331 3715 367 3780 et
390 3710 469 3798 ipsa
493 3708 647 3776 sortione
671 3703 823 3789 indeque
846 3701 888 3767 de
913 3699 989 3786 ipso
1013 3697 1135 3764 vinum
1159 3715 1228 3782 que
1252 3697 1290 3762 in
1314 3696 1477 3782 partibus
1501 3697 1616 3782 ipsius
1639 3699 1785 3768 ecclesie
1810 3706 1966 3790 venerit,
1990 3706 2019 3772 si
2043 3708 2180 3777 dederi·

330 3886 411 3934 mus
436 3865 580 3933 illorum
603 3865 787 3950 horganea
811 3859 854 3928 de
877 3857 1002 3924 vinum
1026 3857 1161 3960 ibique,
1185 3858 1271 3921 tunc
1295 3852 1369 3920 illis
1398 3873 1461 3940 per
1491 3873 1628 3924 annum
1661 3876 1818 3946 organea
1842 3861 1920 3947 ipsa
1943 3865 2122 3935 conciaret
2144 3873 2180 3937 et

328 4019 491 4088 studiare
515 4019 608 4085 bona
621 4064 630 4102 ,
654 4019 691 4082 et
714 4015 791 4100 ipsa
814 4009 970 4079 sortione
993 4009 1115 4074 nostra
1137 4005 1180 4073 de
1203 4003 1278 4091 ipso
1302 4003 1425 4071 vinum
1450 4005 1580 4075 ibidem
1604 4015 1780 4094 reponant
1804 4012 1904 4100 illis,
1930 4016 1991 4082 ubi
2016 4035 2108 4086 unus
2131 4039 2179 4088 ex

331 4173 404 4242 illis
428 4170 676 4257 abitaberint,
702 4169 742 4236 in
766 4183 924 4254 organea
948 4163 1025 4250 ipsa
1048 4181 1117 4248 que
1141 4179 1225 4249 pars
1249 4160 1359 4247 ipsius
1382 4161 1531 4228 ecclesie
1556 4162 1698 4230 illorum
1722 4164 1843 4252 ibique
1866 4167 2043 4258 dederint,
2069 4177 2104 4240 et
2128 4175 2180 4243 fa-

325 4331 427 4397 ciant
451 4323 553 4394 nobis
576 4327 652 4410 ipso
668 4321 792 4389 vinum
809 4319 961 4407 salbum,
974 4319 1085 4386 donec
1102 4317 1183 4384 illut
1200 4317 1284 4385 inde
1301 4317 1503 4404 tulerimuS,
1520 4321 1653 4404 absque
1669 4320 1982 4408 degenerationem
1995 4330 2031 4395 et
2042 4329 2178 4416 ignem,

324 4489 361 4554 et
384 4485 413 4554 si
439 4503 512 4552 non
536 4483 689 4551 voluerit
712 4499 797 4569 pars
822 4479 933 4566 ipsius
961 4474 1109 4544 ecclesie
1134 4472 1289 4542 sortione
1313 4491 1378 4542 sua
1401 4473 1444 4541 de
1467 4471 1543 4560 ipso
1569 4473 1693 4540 vinum
1719 4476 1768 4542 ibi
1793 4483 1967 4566 poneret,
1994 4483 2081 4549 tunc
2105 4481 2179 4552 illis

321 4647 360 4710 et
384 4638 526 4708 illorum
550 4638 671 4707 eredes
694 4655 757 4722 per
780 4634 896 4701 omnis
919 4648 1055 4700 annum
1078 4629 1160 4722 illut
1183 4631 1342 4715 portaret
1366 4628 1411 4696 ad
1435 4627 1623 4696 cellarium
1653 4628 1766 4715 ipsius
1798 4632 1945 4701 ecclesie
1976 4635 2019 4702 de
2056 4605 2184 4705 eodem

324 4797 415 4883 loco,
432 4795 494 4863 ubi
511 4793 557 4864 ad
582 4791 693 4880 periti
710 4789 857 4874 dicitur,
874 4789 909 4854 et
923 4783 1071 4852 mittant
1094 4784 1176 4850 illut
1201 4784 1239 4850 in
1263 4783 1429 4868 organeis
1454 4783 1622 4870 indeque,
1640 4785 1702 4852 ubi
1720 4784 1793 4852 illis
1809 4805 1873 4872 per
1891 4805 2027 4856 annum
2051 4791 2180 4860 hadiu-

326 4953 412 5020 bare
434 4949 611 5018 steterunt
634 4945 678 5014 ad
701 4942 935 5010 conciandum
951 4944 988 5006 et
1003 4937 1246 5022 studiandum;
1264 4938 1300 5002 et
1315 4936 1421 5022 quale
1444 4940 1600 5024 tempore
1620 4938 1701 5005 illut
1718 4938 1756 5004 in
1773 4939 1981 5008 iamdictam
1998 4942 2174 5012 rationem

321 5109 451 5172 tenere
474 5105 510 5171 et
534 5099 694 5168 lavorere
711 5094 905 5178 noluerint,
930 5095 1090 5159 autnon
1114 5087 1310 5176 potuerint,
1336 5091 1422 5154 tunc
1447 5087 1571 5157 inclita
1595 5091 1673 5176 ipsa
1689 5093 1791 5158 curte
1808 5110 1869 5178 per
1886 5091 2072 5162 iamdictas
2088 5097 2178 5167 fines

318 5263 361 5327 et
385 5273 571 5326 mensuras
594 5252 730 5322 cultata
753 5252 790 5317 et
813 5249 985 5336 hoperata
1007 5249 1043 5311 et
1068 5241 1251 5328 studiata,
1275 5241 1369 5309 sicut
1393 5242 1489 5308 locus
1514 5241 1586 5328 ipse
1610 5247 1807 5332 meruerit,
1832 5248 1961 5314 bonum
1987 5251 2175 5318 arbustum

322 5418 359 5483 et
377 5407 647 5492 abellanietum,
664 5423 726 5473 seu
742 5404 866 5490 pomis,
884 5400 1070 5467 remittant
1093 5397 1130 5464 in
1155 5415 1239 5484 pars
1263 5396 1378 5482 ipsius
1403 5395 1549 5464 ecclesie
1573 5415 1654 5464 cum
1678 5417 1752 5468 una
1767 5419 1851 5469 casa
1866 5406 1902 5469 et
1917 5421 1997 5469 cum
2013 5403 2175 5489 palmen-

330 5575 422 5652 turn,
438 5585 507 5652 que
530 5560 583 5632 ibi
606 5559 754 5645 suerint,
771 5561 808 5625 et
830 5553 944 5623 licead
967 5553 1039 5620 illis
1063 5557 1099 5620 et
1122 5553 1199 5620 suis
1223 5551 1388 5619 eredibus
1412 5549 1494 5619 inde
1517 5551 1617 5618 exire
1641 5570 1722 5619 cum
1745 5553 1816 5622 alie
1832 5555 1925 5622 casis
1949 5574 2012 5623 sue
2035 5559 2071 5624 et
2095 5577 2177 5628 cum

320 5719 443 5788 emnia
466 5716 609 5798 illorum
631 5731 742 5783 causa
766 5705 924 5794 mobilia,
941 5715 976 5778 et
993 5709 1160 5796 pergant,
1185 5706 1243 5772 ubi
1263 5704 1457 5790 voluerint,
1475 5707 1512 5772 et
1528 5703 1641 5772 licead
1657 5723 1741 5790 pars
1759 5705 1872 5792 ipsius
1890 5709 2038 5778 ecclesie
2059 5712 2177 5802 medo,

325 5875 381 5942 rel
405 5871 547 5960 quando
570 5864 844 5944 voluerit-inde
867 5867 1034 5930 excutere
1058 5879 1143 5930 casa
1167 5877 1235 5946 que
1259 5859 1328 5927 luit
1352 5859 1464 5947 ipsius
1487 5859 1634 5948 maioni,
1661 5860 1722 5946 qui
1748 5861 1827 5930 sine
1844 5865 1967 5934 eredes
1991 5867 2180 5938 defunctus
