5466 7106
1023 558 1421 634 olruoulrleus
1954 621 1957 628 .
2021 555 2089 630 137

290 781 406 868 ipsius
429 782 576 854 ecclesie
599 803 672 854 non
695 785 956 874 adimpleberit,
980 791 1017 857 et
1040 787 1084 856 de
1105 787 1349 876 suprascripta
1372 786 1501 874 aliquit
1522 785 1796 872 contradixerit,
1821 801 1884 871 per
1908 783 1987 872 ipsa
2007 780 2144 872 guadia

297 951 509 1022 componere
533 935 706 1025 obligavit
730 956 767 1006 se
790 941 828 1007 et
851 956 932 1007 suos
955 938 1078 1008 eredes
1100 938 1146 1008 ad
1168 956 1253 1026 pars
1277 935 1442 1007 iamdicta
1463 935 1609 1004 ecclesie
1632 934 1786 1022 triginta
1809 936 1890 1004 auri
1914 932 2042 1002 solidos
2064 951 2151 1004 con·

290 1087 484 1174 stantinos,
510 1086 602 1174 quod
626 1088 753 1176 scripsi
776 1107 843 1178 ego
865 1091 1053 1178 iaquintus
1074 1089 1250 1159 notarius.

339 1214 371 1331 †
395 1242 471 1330 Ego
494 1259 581 1311 ursu
603 1261 660 1313 me
684 1244 881 1332 subscripsi

341 1366 373 1483 †
398 1395 473 1484 Ego
498 1396 706 1466 smaracdus
729 1397 892 1468 notarius
914 1395 1187 1484 mesubscripsi

338 1522 370 1638 †
395 1551 470 1637 Ego
494 1549 638 1620 alderisi
670 1553 833 1622 notarius
856 1569 913 1622 me
935 1552 1142 1638 subscripsi.

1094 1806 1098 1810 .
1129 1805 1218 1812 ..-o-
1247 1805 1384 1814 ——nn

964 2201 966 2205 ⁸
1064 2095 1363 2180 mccxcv.

1069 2362 1124 2438 A.
1154 2360 1204 2436 D.
1233 2359 1362 2440 1027.

333 2561 370 2702 †
395 2616 435 2682 ln
459 2619 604 2688 nomine
627 2618 762 2688 domini
786 2621 921 2691 decimo
944 2639 1039 2692 anno
1063 2621 1288 2709 principatus
1303 2618 1420 2689 domni
1439 2619 1554 2688 nostri
1569 2618 1753 2706 guaimari
1771 2619 1947 2707 gloriosus
1964 2622 2146 2710 princeps,

289 2787 410 2840 mense
433 2775 651 2859 nobember,
677 2775 868 2848 undecima
893 2778 1102 2848 indictione.
1129 2774 1415 2846 Memoratorium
1439 2775 1537 2844 sactu
1561 2793 1583 2842 a
1605 2792 1661 2843 me
1684 2771 1871 2862 iaquintus
1902 2777 2076 2864 presbiter
2108 2783 2147 2846 et

286 2925 517 3012 primicerius
541 2931 576 2996 et
601 2925 696 2996 illius
718 2930 896 3017 gaudiosi,
922 2947 963 2998 eo
986 2929 1078 3017 quod
1101 2932 1186 2999 ante
1209 2928 1391 3016 presentia
1413 2929 1533 2996 domni
1558 2928 1692 2996 maioni
1718 2928 1914 2998 venerabili
1938 2929 2062 3000 abbati
2086 2947 2143 2998 ec·

287 3080 398 3147 alesia
423 3079 540 3148 sancti
564 3081 714 3150 maximi
739 3081 849 3150 situm
872 3081 971 3150 intus
993 3082 1253 3152 salernitanam
1277 3082 1473 3170 cibitatem‚
1490 3087 1526 3152 et
1551 3085 1671 3171 ibique
1695 3089 1787 3154 esset
1809 3085 2001 3172 subscripti
2018 3087 2142 3173 testes,

287 3249 351 3318 per
375 3233 469 3300 bona
483 3233 748 3303 combenientia
764 3253 829 3321 per
843 3233 1119 3303 demandatione
1136 3235 1249 3322 ipsius
1265 3235 1385 3305 domni
1403 3239 1527 3307 abbati
1544 3236 1676 3307 tradidi
1692 3255 1758 3326 ego
1776 3236 1925 3306 iohanni
1942 3236 2015 3305 filio
2031 3255 2147 3325 quon-

288 3387 372 3456 dam
397 3389 490 3475 petri
515 3388 560 3457 ad
584 3390 801 3478 tenendum,
825 3393 862 3458 et
886 3341 1148 3477 laborandum,
1173 3393 1209 3458 et
1231 3391 1522 3478 pastenandum‚
1547 3393 1584 3458 et
1608 3389 1829 3460 insitandum
1852 3390 1895 3459 de
1919 3392 2024 3458 rebus
2047 3388 2142 3478 quod

291 3559 375 3627 pars
401 3539 513 3628 ipsius
537 3539 685 3610 ecclesie
709 3543 791 3610 abet
814 3541 852 3608 in
876 3541 991 3610 locum
1014 3543 1173 3629 mucoris,
1198 3544 1259 3610 ubi
1282 3542 1400 3630 agella
1423 3544 1580 3632 dicitur,
1605 3545 1667 3632 qui
1691 3549 1776 3612 sunt
1797 3543 1895 3630 pecie
1921 3543 1989 3612 due
2012 3542 2056 3610 de
2080 3561 2138 3612 ar·

290 3694 407 3778 busta,
432 3695 467 3760 et
491 3691 569 3780 ipsa
592 3691 693 3762 halia
719 3692 821 3780 pecia
844 3696 898 3760 cst
921 3693 1177 3764 abellanietum
1196 3699 1237 3784 et
1259 3694 1496 3764 castanietum
1520 3711 1592 3760 uno
1615 3693 1787 3781 teniente‚
1812 3694 1905 3780 quod
1928 3711 1994 3781 ego
2017 3694 2056 3760 in
2081 3696 2143 3762 be-

283 3845 456 3915 neficium
481 3847 621 3915 retineo
645 3867 667 3916 a
689 3866 775 3933 pars
797 3847 909 3934 ipsius
932 3848 1082 3916 ecclesia
1105 3848 1220 3918 sancti
1242 3847 1407 3936 maximi,
1431 3851 1467 3916 et
1490 3851 1544 3916 est
1566 3865 1685 3935 pereo
1706 3846 2048 3932 flnisetmensurie3
2065 3863 2142 3914 una

284 4013 330 4065 ex
355 3998 432 4084 ipse
455 4000 553 4086 pecie
577 4000 619 4068 de
643 3999 750 4068 terris
774 4019 854 4068 cum
877 4002 1035 4069 arbustis
1058 4019 1081 4070 a
1104 4002 1267 4087 partibus
1291 4002 1441 4070 orientis
1463 3999 1557 4088 passi
1581 4000 1712 4090 biginti
1736 4000 1914 4088 quinque:
1939 4021 1963 4070 a
1985 4004 2138 4088 septem·

283 4150 412 4221 trionis
435 4154 518 4220 abet
540 4151 635 4239 passi
659 4151 793 4239 biginti
816 4169 944 4220 unum:
970 4152 1016 4219 ab
1040 4151 1222 4221 occidente
1244 4157 1340 4241 passi
1364 4157 1520 4242 triginta
1543 4174 1675 4223 unum:
1700 4174 1723 4224 a
1746 4153 1895 4222 meridie
1918 4154 2014 4242 passi
2030 4172 2138 4224 sexa-

283 4306 386 4392 ginta
411 4312 499 4394 tres;
524 4309 603 4396 ipsa
626 4308 727 4378 halia
750 4307 853 4396 pecia
876 4308 1039 4377 deterre
1062 4327 1143 4376 cum
1167 4311 1310 4378 arbusto
1333 4331 1355 4379 a
1377 4308 1642 4398 septemtrionis
1656 4311 1740 4378 abet
1755 4307 1851 4396 passi
1869 4305 2023 4397 triginta
2038 4308 2134 4378 duo:

284 4463 426 4546 aparte
441 4461 635 4530 occidentis
651 4463 749 4548 passi
765 4463 959 4552 sexaginta
974 4480 1056 4531 sex:
1074 4481 1097 4530 a
1117 4461 1267 4530 meridie
1290 4463 1385 4550 passi
1409 4463 1568 4552 triginta
1591 4482 1680 4534 sex:
1705 4465 1752 4533 ab
1774 4459 1905 4530 orienti
1930 4465 2015 4530 sunt
2038 4463 2136 4550 passi

285 4615 477 4701 sexaginta
492 4615 528 4682 et
543 4613 586 4682 de
602 4633 648 4682 ex
664 4615 760 4682 omni
776 4563 879 4704 parte
895 4615 1103 4684 coniuntum
1127 4617 1182 4684 est
1197 4615 1243 4684 ad
1266 4613 1337 4684 flne
1361 4615 1473 4702 ipsius
1497 4613 1660 4703 ecclesie3
1685 4619 1721 4684 et
1737 4617 1816 4703 ipsa
1838 4615 1942 4702 pecia
1963 4614 2007 4684 de
2030 4619 2132 4684 terra

283 4768 343 4856 qui
362 4773 418 4837 est
434 4768 702 4856 abellanietum‚
727 4769 788 4856 qui
805 4755 976 4838 coniunta
991 4773 1044 4836 est
1059 4789 1140 4837 cum
1156 4771 1232 4858 ipso
1248 4769 1503 4842 abellanietum
1520 4773 1574 4838 est
1588 4788 1652 4856 per
1668 4784 1709 4836 ec
1725 4771 1920 4837 mensurie:
1938 4771 1985 4837 ab
1998 4769 2132 4839 orienti

284 4925 366 4991 abet
383 4924 479 5010 passi
496 4922 764 5010 quinquaginta
780 4922 873 4990 duo:
897 4941 920 4990 a
942 4922 1204 5009 septemtrionis
1226 4925 1322 5012 passi
1346 4923 1479 5013 biginti
1504 4928 1638 5012 septem
1661 4925 1698 4990 et
1720 4921 1876 4990 medium
1898 4939 2060 5009 passum:
2085 4924 2133 4992 ab

280 5077 465 5146 occidente
488 5077 584 5164 passi
610 5076 899 5166 quinquaginta:
924 5097 947 5146 a
969 5077 1120 5147 meridie
1142 5078 1238 5165 passi
1261 5077 1396 5165 biginti
1419 5079 1488 5147 duo
1511 5085 1547 5147 et
1569 5075 1693 5164 pedem
1719 5093 1832 5143 unum
1847 5080 1884 5145 et
1899 5075 2036 5163 planta;
2055 5071 2137 5165 ipsa¹

280 5231 381 5301 ltalia
416 5229 520 5320 pecia
534 5233 586 5323 ¹de
611 5235 710 5301 terra
734 5252 814 5300 oum
838 5229 1075 5300 castanietum
1099 5250 1162 5318 per
1185 5249 1225 5299 ec
1248 5233 1455 5299 mensurie:
1488 5232 1535 5302 ab
1558 5230 1740 5299 occidente
1763 5233 1849 5298 sunt
1871 5229 1969 5318 passi
1991 5233 2134 5301 centum

278 5385 456 5474 triginta:
481 5408 504 5458 a
526 5385 677 5456 meridie
699 5390 784 5455 sunt
806 5391 902 5475 passi
926 5384 1169 5474 quadraginta
1192 5390 1344 5473 quatuor
1369 5384 1546 5454 modicum
1569 5384 1775 5456 rebolbente
1798 5385 1895 5473 passi
1920 5391 2022 5472 octo,
2046 5384 2133 5454 inde

282 5541 431 5610 abiente
454 5559 518 5630 per
541 5543 613 5610 fine
636 5539 786 5610 meridie
808 5541 905 5628 passi
929 5539 1169 5627 quadraginta
1191 5539 1280 5608 duo:
1306 5541 1353 5609 ab
1376 5539 1507 5609 orienti
1530 5539 1625 5628 passi
1649 5539 1859 5628 octuaginta
1882 5545 1982 5608 octo:
2007 5559 2030 5610 a
2052 5560 2130 5631 sep-

276 5693 482 5765 temtrionis
513 5697 607 5784 passi
632 5695 789 5784 triginta
811 5714 947 5772 unum;
973 5696 1056 5765 inde
1078 5695 1312 5764 descendente
1335 5693 1431 5782 passi
1455 5693 1587 5782 biginti
1612 5712 1723 5763 unum
1746 5697 1782 5763 et
1804 5693 1984 5783 medium3
2009 5693 2126 5766 rebol·

276 5852 380 5920 bente
404 5850 498 5938 passi
522 5849 657 5939 biginti
681 5854 784 5939 octo;
807 5853 843 5918 et
867 5847 998 5918 iterum
1022 5848 1225 5918 rebolbente
1249 5852 1345 5938 passi
1368 5851 1489 5920 decern
1514 5856 1550 5921 et
1572 5855 1731 5940 septem3
1763 5850 1953 5921 etiterum
1985 5849 2130 5922 abiente

463 6005 534 6063 rou.
555 6023 580 6063 v.
1897 6007 1932 6062 rs
