5466 7106
1055 1023 1380 1110 DGGXCIV·
1431 1095 1437 1105 .

1058 1253 1113 1330 A.
1141 1251 1191 1332 D.
1221 1253 1348 1336 1027.

331 1494 367 1632 †
392 1546 431 1611 In
455 1543 599 1613 nomine
623 1544 759 1627 domini
782 1543 919 1614 decimo
944 1561 1040 1613 anno
1063 1544 1285 1632 principatus
1300 1545 1420 1615 domni
1438 1547 1548 1616 nostri
1567 1549 1748 1636 guaimari
1765 1550 1942 1637 gloriosus
1959 1551 2139 1641 princeps,

285 1716 405 1766 mense
421 1699 625 1786 nobember,
644 1697 833 1767 undecima
850 1695 1058 1764 indictione.
1085 1699 1373 1768 Memoratorium
1399 1701 1494 1770 13313
1520 1721 1542 1770 3
1565 1702 1667 1770 nobis
1691 1703 1938 1789 magbenolsus
1962 1705 2139 1792 presbiter

287 1851 381 1920 lilius
404 1850 564 1940 granati,
589 1855 625 1921 et
647 1857 768 1938 petrus
792 1849 964 1920 diaconus
988 1851 1083 1919 filius
1106 1850 1270 1940 iohanni,
1295 1871 1335 1922 33
1359 1855 1451 1940 quod
1475 1858 1558 1924 3313
1582 1853 1761 1941 333333113
1785 1855 1905 1924 domni
1930 1859 2066 1926 maioni
2085 1877 2142 1926 va·

287 2003 441 2074 33333111
465 2003 590 2075 abbati
613 2003 763 2074 33313313
786 2005 903 2074 333311
928 2005 1078 2074 maximi
1102 2006 1211 2074 situm
1235 2007 1332 2075 intus
1357 2006 1620 2078 salernitanam
1644 2009 1845 2098 cibitatem,
1869 2014 1906 2080 et
1931 2010 2061 2080 ibidem
2086 2031 2140 2079 33-

287 2165 366 2228 sent
389 2160 582 2247 subscripti
604 2163 738 2246 testes,
763 2177 826 2246 per
849 2159 1121 2228 demandatione
1144 2157 1258 2246 ipsius
1282 2159 1401 2229 domni
1429 2161 1550 2230 abbati
1574 2180 1637 2248 pro
1661 2181 1747 2250 pars
1782 2163 1896 2251 ipsius
1924 2164 2072 2233 ecclesie
2096 2167 2143 2234 ad

288 2317 480 2385 tenendum
503 2320 538 2384 et
564 2316 796 2387 laborandum
821 2320 857 2383 et
880 2315 1142 2402 pastenandum
1167 2315 1380 2385 tradidimus
1404 2321 1566 2388 maranci
1591 2319 1767 2406 presbiter
1791 2319 1888 2388 illius
1912 2322 2006 2407 petri
2031 2321 2073 2389 de
2091 2340 2147 2388 re·

289 2471 355 2537 bus
377 2469 613 2557 pertinentem
638 2469 751 2556 ipsius
774 2468 948 2555 ecclesie,
981 2470 1044 2556 qui
1067 2475 1152 2538 sunt
1175 2470 1273 2556 pecie
1296 2474 1369 2538 tres
1393 2471 1486 2556 quod
1510 2489 1574 2538 nos
1599 2471 1637 2538 in
1663 2473 1876 2540 beneficium
1900 2473 2096 2542 retinemus
2122 2497 2144 2544 3

290 2639 374 2709 3333
398 2587 511 2708 133133
534 2621 704 2706 33313313;
730 2639 804 2689 333
827 2624 880 2689 331
903 2629 984 2688 cum
1008 2623 1166 2705 arbusto,
1184 2624 1219 2689 et
1238 2620 1316 2708 ipsa
1339 2624 1438 2692 halla
1454 2625 1523 2692 luit
1539 2625 1808 2712 abellanietum,
1828 2626 1957 2712 etipsa
1974 2628 2073 2698 halia
2091 2639 2145 2700 est

289 2775 542 2844 castanietum.
568 2777 646 2861 1333
668 2773 794 2861 33313,
819 2773 881 2858 331
906 2776 959 2840 331
983 2777 1082 2841 terre
1105 2792 1186 2839 cum
1213 2775 1359 2840 arbusto
1384 2775 1551 2848 bitatum‚
1577 2793 1641 2860 per
1665 2794 1704 2842 33
1728 2775 1812 2842 linis
1836 2780 1873 2844 et
1895 2780 2101 2849 mensuria:
2127 2802 2150 2850 a

291 2927 555 3015 septemtrionis
579 2929 649 2996 line
674 2927 735 2995 bia
758 2925 918 3012 hantica,
944 2925 1027 2992 inde
1050 2925 1146 3011 passi
1172 2924 1321 3013 biginti:
1348 2933 1495 3013 aparte
1520 2927 1713 2997 occidentis
1738 2929 1809 2997 line
1833 2932 1938 2998 rebus
1962 2931 2074 3018 ipsius
2095 2952 2151 3001 ec-

274 3079 420 3170 313313,
446 3083 528 3151 inde
551 3083 645 3170 passi
670 3081 823 3170 triginta
846 3087 881 3151 et
904 3078 986 3149 inde
1011 3080 1158 3150 termini
1182 3081 1381 3149 discernit:
1408 3101 1430 3149 a
1453 3099 1538 3168 pars
1563 3081 1718 3149 meridie
1742 3082 1813 3150 fine
1837 3081 1935 3168 plaiu
1961 3085 2072 3171 ipsius
2096 3107 2151 3156 ec-

293 3237 411 3326 clesie,
434 3238 517 3306 inde
541 3239 637 3324 passi
660 3236 817 3324 triginta
840 3236 932 3304 duo:
964 3237 1010 3304 ab
1033 3235 1169 3303 oriente
1194 3234 1287 3302 sicut
1310 3233 1426 3302 limite
1450 3233 1660 3321 discernit,
1690 3234 1771 3303 inde
1796 3237 1890 3321 33331
1918 3236 2091 3326 sidecim,
2117 3245 2151 3310 et

293 3391 496 3462 rebolbente
520 3411 583 3478 per
608 3390 723 3458 limite
746 3409 834 3477 erga
861 3392 937 3476 ipsa
962 3388 1021 3458 bia
1045 3390 1105 3476 qui
1132 3389 1252 3476 pergit
1276 3387 1321 3456 ad
1344 3388 1495 3457 1331333
1519 3387 1616 3475 33331
1644 3389 1821 3476 undecim,
1839 3395 1875 3459 et
1890 3393 2093 3464 rebolbente
2111 3398 2150 3463 in

294 3566 378 3636 pars
402 3543 665 3633 septemtrionis
688 3565 751 3632 per
776 3535 1045 3631 termini'passi
1070 3543 1220 3630 biginti,
1238 3547 1273 3609 et
1299 3540 1505 3609 rebolbente
1530 3543 1568 3610 in
1594 3543 1776 3611 occidente
1799 3563 1863 3631 per
1886 3546 2031 3613 termini
2056 3551 2151 3635 passi

294 3706 480 3791 quinque,
516 3705 551 3769 et
583 3703 788 3770 rebolbente
825 3703 862 3770 in
888 3719 972 3790 pars
995 3698 1261 3787 septemtrionis
1285 3717 1348 3786 per
1373 3699 1518 3766 termini
1544 3703 1579 3767 et
1603 3697 1847 3787 coniungente
1872 3702 1909 3767 in
1934 3702 2053 3788 priore
2078 3705 2149 3773 flne

295 3859 390 3946 passi
414 3857 573 3944 biginti3
598 3861 720 3926 tamen
744 3873 994 3941 memoramuS,
1019 3853 1105 3940 quia
1130 3858 1207 3924 1313
1230 3855 1308 3941 1333
1334 3855 1529 3941 rebusque
1554 3853 1674 3922 nosci
1701 3855 1935 3944 tradidimuS,
1961 3861 2014 3925 est
2040 3859 2078 3924 in
2103 3860 2153 3927 lo·

295 4033 375 4082 cum
394 4015 565 4080 muntoru
582 4009 716 4078 finibus
732 4007 962 4078 salernitane.
979 4011 1060 4096 Ipsa
1079 4007 1180 4076 halia
1203 4007 1304 4095 33313
1329 4009 1389 4095 331
1414 4009 1483 4076 suit
1506 4007 1800 4097 abellanientum,
1818 4015 1871 4080 est
1886 4011 1983 4083 13133
2006 4033 2046 4082 33
2070 4007 2156 4082 linis

295 4173 330 4234 et
355 4164 538 4236 mensurio
555 4189 562 4233 :
588 4183 610 4234 a
634 4161 783 4267 meridie
807 4161 878 4229 fine
895 4158 968 4248 bia,
988 4159 1070 4228 inde
1086 4161 1182 4247 passi
1198 4161 1362 4230 tridecim
1378 4166 1414 4232 et
1431 4163 1586 4233 medium
1603 4188 1610 4232 :
1636 4186 1658 4234 a
1680 4184 1764 4252 pars
1778 4166 1936 4249 orientis
1953 4167 2023 4237 1133
2040 4169 2154 4256 133133

245 4335 251 4348 ·
296 4322 457 4408 ecclesie,
483 4320 567 4388 inde
592 4321 688 4406 33331
713 4317 928 4406 sexaginta:
954 4336 976 4386 a
1000 4316 1264 4402 septemtrionis
1289 4318 1359 4384 fine
1384 4319 1496 4405 ipsius
1519 4319 1681 4406 ecclesie,
1706 4320 1789 4388 inde
1807 4321 1902 4407 passi
1930 4323 2061 4410 biginti
2079 4343 2154 4412 sep-

294 4480 389 4544 tem:
415 4478 461 4545 ab
484 4471 665 4543 occidente
689 4472 760 4540 fine
784 4471 898 4558 ipsius
921 4469 1083 4546 ecclesie,
1114 4469 1199 4538 inde
1223 4473 1314 4558 passi
1342 4474 1537 4560 sexaginta
1560 4473 1641 4540 duo.
1666 4475 1744 4561 Ipsa
1767 4474 1865 4545 halia
1888 4477 1991 4563 pecia
2014 4479 2074 4564 qui
2103 4486 2154 4546 est

294 4630 530 4700 castanietum
543 4678 552 4715 ,
578 4649 601 4697 3
625 4646 710 4714 3333
733 4625 884 4694 33133113
908 4627 979 4693 line
1004 4625 1117 4712 ipsius
1140 4624 1301 4712 ecclesie,
1319 4625 1401 4692 inde
1425 4625 1519 4710 passi
1547 4625 1678 4713 biginti
1702 4630 1860 4712 septem:
1885 4649 1908 4697 3
1931 4633 2153 4716 septemtrio·

296 4785 352 4854 nis
377 4785 450 4855 fine
472 4785 554 4871 ripa
578 4784 620 4852 de
643 4785 744 4851 ribus
768 4782 829 4869 qui
853 4779 1120 4866 313113331333,
1145 4783 1283 4846 rectum
1306 4781 1551 4846 mensuratum
1575 4797 1664 4865 erga
1688 4780 1766 4866 1333
1790 4780 1870 4866 3133
1886 4785 1980 4868 33331
1999 4784 2154 4869 quadra-

295 4941 400 5024 ginta
424 4942 602 5025 quatuor:
644 4938 690 5006 ab
712 4933 893 5003 occidente
916 4934 987 5000 fine
1012 4931 1124 5018 ipsius
1148 4931 1325 5019 ecclesie,
1356 4932 1439 5000 inde
1461 4931 1558 5028 passi
1582 4931 1711 5018 biginti
1737 4933 1827 5000 duo:
1858 4955 1880 5003 a
1911 4935 2059 5004 meridie
2083 4936 2154 5004 line

297 5091 408 5178 ipsius
432 5089 582 5194 33313313
604 5090 698 5178 passi
722 5089 965 5176 quadraginta
989 5089 1155 5172 quatuor:
1181 5087 1256 5153 tota
1279 5083 1489 5170 supradicta
1513 5083 1694 5153 mensoria
1717 5092 1926 5156 mensurata
1943 5088 2011 5157 suit
2032 5089 2078 5158 ad
2102 5089 2156 5157 13-

293 5252 351 5310 313
374 5262 518 5330 passum
541 5244 713 5332 ominum,
738 5244 777 5310 in
801 5241 867 5310 tali
891 5239 1015 5308 ordine
1032 5255 1098 5304 nos
1115 5236 1198 5304 illut
1214 5237 1248 5304 ei
1264 5233 1492 5322 tradidimus,
1509 5239 1549 5304 ut
1566 5235 1690 5303 amodo
1713 5240 1750 5304 et
1773 5255 1911 5325 semper
1936 5239 1995 5307 ille
2019 5241 2156 5310 eteius

296 5397 419 5466 credes
443 5397 569 5466 inclita
593 5397 797 5484 supradicta
821 5393 987 5464 tradictio
1011 5411 1072 5459 333
1098 5386 1285 5478 3313313113
1309 5390 1433 5454 133333
1456 5388 1493 5454 31
1515 5383 1714 5474 dominare,
1738 5392 1775 5457 et
1798 5390 1896 5458 fobee
1919 5394 1955 5459 et
1979 5393 2095 5461 omnis
2113 5394 2156 5463 il·

227 5569 230 5572 ·
297 5554 412 5622 lorum
435 5554 605 5624 utilitatis
629 5555 723 5623 iusta
747 5553 887 5622 ratione
912 5549 1042 5618 ibidem
1067 5547 1248 5632 facere,et
1265 5543 1342 5631 1333
1359 5544 1525 5629 arbustu,
1544 5524 1606 5628 qui
1634 5543 1736 5611 modo
1761 5545 1890 5647 ibidem
1915 5552 1979 5636 est,
1997 5568 2059 5636 per
2085 5569 2157 5618 om-

297 5708 355 5776 nis
379 5727 513 5778 annum
530 5709 631 5777 illum
647 5705 898 5794 propaginare,
922 5707 1057 5791 potare,
1083 5703 1132 5786 31,
1151 5698 1208 5766 ubi
1235 5699 1422 5783 meruerit,
1446 5698 1591 5765 arbores
1608 5701 1644 5764 et
1659 5697 1729 5766 biti
1754 5699 1885 5769 ibidem
1912 5702 2091 5792 plantare,
2120 5715 2155 5775 et

296 5863 349 5932 sic
371 5862 473 5930 illum
498 5882 562 5950 per
586 5837 700 5929 omnis
722 5878 854 5929 annum
880 5857 1042 5926 laborare
1067 5853 1237 5938 desuper
1262 5857 1297 5920 et
1322 5852 1365 5920 do
1388 5855 1530 5938 supter,
1555 5849 1649 5921 31331
1674 5853 1770 5922 13333
1792 5853 1868 5942 1333
1885 5862 2059 5929 meruerit
2080 5911 2088 5950 ,
2112 5870 2158 5934 ut
