5466 7106
1032 530 1435 630 nrrncnlrrcus
2043 547 2112 622 ((0

301 744 415 835 plcre,
437 745 531 816 sicut
553 747 798 836 supradictum
820 755 904 840 est,
932 757 1018 824 tunc
1043 753 1103 824 ille
1127 759 1164 828 01
1187 758 1265 827 0100
1288 761 1411 832 eredes
1434 768 1509 836 tota
1532 769 1568 836 et
1590 765 1718 838 inclita
1741 769 1948 856 supradicta
1979 769 2154 842 tradiotio

306 897 346 967 in
371 899 581 970 tamdictum
604 901 766 974 ordinem
790 904 967 994 taumate,
983 912 1192 998 crepereo,
1210 916 1246 982 et
1262 914 1409 1004 cultata,
1434 923 1470 988 et
1493 921 1592 990 01000
1608 922 1805 992 remidtant
1820 925 1867 993 ad
1883 927 2059 1012 potestate
2076 945 2157 1014 pre-

309 1049 397 1122 dicti
421 1055 647 1145 monasterii‚
664 1057 710 1126 01
727 1056 927 1128 laciendum
951 1060 1082 1131 exinde
1106 1063 1199 1150 0001
1214 1065 1446 1138 voluerimus.
1472 1071 1517 1140 Et
1541 1073 1648 1143 liceat
1672 1073 1746 1142 illis
1761 1074 1844 1144 inde
1864 1078 1966 1147 exire
1982 1097 2064 1148 cum
2086 1096 2162 1148 om-

306 1205 366 1276 nis
388 1225 453 1277 sna
476 1227 586 1280 causa
609 1210 754 1279 movilia
776 1213 813 1279 ct
835 1231 917 1280 cum
940 1212 1072 1302 redita,
1088 1217 1182 1303 quod
1205 1219 1338 1290 ibidem
1361 1225 1544 1296 abuerint.
1569 1227 1667 1304 Quod
1690 1227 1892 1317 deliquit,
1916 1231 1960 1300 10
1984 1233 2078 1320 0001
2101 1253 2161 1303 00-

306 1354 429 1448 perius'
452 1362 612 1451 legitur,
637 1365 835 1451 quesierint
857 1370 1039 1438 remobere
1059 1370 1131 1440 001
1154 1375 1343 1462 contrare,
1375 1379 1461 1444 1000
1484 1395 1547 1462 per
1571 1375 1650 1464 ipsa
1673 1378 1809 1465 guadia
1832 1398 2041 1468 componere
2073 1385 2164 1455 obli-

304 1517 408 1603 gavit
432 1535 469 1585 se
493 1520 530 1602 et
546 1519 623 1586 suis
638 1518 803 1589 eredibus
825 1523 928 1590 nobis
943 1521 1000 1591 vel
1015 1523 1060 1592 ad
1076 1526 1208 1594 nostris
1222 1528 1482 1596 successoribus
1501 1528 1634 1616 viginti
1650 1530 1733 1599 auri
1749 1532 1878 1601 solidos
1893 1535 2156 1610 constantines.

311 1672 356 1738 Et
382 1687 452 1738 unc
476 1672 619 1740 brebem
642 1671 769 1760 scripsi
792 1690 858 1758 ego
881 1675 1003 1759 petrus
1026 1674 1177 1745 clericus
1202 1680 1236 1744 et
1260 1680 1423 1750 notarius
1447 1682 1509 1768 001
1533 1682 1696 1753 interlui.

357 1796 388 1912 †
412 1826 488 1912 Ego
511 1824 672 1894 ademari
695 1825 857 1896 notarius
880 1847 936 1896 me
958 1831 1152 1917 subscripsi

360 1949 388 2068 †
412 1979 486 2066 Ego
510 1977 683 2050 iohannes
706 1983 868 2053 notarius
890 2001 946 2052 me
970 1984 1175 2070 subscripsi.

1005 2175 1296 2184 ———-·-——----·
1304 2174 1457 2182 --..-.

1122 2404 1343 2487 DCCCL

1094 2667 1147 2744 Α.
1175 2665 1225 2744 D.
1254 2663 1382 2747 1028.

356 2844 392 2983 †
415 2895 457 2962 ln
479 2892 623 2962 nomine
646 2891 781 2963 domini
806 2893 992 2964 undecimo
1009 2911 1105 2964 anno
1120 2895 1345 2983 principatus
1367 2896 1487 2964 domni
1506 2893 1617 2962 nostri
1634 2893 1816 2982 guaimari
1835 2894 1908 2964 filio
1924 2894 2044 2962 domni
2063 2896 2171 2984 guai-

316 3048 426 3134 mari,
449 3047 596 3137 gloriosi
621 3048 860 3136 principibus‚
885 3065 1005 3116 mense
1028 3049 1186 3135 octuber,
1211 3047 1419 3116 duodecima
1441 3045 1653 3130 indictione.
1679 3045 1971 3116 Memoratcrium
1996 3049 2131 3117 factum
2147 3069 2172 3118 0

316 3221 374 3271 me
396 3201 545 3271 domnus
568 3203 764 3271 musandus
785 3201 1012 3273 venerandus
1035 3205 1145 3273 abbas
1168 3203 1375 3272 monasterii
1399 3202 1644 3289 0000100010,
1676 3202 1738 3288 qui
1764 3204 1874 3271 situm
1905 3205 1959 3269 est
1989 3201 2088 3271 intus
2123 3221 2169 3270 ec

318 3361 417 3428 cives
439 3357 580 3427 salerno
604 3373 679 3426 000
701 3377 781 3426 eum
806 3360 930 3446 petrus
955 3356 1145 3425 advocator
1170 3357 1282 3442 ipsius
1307 3336 1516 3424 monasterii
1541 3373 1604 3442 per
1628 3353 1880 3424 convenientia
1916 3356 2068 3425 tradidit
2104 3376 2171 3446 ego

322 3511 544 3582 constantini
567 3530 729 3600 grecum,
754 3509 829 3579 lilio
852 3508 1010 3580 kalaiuri
1035 3494 1226 3596 presbiteri
1250 3507 1429 3577 abitatore
1445 3511 1482 3576 et
1497 3511 1745 3577 commanente
1773 3508 1816 3576 de
1840 3509 2004 3596 nuceria,
2029 3509 2072 3580 de
2098 3529 2172 3582 una

319 3667 422 3754 pecia
445 3666 489 3734 dc
512 3669 612 3734 terra
636 3683 716 3732 cum
739 3664 898 3732 arbustis
920 3661 963 3730 dc
987 3661 1102 3728 locum
1127 3662 1455 3748 campu-arbnstum
1479 3660 1625 3748 dicitur,
1648 3665 1684 3730 et
1700 3665 1753 3730 est
1768 3660 1849 3730 illut
1867 3663 1960 3730 unde
1975 3680 2041 3750 ego
2056 3663 2172 3750 100100

318 3821 542 3893 constantini
565 3820 716 3890 tradidit
738 3819 831 3906 0001
854 3813 1011 3908 pertinet
1035 3815 1149 3905 ipsius
1172 3817 1286 3886 nostri
1311 3815 1519 3886 monasterii
1543 3837 1567 3886 a
1593 3863 2044 3884 .............
2063 3817 2172 3905 guai-

316 3980 384 4048 feri
410 3975 472 4067 qui
497 3977 573 4064 ipso
596 3974 813 4044 monasterio
836 3970 1040 4041 construxit
1063 3989 1127 4059 per
1151 3988 1193 4040 as
1214 3971 1304 4039 fines
1327 3975 1363 4040 et
1385 3989 1583 4041 mensuras:
1600 3990 1723 4059 apars
1738 3972 1888 4041 orientis
1912 3972 1983 4040 line
2009 4019 2169 4039 .....

314 4139 350 4204 01
375 4134 458 4203 1010
483 4136 566 4203 abet
589 4148 652 4219 per
678 4130 757 4218 ipsa
779 4130 841 4198 via
864 4126 1049 4215 longitudo
1071 4127 1167 4213 passi
1190 4126 1433 4215 sebtuaginta.
1459 4131 1504 4196 Et
1527 4147 1550 4197 a
1573 4128 1723 4198 meridie
1739 4129 1810 4196 fine
1828 4125 1941 4214 100100
1956 4126 2172 4196 monasterii

314 4287 441 4378 nostri,
458 4292 494 4356 et
513 4287 597 4355 inde
612 4287 696 4356 abet
711 4303 774 4372 per
792 4282 943 4353 latitudo
959 4281 1053 4369 passi
1071 4280 1315 4370 quadraginta
1338 4281 1527 4370 quadtuor.
1554 4285 1599 4352 Et
1622 4303 1645 4352 0
1668 4301 1753 4370 pars
1776 4280 1972 4350 occidentis
1996 4280 2171 4351 similiter

317 4444 392 4513 line
415 4440 612 4529 supradicti
636 4440 749 4507 nostri
772 4434 996 4523 monasterii,
1012 4439 1048 4506 01
1071 4434 1155 4504 1010
1178 4438 1264 4503 0001
1287 4433 1472 4522 longitudo
1495 4435 1593 4523 passi
1617 4434 1683 4506 alii
1706 4435 1949 4523 sebtuaginta.
1976 4437 2022 4505 Et
2045 4455 2068 4506 a
2092 4438 2172 4506 seb·

318 4595 524 4668 temtricnis
548 4597 621 4664 line
643 4591 804 4663 iamdicti
829 4591 944 4659 nostri
967 4585 1190 4677 monasterii,
1209 4592 1246 4657 et
1262 4589 1345 4658 inde
1368 4593 1452 4657 sunt
1474 4605 1585 4674 00000
1608 4587 1687 4675 1000
1710 4585 1769 4656 via
1792 4589 1914 4675 priora
1929 4590 2018 4658 flnes
2034 4606 2097 4676 per
2115 4590 2170 4660 la·

316 4753 435 4822 titudo
449 4753 547 4841 passi
564 4749 807 4838 quadraginta
822 4747 1011 4834 quadtuor.
1027 4747 1152 4813 Totum
1168 4742 1215 4812 ad
1230 4741 1323 4810 iusto
1338 4759 1482 4828 passum
1499 4740 2010 4812 ominiestmensuratum.1)e
2026 4763 2066 4812 cc
2083 4760 2170 4811 vero
2208 4805 2210 4808 .

312 4908 476 4996 predicta
497 4906 600 4996 pecia
622 4905 665 4973 de
688 4906 801 4990 terra,
825 4905 1000 4989 quantum
1023 4896 1268 4985 supradictum
1290 4898 1356 4982 001,
1381 4892 1475 4980 0001
1498 4893 1654 4979 pertinet
1679 4893 1792 4979 ipsius
1816 4895 2040 4984 monasterii,
2066 4895 2163 4966 sicut

317 5065 451 5133 dictum
475 5064 544 5148 001,
569 5060 652 5129 illut
675 5075 741 5146 ego
764 5055 876 5144 ipsius
899 5049 1119 5123 constantini
1143 5048 1305 5118 tradidit.
1330 5050 1371 5115 ln
1393 5065 1434 5115 00
1458 5047 1633 5134 hordine,
1661 5052 1701 5116 ut
1723 5047 1848 5117 amodo
1871 5053 1907 5118 et
1930 5068 2068 5138 semper
2092 5056 2170 5124 1010

312 5225 348 5292 01
380 5216 510 5285 1001110
546 5213 755 5302 supradicta
777 5207 945 5279 tradictic
968 5204 1014 5274 01
1037 5223 1102 5273 000
1125 5207 1161 5273 01
1184 5202 1227 5271 10
1250 5200 1325 5271 0010
1346 5200 1512 5269 eredibus
1535 5198 1610 5268 sint
1632 5203 1805 5287 potestate
1830 5202 2025 5271 tenendum
2049 5209 2085 5273 et
2109 5206 2170 5274 10-

314 5371 560 5458 minandum,
583 5372 620 5438 et
642 5368 740 5436 fovee
765 5369 801 5434 01
823 5381 886 5432 000
910 5360 1081 5430 utilitatis
1104 5358 1198 5429 iusta
1222 5357 1399 5428 rationem
1421 5354 1553 5426 ibidem
1576 5354 1738 5444 saciant,
1763 5362 1800 5425 et
1822 5359 1946 5427 amodo
1968 5363 2005 5428 01
2029 5377 2170 5450 semper

315 5547 380 5625 per
403 5523 594 5595 circoitum
617 5521 701 5590 illut
723 5518 870 5587 cludant
892 5520 929 5586 et
951 5532 1088 5601 semper
1104 5512 1187 5582 illut
1202 5513 1341 5581 clusum
1356 5510 1453 5578 omni
1469 5513 1627 5598 tempore
1651 5512 1797 5579 abeant.
1822 5511 1867 5580 Et
1890 5514 1968 5581 1010
1992 5511 2171 5620 100010οῑ
2278 5499 2282 5506 ’

312 5681 436 5770 110110,
460 5697 530 5767 000
553 5679 608 5748 001
630 5681 730 5746 terra
752 5693 832 5742 cum
858 5669 1014 5741 arbustis
1038 5665 1175 5756 vitatis,
1193 5683 1257 5755 per
1281 5665 1396 5732 omnis
1419 5681 1555 5733 annum
1579 5663 1662 5732 abto
1686 5665 1842 5750 tempore
1866 5664 2101 5764 desuperet
2127 5667 2170 5768 10

311 5839 440 5906 subtus
464 5833 546 5906 illut
571 5833 775 5906 lavorarent
798 5835 833 5902 01
856 5827 1047 5918 operarent
1062 5827 1098 5891 et
1114 5819 1293 5890 cultarent
1317 5836 1458 5910 vonum.
1477 5819 1533 5906 Et,
1548 5816 1823 5922 ubimeruerit,
1847 5821 1993 5928 arbores
2016 5825 2060 5922 et·
2078 5781 2170 5904 vltes
