5466 7106
1040 503 1437 614 nirioulrrcus
2073 555 2119 632 93

316 763 470 834 cumque
497 767 685 836 porsonam
708 749 764 820 vel
788 751 877 840 loca,
900 771 981 821 cum
1003 753 1147 842 scriptis
1170 762 1234 828 aut
1256 763 1392 850 absque.
1411 769 1568 857 scriptis,
1597 790 1662 842 nec
1685 793 1748 862 per
1771 775 1911 846 nullum
1934 779 2105 870 modum3
2131 790 2168 854 61

314 899 356 966 tu
382 904 418 968 et
440 902 590 970 heredes
612 905 667 972 tui
692 903 874 974 licentiam
898 907 1063 976 habeatis
1086 908 1136 976 ibi
1152 927 1282 997 ponere
1299 912 1518 988 laboratores
1534 923 1667 1010 absque
1683 925 1808 996 ordine
1825 929 1956 1018 scripto
1973 932 2050 1002 sine
2067 936 2164 1004 omni

316 1055 439 1121 nostra
455 1055 727 1145 contrarietate,
744 1061 781 1126 61
798 1076 935 1145 semper
951 1062 991 1126 tu
1007 1063 1043 1128 et
1064 1064 1119 1129 tui
1143 1063 1290 1132 heredes
1313 1064 1497 1139 licentiam
1521 1074 1684 1144 habeatis
1707 1077 1825 1148 facere
1850 1083 1889 1150 in
1913 1087 2163 1175 suprascripta

315 1209 419 1274 terra
443 1206 560 1276 redita
582 1209 626 1276 ad
651 1209 889 1279 habitandum
912 1229 976 1296 pro
999 1210 1154 1282 utilitate
1178 1218 1297 1286 vostra
1320 1221 1356 1286 et
1372 1225 1509 1291 nostra.
1527 1225 1572 1294 Et
1595 1245 1665 1294 non
1682 1231 1877 1302 habeamus
1893 1235 2080 1308 licentiam
2100 1259 2165 1308 nos

316 1363 382 1429 aut
416 1361 632 1446 posteriores
666 1364 778 1432 nostri
814 1366 850 1432 16
874 1363 930 1432 vel
952 1369 1032 1432 tuos
1055 1367 1201 1436 heredes
1225 1369 1320 1440 foras
1343 1373 1458 1444 cicere
1482 1377 1525 1446 de
1548 1383 1794 1471 suprascripta
1817 1391 1916 1458 terra
1939 1407 2003 1477 per
2027 1393 2165 1464 nullum

317 1513 486 1602 modum,
510 1519 551 1584 tu
573 1521 610 1584 et
631 1516 684 1584 tui
708 1517 854 1586 heredes
884 1519 1009 1588 dantes
1032 1523 1067 1589 et
1090 1521 1328 1608 persolventes
1353 1531 1455 1598 nobis
1478 1535 1678 1622 nostrisque
1704 1543 1855 1626 posteris
1889 1547 1925 1613 et
1958 1547 2004 1615 ad
2037 1567 2165 1636 supra·

312 1664 449 1752 scripta
473 1671 600 1736 sancta
610 1671 732 1738 nostra
744 1668 894 1738 66616616
909 1669 1005 1737 omni
1021 1690 1142 1741 annuo
1158 1675 1197 1741 in
1212 1675 1382 1748 iamdicta
1400 1682 1593 1754 festivitate
1609 1694 1756 1760 sanctae
1771 1699 1908 1764 marlae
1925 1701 2163 1790 suprascripti

318 1817 402 1888 auri
427 1823 524 1888 taras
547 1821 668 1889 decem
693 1823 802 1910 boni,
826 1823 983 1910 qualiter
1006 1825 1169 1912 superius
1195 1827 1339 1916 legitur.
1365 1834 1462 1910 Quod
1485 1837 1515 1904 si
1540 1839 1648 1908 alitor
1675 1847 1880 1928 provenerit
1903 1848 1946 1917 de
1970 1852 2029 1918 his
2052 1859 2167 1925 omni-

319 1972 385 2038 bus
409 1975 695 2063 suprascriptis,
720 1979 808 2044 tuno
832 1977 1074 2064 componimus
1097 1997 1188 2067 noa,
1213 1999 1275 2050 seu
1299 1989 1429 2071 posteri
1454 1994 1581 2080 nostri,
1605 1995 1668 2062 tibi
1695 1998 1837 2085 tuisque
1872 2003 2060 2074 heredibus
2084 2015 2166 2078 auri

313 2125 444 2194 solidos
467 2129 659 2216 sexaginta
684 2129 896 2216 bytianteos
923 2133 968 2200 Et
991 2135 1056 2201 hec
1080 2136 1245 2204 chartula
1276 2121 1324 2206 sit
1347 2141 1452 2214 firma
1476 2145 1525 2214 irn
1549 2155 1769 2236 perpetuum.
1797 2155 1936 2243 Scripta
1951 2180 2014 2246 per
2037 2159 2166 2234 manus

314 2281 409 2367 petri
435 2283 553 2350 clerici
578 2288 613 2351 et
636 2285 769 2354 notarii
793 2306 836 2354 ao
862 2286 1025 2374 primarii
1050 2307 1112 2374 per
1131 2294 1411 2379 suprascriptam
1435 2297 1667 2372 indictionem
1690 2310 1864 2378 octabam.

362 2405 393 2523 †
418 2436 662 2507 aanooaros
686 2441 915 2509 EPISOOPUS
938 2441 1175 2511 sussoarrsv

361 2559 393 2676 †
417 2589 607 2678 Gregorius
630 2591 910 2680 archipresbiter
935 2593 1038 2662 testis
1062 2614 1140 2662 sum

360 2711 391 2829 †
416 2741 471 2810 leo
493 2746 667 2830 presbiter
691 2747 792 2815 testis
815 2765 904 2814 sum.

1089 3330 1417 3419 DCCLXIV.

1097 3623 1152 3699 A.
1181 3621 1231 3700 D.
1260 3623 1388 3705 1025.

359 3947 398 4012 ln
423 3945 566 4012 nomine
581 3944 714 4013 domini
740 3943 851 4012 nostri
876 3944 979 4012 ihesu
1002 3944 1143 4011 christi.
1161 3948 1229 4012 Nos
1245 3945 1470 4033 guaimarius
1485 3953 1521 4020 et
1535 3952 1774 4044 guaimarius
1798 3962 1900 4044 pater
1924 3965 1960 4029 61
1983 3963 2094 4052 filius
2113 3967 2167 4035 di-

314 4098 402 4166 bina
425 4098 624 4186 opitulante
647 4097 837 4167 clementia
859 4097 1161 4184 langobardorum
1185 4097 1306 4186 gentis
1329 4099 1522 4188 principes
1546 4123 1609 4190 per
1634 4106 1910 4191 postulationem
1933 4117 2166 4208 gaitolgrime

315 4251 544 4320 serenissime
568 4256 675 4337 atque
698 4249 852 4338 gloriose
875 4249 1091 4337 principissa
1115 4249 1244 4318 dilecto
1268 4251 1413 4338 coniugi
1437 4257 1473 4320 61
1497 4257 1606 4323 matri
1631 4262 1775 4346 nostre,
1810 4262 1922 4338 Quam
1957 4271 1993 4334 61
2015 4288 2079 4355 pro
2114 4292 2168 4340 16-

311 4407 503 4475 demtionis
527 4408 648 4476 anime
672 4409 712 4474 61
730 4405 845 4492 patrie
877 4407 997 4472 nostre
1020 4403 1229 4472 salvationis
1258 4403 1487 4472 concedimus
1518 4406 1586 4474 tibi
1623 4408 1766 4478 domino
1794 4414 1941 4484 adelleri
1965 4425 2168 4493 venerabili

316 4561 441 4630 abbati
466 4564 503 4628 61
525 4558 704 4645 spirituali
731 4557 827 4644 patri
850 4557 983 4626 oratori
1008 4559 1128 4623 nostro
1149 4557 1263 4623 totam
1296 4560 1331 4623 et
1366 4557 1530 4626 inclitam
1565 4561 1752 4632 ecclesiam
1786 4565 1887 4636 illam
1922 4589 2003 4639 curn
2039 4576 2167 4648 inclita

314 4715 447 4800 cripta,
465 4713 503 4782 in
521 4731 589 4798 quo
612 4713 691 4797 ipsa
716 4707 869 4778 ecclesia
892 4729 914 4777 a
936 4709 1027 4774 nobo
1051 4705 1261 4775 fundamine
1284 4711 1490 4794 construere
1514 4711 1630 4778 fecisti
1655 4733 1736 4781 oum
1759 4720 1820 4784 tuo
1844 4722 2009 4806 aspendio
2037 4726 2077 4794 in
2102 4748 2167 4798 no-

316 4869 414 4935 mine
438 4867 561 4934 sancto
584 4867 620 4932 et
642 4861 827 4928 indibidue
851 4859 1031 4928 trinitatis
1055 4879 1078 4927 a
1101 4859 1197 4927 foras
1220 4862 1313 4928 hanc
1338 4865 1498 4929 nostram
1521 4863 1781 4936 salernitanam
1813 4871 1997 4942 oibitatem
2021 4878 2060 4946 in
2083 4901 2163 4968 per-

203 5009 209 5020 ’
313 5023 470 5091 tinentia
494 5019 751 5087 mitilianense.
779 5019 824 5082 Et
848 5013 965 5101 cripta
989 5015 1069 5100 ipsa
1093 5015 1241 5081 vocatur
1264 5013 1401 5082 arsicza
1424 5032 1505 5080 cum
1528 5018 1634 5084 rebus
1659 5039 1681 5087 a
1704 5025 1825 5108 supter
1849 5030 1885 5093 61
1905 5046 2050 5117 asuper
2076 5035 2166 5104 iam-

316 5174 434 5245 dictas
458 5175 575 5260 cripta
598 5169 817 5255 aturensis,
841 5186 910 5254 que
936 5165 1591 5257 66111161116,6111116166161166116,
1616 5175 1652 5240 et
1676 5173 1815 5263 insitos,
1840 5183 1876 5246 61
1899 5187 2095 5276 castaneis,
2124 5199 2159 5260 61

314 5328 443 5416 pomis,
460 5331 496 5395 61
510 5328 678 5410 hasnum,
693 5327 730 5390 61
745 5322 858 5408 rupis,
871 5323 985 5388 totum
998 5336 1068 5385 uno
1080 5319 1275 5386 tenientem
1286 5338 1349 5406 per
1365 5339 1405 5389 as
1419 5322 1522 5391 fines:
1536 5324 1579 5393 de
1593 5344 1665 5395 una
1677 5335 1779 5414 parte
1795 5337 1965 5417 quomodo
1981 5338 2166 5416 descendit

313 5501 378 5569 per
401 5480 557 5548 medium
582 5477 771 5564 ballonem,
796 5475 860 5562 qui
884 5473 1016 5541 dicitur
1040 5471 1192 5558 iuniolu‚
1209 5475 1245 5539 et
1268 5472 1456 5560 coniungit
1479 5493 1516 5543 se
1542 5495 1623 5543 cum
1644 5479 1752 5546 dubio
1777 5484 1839 5568 qui
1856 5487 1978 5556 solano
2002 5501 2161 5566 vocatur:

323 5636 367 5705 de
391 5633 466 5703 alia
488 5635 593 5720 parte
616 5630 787 5716 quomodo
810 5627 991 5696 deseendit
1015 5643 1077 5711 per
1102 5623 1218 5692 medio
1242 5623 1356 5709 ribus,
1374 5623 1435 5709 qui
1453 5642 1554 5692 sassu
1576 5627 1662 5695 bitu
1687 5629 1833 5722 dicitur,
1858 5640 1893 5704 61
1916 5639 2104 5732 coniungit
2128 5669 2166 5720 66

318 5807 404 5857 oum
428 5784 587 5875 predicto
609 5783 715 5852 dubio
738 5783 879 5866 salano,
903 5783 939 5847 et
962 5778 1054 5846 siout
1077 5775 1258 5845 descendit
1282 5774 1357 5863 ipso
1380 5777 1487 5845 flubio
1511 5777 1646 5868 salano,
1672 5787 1709 5851 et
1733 5789 1920 5877 coniungit
1942 5813 1980 5864 se
2003 5818 2083 5869 oum
2107 5821 2167 5875 su·
