5466 7106
572 535 575 540 ’
619 551 666 624 su
1272 547 1445 620 conux
1479 549 1750 624 crvnssrs

571 797 671 866 men,
688 777 826 866 quodsi
843 778 1051 848 eoslactum
1075 781 1111 846 et
1132 775 1341 862 completum
1364 791 1436 842 non
1460 776 1694 844 habuerimus
1718 775 1757 843 in
1780 777 2026 865 suprascripto
2049 775 2264 864 constituto,
2282 777 2439 865 qualiter

573 933 740 1018 superius
765 931 927 1020 legitur,
964 936 1000 1000 et
1022 932 1137 1018 ipsam
1162 928 1276 1016 legem
1300 931 1457 997 vestram
1480 928 1578 996 vobis
1610 929 1821 1016 completam
1843 946 1916 996 11011
1940 927 2169 1017 dederimus,
2209 929 2354 999 iacietis
2377 903 2440 999 nos

572 1086 705 1156 exinde
729 1105 861 1156 vacuos
884 1090 920 1156 et
943 1086 1073 1156 faciam
1096 1085 1194 1154 vobis
1218 1083 1411 1170 iustitiam,
1436 1083 1528 1151 sicut
1551 1082 1609 1152 lex
1634 1084 1756 1151 fuerit.
1780 1081 1878 1158 Quod
1911 1083 1942 1151 si
1965 1099 2031 1150 nos
2057 1085 2149 1152 bene
2173 1082 2370 1152 laborando
2394 1088 2431 1153 et

576 1238 747 1308 certando
772 1241 810 1308 in
833 1237 992 1346 predicto
1014 1237 1202 1322 zenzalet0,
1227 1239 1262 1305 01
1287 1237 1400 1322 ipsam
1424 1235 1539 1322 legem
1562 1238 1718 1304 vestram
1742 1233 1953 1321 completam
1983 1235 2081 1302 vobis
2104 1235 2245 1323 dando,
2276 1234 2439 1323 qualiter

576 1395 741 1481 superius
764 1393 919 1481 legitur,
943 1396 979 1460 et
1002 1389 1187 1460 volueritis
1210 1407 1274 1457 nos
1296 1388 1428 1458 exinde
1452 1388 1613 1464 iactare,
1647 1387 1770 1457 demus
1798 1388 1898 1456 vobis
1926 1385 2058 1455 exinde
2094 1387 2339 1458 medietatem.
2365 1389 2435 1466 Qui

575 1547 694 1612 autem
718 1545 760 1612 de
785 1545 887 1611 nobis
912 1545 1097 1614 ambarum
1121 1546 1242 1629 partes
1265 1491 1391 1609 contra
1415 1542 1509 1608 hanc
1541 1539 1743 1608 chartulam
1778 1538 1902 1606 benire
1933 1540 2167 1624 presumserit
2181 1589 2192 1626 ,
2226 1557 2437 1627 componere

576 1699 614 1763 at
638 1701 776 1782 partem
800 1702 869 1784 que
892 1699 1032 1766 firmam
1056 1697 1213 1783 steterit,
1237 1698 1318 1766 auri
1341 1693 1443 1762 solidi
1467 1693 1561 1762 libra
1587 1712 1659 1760 una
1683 1691 1885 1778 byziantea‚
1911 1694 1945 1757 et
1970 1693 2037 1758 hec
2065 1693 2238 1762 chartula
2262 1693 2310 1762 sit
2334 1695 2440 1763 firma

577 1867 626 1914 nn
650 1854 887 1938 perpetuum;
910 1855 947 1920 et
972 1851 1202 1936 sedaremus,
1228 1853 1268 1917 ut
1293 1849 1371 1934 ipsa
1395 1846 1585 1914 medietate
1608 1849 1727 1912 vestra
1750 1843 1792 1912 de
1816 1843 1975 1930 predicte
1999 1843 2137 1914 zenzale
2161 1863 2227 1914 nos
2252 1848 2351 1917 vobis
2376 1867 2441 1918 ex-

579 2001 663 2070 inde
687 2001 905 2072 adducamus
928 2005 1000 2091 hic,
1024 2007 1060 2071 et
1082 2021 1142 2069 vos
1166 2003 1267 2070 nobis
1290 2001 1423 2070 exinde
1446 2000 1537 2068 detis
1561 1998 1637 2085 ipso
1662 1996 1837 2084 innaulo,
1862 1998 1949 2083 quia
1971 1997 2023 2064 sic
2047 1999 2149 2065 nobis
2173 2002 2285 2068 stetit.

627 2125 657 2241 †
683 2156 759 2242 Ego
783 2154 836 2224 leo
858 2155 954 2224 lilius
977 2157 1159 2224 mansonis
1183 2154 1225 2221 de
1249 2154 1302 2220 lec
1326 2153 1425 2220 filius
1448 2152 1631 2220 mansonis
1654 2151 1697 2219 de
1721 2150 1822 2218 leone
1846 2150 2005 2237 galloppi
2032 2151 2134 2220 testis
2159 2171 2236 2220 sum

628 2279 659 2396 †
684 2310 759 2398 Ego
782 2311 971 2400 gregorius
996 2311 1091 2378 filius
1116 2308 1229 2378 leonis
1251 2307 1294 2376 de
1318 2309 1436 2396 sergio
1461 2307 1563 2376 testis
1587 2267 1673 2375 sum¹

628 2438 659 2555 †
684 2469 758 2554 Ego
783 2464 978 2552 pulcharus
1003 2462 1099 2530 iilius
1123 2461 1242 2532 mauri
1266 2461 1407 2528 comitis
1431 2461 1535 2528 testis
1559 2479 1638 2528 sum

629 2594 660 2710 †
686 2623 760 2708 Ego
785 2620 957 2688 iohannes
981 2617 1098 2684 scriba
1121 2616 1218 2683 filius
1241 2615 1352 2703 sergii
1376 2616 1515 2702 scripsi.

1289 2871 1726 2882 ——-——————--

1366 3164 1640 3248 DGCLVI·

1363 3428 1418 3504 A.
1446 3426 1497 3504 D.
1526 3425 1659 3507 1024.

631 3669 667 3811 †
692 3722 732 3787 ln
755 3723 900 3790 nomine
924 3721 1058 3789 domini
1083 3719 1262 3787 tricesimo
1284 3723 1385 3787 sexto
1406 3721 1531 3788 hanno
1553 3723 1778 3808 principatus
1801 3721 1922 3789 domni
1938 3721 2052 3790 nostri
2068 3721 2266 3810 guaimari,
2284 3725 2321 3792 et
2337 3727 2442 3792 sexto

587 3877 713 3942 hanno
736 3873 961 3960 principatus
983 3872 1103 3941 domni
1127 3871 1310 3961 guaimari
1334 3871 1410 3940 eius
1433 3871 1519 3958 11110,
1543 3871 1689 3959 gloriosi
1712 3869 1948 3959 principibus,
1973 3889 2094 3940 mense
2117 3873 2264 3960 aprelis,
2288 3874 2440 3960 septima

587 4025 793 4094 indictione.
819 4025 967 4112 Ideoque
991 4043 1057 4113 ego
1081 4024 1232 4094 sillictus
1255 4023 1352 4092 filius
1376 4021 1520 4110 stefani,
1544 4021 1587 4090 de
1610 4023 1704 4090 sicut
1726 4021 1817 4090 mihi
1842 4040 2042 4110 congruum
2067 4041 2143 4091 esse
2167 4023 2325 4112 videtur,
2349 4025 2442 4095 bona

579 4177 675 4246 enim
701 4198 781 4248 mea
803 4180 1020 4266 volumptate
1044 4184 1128 4249 ante
1151 4179 1345 4266 subscripti
1360 4179 1469 4245 testes
1485 4195 1547 4263 per
1564 4177 1660 4243 banc
1675 4175 1854 4244 cartulam
1869 4174 2089 4247 venundedit
2105 4175 2171 4245 tibi
2197 4179 2349 4247 iohanni
2366 4161 2441 4246 illio

583 4289 678 4400 idem
704 4331 856 4401 iohanni
880 4333 1069 4419 presbiteri
1092 4351 1155 4420 per
1179 4329 1402 4402 absolutione
1435 4330 1550 4417 ipsius
1584 4329 1782 4416 supradicti
1815 4330 1947 4398 stefani
1981 4330 2139 4418 genitori
2163 4349 2267 4418 meo,
2306 4331 2439 4400 ibidem

589 4487 732 4554 astante
756 4488 832 4552 tota
855 4487 891 4552 et
914 4483 1042 4552 inclita
1059 4531 1189 4551 .....
1213 4487 1314 4552 terra
1337 4502 1441 4568 mea,
1465 4479 1527 4568 qui
1550 4485 1604 4550 est
1628 4483 1865 4552 castanietum
1888 4501 1995 4571 quem
2030 4485 2144 4554 habeo
2175 4483 2215 4551 in
2238 4485 2354 4553 locum
2376 4503 2443 4572 pa-

583 4641 743 4723 ternum,
767 4635 829 4704 ubi
854 4635 899 4705 ad
923 4635 1138 4704 masclatora
1161 4635 1307 4722 dicitur,
1332 4653 1395 4721 per
1420 4652 1460 4704 as
1483 4633 1573 4703 lines
1595 4637 1631 4704 et
1653 4635 1868 4704 mensurias:
1893 4656 1917 4705 a
1940 4653 2024 4722 pars
2040 4635 2195 4704 orientis
2212 4638 2284 4706 line
2308 4641 2442 4725 tuaque

578 4792 730 4862 iohanni
747 4792 954 4880 presbiteri,
967 4795 1052 4860 sunt
1065 4791 1161 4879 passi
1176 4790 1332 4884 triginta
1348 4809 1430 4860 sex:
1448 4811 1471 4860 a
1487 4809 1570 4877 pars
1587 4789 1854 4876 septemtrionis
1869 4788 2037 4858 similiter
2055 4790 2129 4859 fine
2143 4795 2279 4879 tuaque
2293 4793 2442 4862 iohanni

579 4947 781 5032 presbiteri,
799 4945 895 5033 passi
919 4944 1201 5032 quattuordecim
1224 4945 1343 5012 minus
1366 4945 1531 5033 gubitum
1555 4960 1679 5010 unum:
1699 4959 1823 5028 apars
1852 4941 2049 5010 occidentis
2067 4944 2139 5012 fine
2158 4943 2202 5012 de
2221 4947 2444 5015 consortibus

456 5143 458 5150 -
583 5101 716 5167 nostris
738 5100 832 5186 passi
858 5099 1119 5186 quadraginta:
1144 5118 1167 5168 a
1191 5116 1275 5184 pars
1298 5094 1446 5165 meridie
1470 5096 1541 5164 tlne
1564 5094 1748 5180 dominici,
1765 5093 1864 5181 passi
1889 5095 2012 5162 decem
2036 5099 2072 5163 et
2095 5097 2197 5165 bocio
2221 5101 2259 5166 et
2282 5098 2443 5167 medium

583 5237 739 5336 passum,
762 5253 875 5319 totum
900 5250 1147 5317 mensuratum
1171 5246 1216 5316 ad
1241 5246 1333 5314 iusto
1356 5263 1501 5334 pessum
1524 5245 1678 5338 homini;
1702 5247 1770 5313 hec
1797 5264 1884 5314 vero
1907 5248 2013 5314 rebus
2036 5265 2099 5334 per
2115 5245 2284 5318 iamdicte
2308 5249 2393 5318 finis
2408 5254 2446 5320 et

574 5401 758 5470 mensurio
782 5408 894 5472 totum
921 5407 957 5471 et
981 5400 1147 5469 inclitum
1170 5399 1253 5468 illut
1275 5419 1357 5466 cum
1380 5397 1501 5467 omnia
1525 5399 1622 5466 intro
1646 5415 1684 5466 se
1707 5397 1927 5467 habentibus
1953 5403 1989 5467 et
2013 5418 2094 5504 cum
2117 5399 2195 5469 vice
2217 5401 2261 5471 de
2283 5403 2344 5472 via
2365 5421 2445 5491 sua,

573 5561 608 5625 01
635 5575 718 5624 cum
743 5555 861 5624 omnis
884 5555 1072 5624 arboribus
1095 5558 1132 5621 et
1155 5551 1327 5640 pomifera
1354 5569 1449 5634 sua,
1473 5549 1692 5619 trasactibus
1716 5567 1846 5618 nornen
1871 5571 1894 5621 a
1921 5549 2084 5620 funditus
2108 5553 2188 5622 illos
2209 5553 2277 5623 tibi
2300 5556 2363 5641 qui
2386 5575 2446 5627 su·

476 5683 481 5694 ⁸
573 5725 642 5791 pra
666 5707 815 5776 iohanni
837 5705 1029 5796 presbiteri
1053 5704 1092 5772 in
1118 5705 1298 5790 integrum
1322 5701 1552 5786 venundedit,
1577 5703 1671 5772 unde
1687 5721 1752 5772 nec
1769 5701 1857 5770 mibi
1881 5704 1944 5789 qui
1970 5721 2081 5791 supra
2104 5704 2236 5775 sellicti
2256 5705 2445 5797 vinditcri‚

572 5875 690 5948 neque
715 5861 851 5946 quarta
875 5855 983 5926 uxori
1010 5875 1104 5942 11100,
1132 5873 1197 5923 nec
1220 5859 1350 5941 quarta
1372 5853 1546 5942 genitrice
1570 5873 1662 5941 mea,
1686 5871 1752 5922 nec
1775 5855 1908 5940 cuiqua
1937 5855 2143 5926 hominibus
2171 5855 2263 5925 nibil
2294 5859 2446 5947 restitit,
