5466 7106
1048 519 1445 592 ulplouln‘llcus
1614 595 1618 601 ,
2062 513 2127 584 169

317 742 423 814 dibus
446 743 496 811 sit
516 746 728 830 potestatem
751 744 946 814 tenendum
962 749 999 814 et
1013 743 1280 831 dominandum,
1296 749 1333 812 et
1348 745 1446 812 loves
1461 747 1497 810 et
1513 745 1628 810 omnis
1644 760 1707 811 sue
1723 739 1893 810 utilitatis
1917 739 2014 810 iusta
2030 741 2171 810 ratione

321 895 372 963 ibi
395 894 614 984 faciendum,
638 899 675 966 et
698 915 781 968 casa
804 897 855 966 ibi
879 895 1004 984 saciat,
1020 900 1056 966 et
1073 896 1205 966 ibidem
1221 895 1404 966 resideant
1425 899 1462 964 et
1477 895 1627 982 avitont,
1642 899 1679 964 ot
1694 899 1770 965 tota
1786 895 1864 982 ipsa
1878 893 2086 982 traditione,
2104 896 2167 984 qui

317 1051 372 1118 cst
395 1050 584 1118 arbustum
606 1053 643 1119 et
665 1049 919 1120 abellanietum
942 1053 1073 1119 bonum
1096 1051 1229 1120 sactum
1257 1054 1294 1118 et
1317 1053 1478 1137 surtum,
1502 1049 1626 1120 amodo
1649 1055 1685 1118 et
1716 1066 1854 1136 semper
1876 1067 1940 1136 per
1964 1047 2080 1116 omnis
2104 1067 2170 1117 an·

324 1219 411 1270 num
433 1203 516 1272 abto
538 1205 698 1290 tempore
721 1203 803 1270 illut
826 1203 870 1271 de
891 1221 998 1290 super
1019 1207 1056 1272 et
1078 1203 1122 1272 de
1145 1207 1267 1291 supter
1291 1202 1474 1292 laborent,
1494 1209 1542 1291 et,
1560 1203 1620 1270 ubi
1638 1202 1826 1289 meruerit,
1849 1203 1996 1272 arbores
2019 1204 2056 1270 11
2078 1202 2170 1272 vites

320 1359 358 1425 et
382 1355 479 1424 infra
502 1356 577 1444 ipso
600 1356 860 1428 abellanietum
883 1358 1046 1427 abellane
1068 1355 1129 1426 ille
1150 1360 1187 1426 et
1209 1357 1286 1424 eius
1309 1355 1431 1426 eredes
1455 1355 1586 1424 ibidem
1602 1357 1780 1444 plantent,
1803 1360 1839 1423 et
1861 1357 1938 1425 tota
1953 1357 2032 1442 ipsa
2055 1355 2171 1424 tradi-

318 1507 416 1576 tione
439 1507 649 1578 annualiter
673 1512 756 1579 abto
780 1515 937 1596 tempore
970 1509 1013 1577 de
1036 1527 1141 1596 super
1164 1513 1200 1578 et
1223 1511 1345 1595 supter
1369 1509 1539 1597 studiant,
1563 1515 1599 1578 et
1621 1513 1780 1596 operent,
1805 1513 1840 1578 et
1862 1508 1999 1577 cultant
2020 1509 2167 1596 bonum,

318 1659 412 1728 sicut
435 1661 572 1748 inipso
596 1661 711 1730 locum
736 1661 909 1730 meruerit
931 1661 1125 1748 perfectum
1149 1679 1225 1730 esse
1248 1665 1441 1732 arbustum.
1457 1669 1492 1732 et
1515 1663 1786 1750 abellanietum,
1803 1667 1840 1731 et
1863 1665 1959 1732 iusta
1982 1663 2161 1732 rationem

317 1815 457 1884 salbum
480 1815 562 1884 illut
584 1815 696 1886 saciat
719 1822 754 1886 et
776 1821 917 1903 aveant,
945 1819 994 1902 et,
1011 1815 1073 1884 ubi
1097 1817 1283 1904 meruerit,
1307 1834 1444 1903 semper
1468 1815 1550 1885 illut
1572 1815 1710 1884 clusum
1734 1819 1878 1903 abeant,
1894 1821 1935 1884 ut
1956 1835 2019 1903 por
2043 1818 2162 1885 omnis

322 1989 459 2040 annum
482 1975 597 2040 totum
621 1971 659 2038 in
684 1973 814 2040 bonum
837 1971 1003 2059 proficiat
1018 1974 1053 2040 11
1068 1989 1140 2038 non
1157 1971 1346 2060 dispereat.
1366 1974 1411 2042 Et
1433 1989 1496 2060 per
1519 1975 1677 2058 tempore
1692 1972 1735 2042 de
1752 1971 1930 2041 vindemie
1946 1975 1982 2041 et
1998 1990 2061 2061 per
2077 1973 2171 2059 aire,

318 2129 354 2192 et
379 2125 522 2212 quando
544 2126 716 2193 meruerit
739 2125 902 2195 abelleno
925 2123 1000 2213 ipse
1023 2131 1059 2193 11
1081 2143 1185 2212 poma
1209 2125 1291 2195 inde
1314 2125 1553 2214 colligendum
1575 2145 1638 2215 per
1655 2127 1770 2196 omnis
1787 2145 1935 2205 annum,
1950 2127 2086 2196 saciant
2100 2144 2166 2194 nos

314 2277 410 2346 scire
433 2276 487 2346 vel
511 2296 596 2364 pars
620 2279 731 2366 ipsius
754 2277 915 2365 ecclesie,
940 2281 980 2346 ut
1002 2279 1134 2348 ibidem
1156 2297 1362 2369 pergamus,
1379 2281 1434 2348 vel
1451 2281 1598 2348 missum
1620 2286 1782 2350 nostrum
1804 2281 2016 2369 dirigamus
2038 2281 2167 2368 etipse

313 2429 499 2517 iaquintus
522 2429 577 2498 vel
601 2429 681 2498 eius
703 2429 826 2498 eredes
848 2449 912 2517 per
935 2429 1049 2497 omnis
1071 2449 1205 2500 anuum
1228 2435 1341 2500 totum
1358 2433 1440 2502 illut
1456 2433 1688 2521 vindemient,
1712 2439 1748 2502 et
1763 2451 1884 2502 omnes
1901 2433 2065 2502 abellane
2082 2433 2166 2502 inde

314 2583 486 2673 colligant
508 2588 544 2655 11
568 2587 763 2672 secchent,
795 2589 831 2654 et
853 2585 970 2654 omnis
992 2602 1097 2672 poma
1120 2585 1202 2654 inde
1225 2585 1426 2674 colligant,
1453 2593 1490 2657 et
1518 2587 1645 2656 inclita
1667 2588 1855 2656 medietate
1878 2589 1922 2656 de
1947 2591 2061 2656 totum
2084 2589 2162 2675 ipso

312 2738 456 2825 vinum,
481 2743 518 2807 et
542 2738 585 2808 de
609 2741 681 2806 tote
705 2739 780 2826 ipse
805 2739 967 2808 abellanc
983 2741 1119 2826 secche,
1134 2741 1169 2807 et
1191 2739 1234 2808 de
1257 2742 1332 2807 tota
1348 2737 1426 2825 ipsa
1441 2756 1546 2825 poma
1568 2738 1699 2807 ibidem
1716 2740 1754 2806 in
1769 2739 1848 2826 ipsa
1865 2741 1971 2809 rebus
1996 2741 2162 2811 tollamus

314 2909 381 2959 nos
405 2891 603 2978 supradicti
629 2889 877 2978 maghenollus
901 2893 937 2960 et
952 2895 1088 2979 petrus,
1104 2891 1159 2964 vel
1175 2910 1260 2978 pars
1274 2891 1386 2978 ipsius
1402 2891 1563 2977 ecclesie,
1580 2910 1643 2978 per
1666 2893 1782 2962 omnis
1797 2913 1934 2963 annum
1957 2893 2161 2964 iaciendum

314 3043 410 3130 quod
433 3043 667 3129 boluerimus,
690 3047 726 3110 et
749 3041 827 3128 ipsa
850 3041 925 3111 alia
948 3041 1135 3112 medietate
1152 3041 1224 3110 illis
1239 3042 1323 3110 inde
1337 3043 1406 3110 sivi
1423 3050 1565 3129 aveant,
1585 3048 1725 3112 tantum
1749 3043 1842 3112 mela
1866 3047 2049 3130 repostara
2074 3042 2112 3129 ¹),
2129 3041 2158 3110 si

308 3195 358 3263 ibi
386 3196 556 3284 abuerit,
591 3196 663 3264 illis
687 3215 750 3284 per
773 3195 889 3263 omnis
912 3213 1048 3264 annum
1071 3197 1149 3282 ipsa
1172 3195 1362 3264 medietate
1385 3199 1510 3264 nostra
1537 3201 1573 3264 et
1595 3193 1708 3282 ipsius
1732 3197 1878 3264 ecclesie
1904 3198 1953 3264 ibi
1978 3201 2157 3284 reponant

312 3349 351 3416 in
375 3350 579 3436 molarium,
602 3349 694 3436 quod
709 3348 782 3416 illis
798 3349 964 3436 fecerint,
979 3353 1016 3417 et
1037 3349 1175 3418 salbam
1198 3347 1296 3418 illam
1319 3350 1469 3435 faciant,
1488 3349 1699 3437 usquedum
1722 3349 1786 3418 illa
1803 3349 1886 3417 inde
1910 3349 2088 3420 tollamus
2115 3353 2160 3418 Et

312 3505 344 3571 si
368 3503 586 3573 boluerimus
608 3523 674 3572 uos
696 3505 752 3573 vel
775 3523 859 3593 pars
883 3505 995 3592 ipsius
1017 3503 1165 3572 ecclesie
1189 3503 1275 3572 dare
1298 3520 1421 3570 eorum
1444 3501 1578 3572 ibidem
1600 3521 1760 3590 organea
1774 3503 1821 3572 da
1838 3505 1975 3592 vinum,
1991 3505 2079 3573 hubi
2105 3525 2160 3574 re-

310 3663 448 3744 ponant
472 3659 551 3746 ipsa
573 3663 697 3728 nostra
720 3657 911 3728 medietate
934 3657 977 3727 de
1001 3658 1076 3746 ipso
1099 3656 1244 3734 vinum,
1272 3656 1346 3725 illis
1368 3655 1489 3726 autem
1511 3674 1574 3742 per
1598 3654 1714 3722 omnis
1736 3672 1874 3723 annum
1897 3658 1977 3743 ipsa
2000 3675 2161 3745 organea

307 3814 400 3882 bona
424 3814 562 3882 conciet
584 3831 665 3882 oum
689 3831 753 3882 suo
776 3813 957 3902 espendio,
973 3815 1010 3881 et
1025 3810 1122 3881 lavet
1136 3813 1173 3881 11
1186 3809 1346 3916 studiant
1362 3811 1468 3894 bona,
1484 3813 1521 3878 et
1533 3810 1710 3896 reponant
1734 3805 1832 3877 intus
1853 3808 1933 3896 ipsa
1951 3828 2048 3898 casa,
2065 3815 2159 3898 quod

306 3967 347 4034 in
371 3967 447 4054 ipsa
471 3967 578 4034 rebus
600 3964 764 4053 feceriut,
789 3969 825 4034 et
847 3964 997 4033 mittant
1018 3963 1058 4032 in
1074 3964 1152 4051 ipsa
1167 3981 1325 4052 organea
1339 3961 1419 4050 ipsa
1430 3961 1620 4032 medietate
1643 3961 1687 4030 de
1710 3963 1786 4051 ipso
1810 3961 1936 4031 vinum
1960 3963 2073 4051 ipsius
2099 3983 2159 4034 eo-

312 4117 419 4187 elesie
442 4137 506 4206 per
528 4118 644 4186 omnis
666 4135 803 4188 annum
825 4121 862 4186 et
885 4117 1023 4186 salbum
1039 4115 1119 4186 illut
1133 4115 1281 4203 saciant,
1307 4115 1519 4203 usquedum
1536 4113 1618 4183 illut
1636 4113 1719 4183 inde
1733 4113 1900 4185 tollamus
1915 4133 1979 4184 nos
1996 4114 2052 4185 vel
2068 4135 2154 4202 pars

307 4273 420 4360 ipsius
442 4272 604 4359 ecclesie,
628 4274 761 4358 absque
785 4271 1062 4358 degeneratione
1085 4276 1121 4340 et
1144 4272 1268 4361 ingne3
1299 4277 1334 4340 et
1358 4272 1420 4340 ubi
1443 4271 1518 4358 ipso
1542 4273 1666 4340 vinum
1689 4271 1732 4340 de
1756 4271 1835 4358 ipsa
1858 4275 2043 4360 borganea
2066 4273 2158 4343 tule-

305 4426 433 4514 rimus,
459 4425 534 4494 illis
559 4428 679 4494 autem
704 4423 827 4494 statim
849 4443 912 4512 per
935 4425 1053 4492 omnis
1076 4442 1211 4494 annum
1233 4424 1344 4492 socias
1365 4423 1450 4491 inde
1473 4422 1609 4492 iactent
1631 4427 1667 4491 et
1690 4424 1780 4490 bone
1803 4423 1937 4510 lavent,
1968 4425 2063 4494 siout
2089 4445 2162 4494 me·

305 4579 456 4652 ruerint.
482 4581 526 4648 ut
547 4579 590 4648 de
614 4579 707 4667 quod
730 4598 793 4668 per
817 4598 952 4650 annum
975 4579 1107 4648 ibidem
1138 4579 1177 4646 in
1208 4578 1287 4666 ipsa
1309 4575 1505 4646 traditione
1528 4575 1812 4664 seminaverint,
1847 4576 1957 4647 deant
1978 4577 2062 4646 inde
2086 4599 2150 4666 per

305 4731 420 4798 omnis
444 4749 578 4800 annum
603 4731 648 4800 ad
673 4730 749 4819 ipso
771 4732 920 4800 missum
954 4730 1009 4800 vel
1046 4729 1148 4798 nobis
1171 4727 1383 4799 terraticum
1405 4725 1601 4796 secundum
1624 4727 1916 4798 consuetudinem
1939 4730 1982 4800 de
2006 4731 2082 4819 ipso
2106 4733 2156 4801 lo·

305 4903 399 4970 oum;
424 4889 461 4954 ot
484 4903 595 4974 usque
618 4884 703 4952 dum
726 4903 790 4972 per
814 4903 950 4954 aunum
973 4882 1106 4952 ibidem
1129 4886 1332 4953 steterimus
1355 4900 1420 4950 nos
1442 4881 1498 4950 vel
1525 4881 1600 4970 ipso
1623 4879 1770 4950 missum
1793 4887 1954 4952 nostrum
1979 4889 2016 4954 ct
2040 4885 2154 4974 ipsius

304 5037 454 5108 ecclesie
477 5055 541 5126 pro
566 5038 646 5126 ipsa
669 5035 865 5126 vindemia,
890 5043 926 5106 et
941 5055 1005 5125 pro
1020 5039 1097 5124 ipse
1115 5029 1295 5124 abellane,
1307 5041 1343 5106 et
1358 5037 1569 5106 terraticum
1585 5035 1702 5123 ipsum
1718 5037 1976 5128 recipiendum,
1999 5040 2074 5111 illis
2090 5063 2159 5113 au·

306 5197 379 5260 tom
404 5209 469 5259 nos
492 5191 661 5260 nutriant
677 5191 870 5262 secundum
886 5209 952 5260 sua
966 5191 1217 5279 possivilitate,
1235 5195 1272 5260 et
1287 5191 1548 5280 palmentateca
1565 5209 1628 5278 per
1644 5195 1761 5261 omnis
1777 5211 1914 5263 annum
1931 5196 2034 5266 nobis
2047 5196 2156 5266 deant

303 5341 356 5409 vel
381 5341 426 5412 ad
442 5362 526 5429 pars
541 5342 653 5430 ipsius
669 5343 830 5428 ecclesie,
848 5343 941 5413 siout
957 5347 1142 5430 meruerit,
1158 5345 1351 5413 secuudum
1367 5348 1660 5418 consuetudinem
1677 5349 1789 5435 ipsius
1808 5350 1905 5420 locis.
1926 5355 1971 5422 Et
1986 5373 2049 5440 per
2065 5370 2148 5420 con·

300 5627 616 5638 uun-*W—
628 5629 686 5635 .--—-
719 5628 753 5634 .-.-

344 5807 365 5884 ¹)
389 5813 571 5882 repostouo,
598 5805 694 5868 idest:
720 5822 805 5883 quse
829 5805 1021 5867 conservari
1044 5813 1183 5886 possunt
1204 5826 1264 5887 per
1287 5826 1421 5871 annum.

457 5955 525 6008 Τοι.
549 5971 573 6009 1.
