5466 7106
640 562 709 668 120
1278 563 1457 666 cobus
1499 561 1765 641 CAVENSIS

591 787 689 877 sergi
714 807 1005 877 mangnauarum
1028 788 1096 858 due
1119 791 1219 876 pecie
1241 787 1285 858 de
1307 793 1406 857 terra
1428 806 1509 856 cum
1532 789 1641 858 vinea
1662 787 1707 856 de
1731 785 1846 856 locum
1862 784 1932 855 iovi
1948 786 2041 873 quod
2055 787 2088 855 ei
2105 785 2280 872 pertinuit
2295 805 2320 856 a
2333 776 2438 874 parte

593 941 790 1028 supradicti
813 941 908 1012 rocci
930 941 1086 1030 genitori
1109 957 1186 1009 meo
1208 959 1273 1028 per
1294 940 1378 1010 finis
1400 945 1436 1010 et
1457 957 1655 1026 mensuras3
1679 941 1798 1028 prima
1820 937 1922 1027 pecie
1944 938 2007 1024 qui
2023 941 2077 1006 est
2092 939 2218 1007 subtus
2233 938 2296 1006 uia
2310 941 2439 1008 nostra

592 1113 777 1166 commune
800 1098 863 1184 qui
886 1097 1006 1186 pergit
1027 1096 1073 1166 ad
1096 1097 1246 1166 fontana
1267 1098 1315 1165 ha
1337 1097 1441 1183 perte
1464 1093 1656 1165 occidentis
1672 1093 1743 1162 fine
1759 1091 1853 1161 leoni
1875 1089 1952 1160 thio
1968 1108 2081 1177 meus,
2097 1091 2191 1160 sicut
2205 1089 2344 1160 termiti
2361 1083 2436 1161 ficti

591 1254 689 1338 sunt,
714 1247 797 1318 inde
819 1253 903 1318 sunt
925 1249 1021 1336 passi
1044 1249 1199 1337 triginta
1222 1265 1334 1334 usque
1356 1248 1396 1316 in
1419 1246 1583 1316 ballone:
1607 1247 1651 1316 de
1666 1245 1754 1334 pede
1769 1245 1841 1314 fine
1857 1244 1971 1314 medio
1988 1245 2064 1332 ipso
2077 1243 2231 1332 ballone,
2249 1244 2332 1314 iude
2348 1250 2433 1315 sunt

589 1422 678 1490 erga
701 1403 777 1490 ipso
800 1399 939 1472 ballone
962 1401 1058 1488 passi
1082 1399 1238 1488 triginta
1260 1417 1351 1468 sex:
1375 1379 1559 1486 decapite
1580 1417 1644 1487 per
1668 1400 1747 1486 ipsa
1769 1399 1829 1468 via
1852 1401 1937 1466 sunt
1958 1399 2055 1484 passi
2077 1397 2209 1486 biginti
2231 1399 2323 1466 octo.
2353 1399 2436 1486 Ipsa

589 1555 689 1626 batia
711 1557 813 1642 pecie
834 1555 955 1642 ibique
977 1575 1000 1624 a
1023 1571 1128 1641 super
1151 1553 1229 1640 ipsa
1252 1555 1312 1622 via
1334 1557 1383 1622 ha
1405 1556 1506 1641 parte
1529 1551 1722 1621 occidentis
1745 1553 1816 1620 fine
1831 1551 1906 1622 alia
1922 1553 1982 1624 bia
1996 1555 2119 1621 nostra
2134 1567 2333 1639 commuue,
2350 1552 2434 1624 inde

591 1714 677 1778 sunt
700 1709 797 1797 passi
821 1708 1002 1798 triginta:
1028 1709 1071 1777 de
1094 1707 1182 1796 pede
1204 1724 1267 1793 per
1291 1705 1369 1792 ipsa
1392 1707 1511 1794 priore
1534 1708 1594 1776 via
1616 1707 1711 1795 passi
1737 1707 1868 1793 biginti
1892 1708 1993 1774 tres:
2018 1725 2042 1775 a
2066 1711 2168 1794 parte
2196 1705 2345 1776 orientis
2367 1707 2440 1778 nnc

590 1868 729 1952 nostra,
753 1863 846 1932 sicut
867 1863 1103 1932 terminatum
1126 1863 1192 1946 est,
1217 1861 1300 1930 inde
1323 1861 1528 1948 sunt-passi
1551 1862 1707 1949 triginta
1729 1860 1929 1947 quadtuor:
1955 1858 1998 1929 de
2020 1862 2137 1947 capite
2168 1859 2333 1932 similiter
2365 1863 2436 1932 fine

589 2037 670 2088 mea
691 2021 728 2087 et
751 2017 903 2106 predicti
926 2014 995 2084 viri
1020 2018 1103 2104 mei,
1127 2015 1221 2085 sicut
1241 2017 1377 2086 termiti
1402 2015 1476 2086 ficti
1500 2021 1599 2106 sunt,
1623 2018 1705 2086 inde
1722 2021 1809 2086 sunt
1823 2017 1916 2106 passi
1933 2018 2055 2087 decem
2069 2023 2105 2088 et
2119 2023 2197 2088 octo
2211 2023 2248 2086 et
2263 2020 2441 2110 medinm,

589 2175 704 2242 totum
727 2175 973 2278 mensuratum
997 2169 1042 2239 ad
1067 2169 1158 2238 iusto
1182 2185 1325 2253 pessum
1348 2168 1544 2237 hominnm.
1571 2173 1674 2240 ambe
1696 2171 1900 2259 supradicte
1922 2174 2022 2260 pecie
2045 2191 2109 2260 per
2131 2171 2334 2259 supradicte
2358 2172 2439 2243 finis

588 2328 626 2392 et
650 2341 837 2394 mensuras
859 2342 940 2391 cum
963 2321 1040 2391 vice
1063 2321 1106 2391 de
1130 2321 1207 2410 ipsa
1230 2321 1339 2391 viaet
1361 2322 1404 2390 de
1428 2321 1506 2408 ipsa
1521 2323 1684 2411 fontana,
1701 2325 1797 2392 sicut
1818 2323 1990 2412 diximus,
2007 2325 2083 2410 ipse
2098 2325 2154 2392 vir
2169 2343 2269 2394 mens
2285 2327 2438 2393 benum·

588 2479 687 2548 dedit
703 2480 805 2548 modo
819 2478 932 2566 ipsius
954 2477 1075 2564 tande,
1100 2476 1146 2547 ad
1169 2475 1374 2546 faciendum
1397 2476 1481 2546 inde
1503 2476 1596 2564 quod
1619 2478 1785 2565 boluerit,
1808 2482 1845 2548 et
1867 2479 1907 2546 in
1929 2477 2137 2565 supradicta
2153 2483 2259 2548 rebus
2274 2479 2365 2548 mihi
2381 2485 2435 2550 est

516 2631 520 2640 ’
586 2637 808 2722 pertinentes
832 2639 1000 2726 quartam
1022 2639 1160 2722 partem
1176 2652 1239 2720 per
1255 2651 1373 2702 meum
1395 2631 1567 2718 scriptum
1583 2633 1794 2720 morgincap
1809 2632 1897 2702 mihi
1913 2635 2045 2703 emissu
2061 2634 2199 2722 abipso
2215 2635 2291 2704 viro
2315 2651 2433 2723 mens,

585 2793 622 2858 et
645 2807 842 2878 congruum
865 2791 920 2858 est
934 2786 1023 2854 mihi
1040 2785 1167 2856 inclita
1183 2786 1262 2873 ipsa
1278 2787 1411 2872 quarta
1426 2801 1507 2854 mea
1522 2784 1667 2871 exinde,
1681 2803 1743 2853 seu
1758 2787 1795 2852 et
1811 2784 2057 2871 undecumque
2074 2785 2204 2854 ibidem
2220 2786 2310 2856 mihi
2327 2789 2439 2874 perti·

587 2949 650 3012 net
672 2942 808 3012 donare
834 2939 1039 3030 supradicte
1060 2941 1182 3028 tende5
1209 2943 1270 3008 bet
1293 2939 1372 3007 ideo
1394 2957 1461 3026 ego
1485 2936 1658 3006 iamdicta
1681 2937 1879 3014 berterada,
1899 2939 1993 3006 sicut
2014 2938 2105 3007 mihi
2134 2956 2332 3028 congruum
2356 2945 2439 3028 est,

589 3113 668 3164 mea
693 3094 888 3163 botumtate
911 3099 995 3164 ante
1019 3092 1209 3180 subscripti
1235 3095 1342 3160 testes
1365 3109 1428 3178 per
1451 3093 1546 3160 hanc
1569 3091 1769 3178 cartulam,
1793 3109 1857 3180 per
1881 3108 2092 3160 consensum
2114 3094 2151 3160 et
2174 3092 2371 3164 bolumtate
2393 3095 2439 3166 de

589 3248 668 3336 ipso
691 3249 769 3316 viro
792 3265 918 3335 meus,
941 3249 980 3316 in
1003 3246 1107 3315 cuius
1129 3243 1315 3313 mundium
1338 3263 1394 3313 me
1417 3244 1494 3313 dico
1518 3263 1620 3324 esse,
1645 3246 1736 3313 dono
1760 3247 1826 3315 tivi
1849 3245 2019 3315 iamdicte
2042 3248 2151 3316 tende
2175 3247 2254 3334 ipsa
2267 3253 2437 3335 quartam

587 3420 689 3491 mea,
714 3423 777 3474 seu
800 3407 837 3471 et
859 3399 1105 3486 undecumque
1129 3399 1225 3469 infra
1248 3399 1457 3488 supradicta
1479 3402 1585 3469 rebus
1608 3397 1698 3467 mibi
1723 3401 1793 3469 tuit
1815 3403 1852 3469 et
1875 3405 1930 3470 est
1952 3402 2174 3489 pertinentes
2200 3407 2324 3491 abere,
2356 3403 2438 3472 fun·

586 3555 683 3624 ditus
706 3553 789 3622 illut
811 3553 877 3622 tivi
901 3553 1061 3639 donavit,
1078 3550 1265 3620 etnullam
1289 3551 1386 3618 infra
1410 3552 1539 3620 hambo
1562 3553 1636 3638 ipse
1659 3553 1758 3638 pecie
1781 3570 1843 3637 per
1867 3553 1945 3639 ipsa
1967 3571 2155 3623 mensuras
2178 3553 2266 3622 mibi
2291 3573 2435 3626 reman-

587 3709 648 3796 sit,
673 3725 754 3776 cum
778 3709 900 3776 omnia
923 3703 1020 3774 inira
1036 3723 1073 3772 se
1089 3705 1279 3774 eventibus
1302 3709 1338 3772 et
1362 3705 1435 3774 suis
1458 3705 1688 3793 pertinentiis
1710 3711 1746 3775 et
1769 3725 1851 3774 cum
1873 3707 1951 3776 vice
1974 3709 2018 3777 de
2042 3711 2121 3796 ipsa
2142 3711 2202 3779 via
2224 3715 2261 3778 et
2283 3711 2326 3780 de
2356 3709 2434 3796 ipsa

587 3863 761 3944 tentans,
785 3857 830 3928 ad
852 3861 1025 3928 securiter
1048 3865 1084 3927 et
1106 3857 1258 3926 firmiter
1281 3861 1405 3928 amodo
1429 3863 1465 3928 et
1486 3857 1627 3947 semper
1650 3863 1690 3926 tu
1714 3859 1885 3930 iamdicta
1908 3862 2019 3931 tenda
2041 3866 2078 3930 et
2100 3866 2179 3932 tuos
2202 3862 2326 3932 eredes
2350 3861 2437 3934 illut

586 4014 775 4102 abendum,
799 4013 1060 4102 possidendum,
1084 4012 1339 4083 dominandum
1361 4017 1398 4082 et
1419 4014 1540 4082 omnia
1563 4012 1646 4082 inde
1669 4013 1869 4082 faciendum
1898 4013 1990 4102 quod
2014 4013 2213 4102 bolueritis3
2230 4021 2267 4086 et
2282 4035 2346 4104 pro
2360 4020 2427 4087 boc

587 4165 718 4233 donum
741 4164 956 4236 firmandum
981 4165 1077 4234 iusta
1099 4163 1177 4253 lege
1202 4163 1379 4253 launegilt
1402 4183 1425 4234 a
1448 4169 1484 4233 te
1508 4165 1591 4234 inde
1614 4168 1749 4254 recepit
1771 4121 1941 4238 cammisa
1964 4186 2052 4257 una,
2077 4171 2245 4239 hastante
2260 4169 2338 4256 ipso
2353 4173 2434 4240 viro

587 4326 662 4407 tuo,
686 4325 721 4390 et
743 4337 805 4409 per
830 4321 927 4389 illius
950 4318 1123 4386 solutione
1146 4335 1255 4403 quam
1277 4321 1315 4384 et
1337 4316 1435 4388 iusta
1456 4318 1535 4405 tege
1558 4322 1595 4388 et
1618 4321 1834 4390 consuetudo
1855 4323 1973 4391 vestre
1988 4339 2233 4410 romanorum,
2251 4321 2428 4411 finitoque

586 4473 766 4564 launegilt
787 4475 904 4562 ipsum
927 4477 1016 4562 aput
1037 4489 1115 4560 nos,
1139 4471 1234 4542 sicut
1257 4473 1352 4541 inter
1375 4471 1478 4540 nobis
1500 4473 1689 4543 comvenit.
1713 4473 1756 4541 de
1779 4493 1851 4562 qua
1872 4492 1940 4562 ego
1962 4475 2135 4545 iamdicta
2157 4475 2332 4564 alserada,
2357 4493 2433 4547 nna

585 4647 723 4699 mecum
746 4629 821 4718 ipse
843 4629 920 4697 viro
942 4643 1055 4715 meus,
1080 4624 1316 4695 unianimiter
1339 4623 1472 4713 guadio
1486 4626 1552 4694 tivi
1566 4624 1729 4696 dedimus
1751 4642 1936 4695 commune
1959 4634 2194 4716 consensu,et
2208 4627 2429 4699 mediatores

584 4785 649 4854 tivi
676 4783 857 4872 posuimus
880 4800 943 4852 nos
967 4782 1067 4870 ipsis;
1085 4785 1121 4851 et
1143 4800 1207 4870 per
1231 4781 1310 4868 ipsa
1333 4780 1468 4868 guadie
1490 4783 1558 4850 etc:
1584 4781 1881 4850 Statutamotcta
1895 4780 2012 4852 decem
2026 4783 2114 4849 acri
2129 4781 2323 4851 solidorum
2341 4783 2435 4851 Ooo-

584 4941 750 5008 stootiat.
775 4941 812 5006 et
833 4936 956 5006 taliter
979 4935 1135 5004 scribere
1158 4934 1363 5024 rogavimus
1385 4937 1421 5004 te
1444 4932 1680 5021 rodelgrimus
1702 4934 1866 5003 notarius
1889 4938 2010 5004 actum
2033 4933 2186 5004 salerno.

633 5064 664 5180 †
688 5093 763 5178 Ego
787 5089 959 5159 iohannes
982 5088 1145 5158 notarius
1167 5105 1224 5157 me
1248 5088 1442 5174 subscripsi

630 5215 660 5332 †
686 5245 761 5332 Ego
783 5242 948 5314 alderissi
972 5240 1136 5312 notarius
1160 5259 1216 5310 me
1239 5241 1445 5327 subscripsi.
1574 5285 1579 5294 ·
