5422 7102
629 519 701 594 234
1256 513 1432 588 CODEX
1466 515 1729 594 CAVENSIS

587 766 665 836 nes;
689 751 725 818 et
749 746 828 816 ideo
851 762 941 813 sone
963 760 1025 812 sue
1048 742 1256 812 volumtatis
1278 743 1412 830 guadia
1433 744 1536 813 nobis
1559 745 1745 834 dederunt,
1769 754 1805 820 et
1828 749 2040 822 mediatores
2065 751 2167 820 nobis
2186 754 2383 838 posuerunt
2398 771 2436 824 se

591 900 687 988 ipsos
711 917 753 968 oc
775 898 905 986 tinore,
929 903 983 986 ut,
1008 897 1068 965 ubi
1090 915 1155 964 nos
1177 895 1415 984 prenominati
1434 897 1488 965 vel
1505 901 1635 968 nostris
1657 902 1821 972 eredibus
1839 902 2055 991 potuerimus
2071 905 2178 974 abere
2194 903 2376 974 hominem
2392 905 2437 975 ad

588 1053 717 1142 legem,
743 1052 806 1140 qui
832 1052 875 1118 de
899 1052 1002 1120 ambo
1026 1051 1103 1138 ipse
1126 1050 1225 1136 pecie
1249 1048 1422 1118 derebus
1447 1049 1544 1121 infra
1566 1052 1725 1136 predicte
1747 1054 1830 1122 finis
1852 1059 1889 1125 et
1912 1055 2093 1123 mensurie
2116 1055 2219 1122 nobis
2251 1057 2438 1125 contrabe-

592 1207 658 1291 rit,
682 1204 776 1274 sicut
799 1205 839 1272 in
862 1205 1036 1272 omnibus·
1049 1205 1124 1292 ipse
1148 1203 1287 1273 cartule
1310 1206 1430 1271 nostre
1454 1201 1659 1291 continunt,
1683 1205 1836 1274 debeant
1857 1207 1924 1292 ipsi
1948 1210 1984 1276 et
1999 1207 2141 1275 illorum
2158 1205 2322 1276 eredibus
2337 1209 2440 1276 nobis

590 1362 628 1427 et
651 1356 696 1428 ad
721 1357 855 1428 nostris
878 1357 1044 1427 eredibus
1068 1357 1108 1426 in
1130 1357 1295 1425 omnibus
1318 1355 1401 1425 illut
1423 1356 1526 1426 nobis
1548 1356 1732 1428 defensare
1755 1360 1801 1428 ab
1823 1359 1987 1428 omnibus
2009 1359 2186 1428 ominibus
2202 1360 2248 1430 ab
2262 1359 2442 1430 omnibus·

588 1528 657 1598 que
680 1510 861 1600 partibus,
884 1514 920 1579 et
943 1509 990 1580 da
1015 1511 1090 1598 ipse
1112 1511 1286 1578 uxoribus
1309 1527 1431 1579 eorum
1455 1509 1574 1596 etqui
1598 1529 1663 1598 pro
1686 1511 1849 1599 partibus
1872 1529 1993 1581 eorum
2018 1512 2100 1582 inde
2123 1514 2340 1600 causaberit,
2358 1513 2439 1583 illut

588 1667 689 1734 vobis
715 1665 952 1754 defensorem,
975 1667 1069 1735 sicut
1090 1668 1219 1736 testum
1242 1665 1286 1733 de
1310 1667 1385 1754 ipse
1408 1667 1513 1734 ambo
1534 1663 1671 1735 cartule
1694 1667 1814 1734 nostre
1838 1667 2041 1753 continunt,
2066 1665 2109 1735 de
2125 1668 2236 1738 totam
2253 1667 2366 1755 ipsam
2383 1688 2440 1738 re·

593 1820 658 1886 bus
681 1838 744 1907 per
768 1820 894 1890 eadem
916 1820 1050 1909 guadia
1073 1824 1161 1890 etse
1181 1819 1249 1907 ipsi
1264 1819 1488 1908 mediatores,
1504 1823 1540 1890 et
1557 1837 1620 1907 per
1636 1819 1889 1890 conbenientia
1905 1819 2155 1906 obligaverunt
2172 1818 2240 1908 ipsi
2262 1823 2441 1908 prenomi-

592 1974 672 2042 nati
696 1977 819 2061 petrus
841 1975 1019 2061 presbiter
1042 1978 1078 2043 et
1101 1974 1286 2061 iohannes,
1312 1978 1349 2042 et
1371 1973 1446 2040 suis
1475 1973 1725 2062 obligaverunt
1748 1973 1927 2063 eredibus,
1952 1975 2054 2042 nobis
2077 1973 2182 2044 etad
2207 1974 2338 2044 nostris
2363 1993 2440 2044 ere·

587 2127 725 2216 dibus,
751 2132 787 2198 et
811 2128 869 2198 eui
883 2123 960 2198 'iste
983 2130 1090 2197 brebe
1114 2128 1152 2197 in
1177 2128 1285 2196 manu
1310 2127 1484 2216 parueri,
1508 2127 1554 2198 ad
1576 2127 1864 2216 pingnerandum
1888 2147 1924 2198 se
1948 2127 2015 2215 ipsi
2039 2131 2075 2196 et
2108 2127 2249 2199 illorum
2273 2128 2438 2200 eredibus

589 2281 728 2353 licitum
752 2287 788 2353 et
814 2282 1007 2370 inlicitum,
1032 2283 1075 2352 de
1098 2286 1273 2371 quantum
1291 2281 1375 2350 inde
1388 2281 1487 2349 uobis
1500 2283 1687 2370 oportuum
1704 2281 1813 2350 fuerit
1829 2281 1874 2350 ad
1897 2229 2172 2370 pignerandum,
2190 2284 2324 2372 absque
2341 2285 2438 2353 omni

586 2436 779 2507 calumniis
802 2438 846 2507 de
861 2440 984 2508 omnia
1006 2457 1131 2508 eorum
1153 2457 1263 2509 eausa
1287 2457 1349 2525 per
1373 2438 1494 2510 eadem
1519 2438 1656 2526 guadia
1678 2441 1713 2503 et
1736 2454 1774 2504 se
1797 2437 1864 2522 ipsi
1889 2437 2114 2507 mediatores.
2132 2439 2206 2526 Ego
2222 2437 2363 2526 guelfus
2379 2456 2437 2508 ar·

585 2590 888 2662 cuisubdiaconus
910 2597 946 2662 et
972 2594 1135 2662 notarius
1157 2609 1197 2661 oc
1220 2594 1327 2662 brebe
1350 2590 1494 2678 scripsit
1516 2594 1552 2660 et
1576 2590 1740 2660 interfuit
1762 2589 1801 2658 in
1824 2589 1992 2660 abellino.

629 2719 659 2834 †
685 2747 769 2816 nso
790 2746 928 2816 rauco

629 2870 659 2985 †
685 2899 759 2987 Ego
782 2898 939 2970 ioannes.

1294 3120 1349 3130 ι--
1362 3124 1463 3130 ..---..—
1479 3123 1572 3129 -.....—
1588 3123 1660 3129 -.-—

1346 3399 1663 3501 Ducumv.

1359 3679 1412 3756 Α.
1442 3677 1491 3755 D.
1521 3673 1648 3756 1033.

626 3917 662 4058 †
687 3971 727 4037 ln
751 3970 894 4038 nomine
917 3971 1053 4039 domini
1077 3971 1352 4060 quadragesimo
1375 3970 1523 4058 septimo
1547 3988 1642 4040 anno
1665 3970 1890 4058 principatus
1919 3969 2040 4036 domni
2076 3967 2221 4037 landolfi
2256 3965 2431 4056 gloriosus

578 4121 763 4208 princepe,
790 4126 827 4190 et
850 4121 1017 4191 vicesimo
1040 4123 1148 4192 tertio
1172 4142 1266 4191 anno
1290 4121 1515 4210 principatus
1539 4122 1659 4190 domni
1677 4121 1821 4209 paldolfl
1838 4120 1905 4190 filii
1922 4121 2010 4208 eius,
2028 4139 2148 4190 mense
2165 4119 2300 4206 iunius,
2317 4122 2431 4207 prima

578 4275 785 4363 indictione.
811 4277 1098 4344 Memoratorium
1123 4277 1257 4346 factum
1281 4299 1303 4347 a
1325 4276 1429 4345 nobis
1453 4276 1608 4346 iohanne
1631 4280 1668 4344 et
1691 4255 1885 4343 simeonem
1908 4275 2073 4375 germani
2096 4271 2167 4342 filii
2197 4271 2361 4363 iohanni,
2385 4293 2426 4346 eo

576 4426 677 4515 quod
701 4431 785 4496 ante
809 4429 1025 4498 nobiliorum
1049 4429 1326 4516 subscriptorum
1350 4429 1495 4498 testium
1519 4430 1680 4496 venimus
1703 4447 1767 4497 nos
1791 4429 1829 4497 in
1860 4431 1988 4499 ronam
2020 4426 2320 4498 combenientiam
2344 4447 2425 4498 cum

578 4583 701 4664 petrus
724 4580 899 4666 presbiter
924 4579 1019 4648 filius
1042 4580 1148 4668 genci
1171 4585 1207 4650 et
1229 4601 1310 4650 cum
1333 4579 1506 4651 iohannes
1522 4579 1617 4649 filius
1634 4580 1777 4650 cuidam
1792 4582 2021 4651 marandi...
2040 4631 2047 4647 .
2064 4597 2158 4649 vona
2171 4597 2238 4649 sua
2253 4577 2424 4650 volumta-

575 4735 648 4840 tem
663 4733 826 4802 ordinem
843 4735 1102 4803 combenientie
1116 4735 1210 4803 iusta
1227 4733 1340 4822 legem
1354 4735 1528 4804 dederunt
1543 4739 1579 4804 et
1591 4735 1817 4805 tradiderunt
1833 4737 1934 4804 nobis
1951 4753 2024 4803 una
2040 4733 2143 4821 pecie
2158 4733 2202 4804 de
2218 4735 2324 4802 rebus
2340 4753 2423 4804 suas

575 4888 638 4976 qui
660 4889 714 4956 est
739 4887 908 4975 uetcrale,
931 4907 1013 4958 cum
1037 4889 1224 4959 arboribus
1246 4890 1425 4958 fructiferi
1452 4889 1545 4976 quod
1568 4891 1682 4960 abunt
1705 4889 1744 4956 in
1768 4888 1842 4957 loco
1864 4905 1989 4976 vane0,
2013 4889 2058 4958 ad
2081 4889 2337 4976 pastinandum
2354 4907 2424 4956 nu-

574 5041 740 5128 cillitum,
765 5046 801 5111 et
823 5044 984 5112 castanei
1007 5042 1206 5133 palumbuli
1232 5043 1363 5113 ibidem
1386 5045 1621 5113 ensetandum
1639 5040 1718 5130 ipsa
1732 5039 1826 5109 mela
1847 5041 1883 5107 et
1906 5036 1990 5106 nuci
2007 5040 2070 5125 qui
2088 5038 2221 5107 ibidem
2236 5043 2333 5125 sunt,
2348 5037 2423 5106 cul-

575 5179 872 5264 tandum‘amodo
895 5199 932 5265 et
955 5214 1068 5284 usque
1089 5196 1260 5266 tredecim
1283 5195 1372 5266 anni
1395 5194 1561 5282 completi
1585 5212 1648 5282 per
1671 5213 1712 5263 ec
1735 5194 1830 5262 finis:
1855 5193 1898 5262 de
1922 5209 1996 5262 una
2019 5196 2120 5280 parte
2139 5193 2209 5262 fine
2226 5191 2426 5280 aqueductu

573 5344 637 5432 qui
661 5347 715 5415 est
738 5343 834 5415 inter
857 5364 898 5418 ec
920 5348 1026 5416 rebus
1049 5351 1085 5416 et
1108 5349 1214 5417 rebus
1237 5350 1375 5435 nostra,
1403 5348 1497 5436 quod
1520 5349 1589 5435 ipsi
1613 5350 1715 5418 nobis
1738 5347 1911 5418 dederunt
1932 5365 1996 5434 pro
2013 5347 2089 5434 ipso
2106 5345 2199 5434 quod
2216 5364 2417 5416 noseorum

573 5499 776 5587 pastinaret
798 5501 979 5590 debemus,
1006 5503 1100 5572 sicut
1121 5500 1404 5590 supradiximus,
1429 5500 1700 5571 descendentem
1723 5501 1766 5570 de
1790 5501 1866 5589 ipso
1889 5501 2089 5588 aqueductu
2113 5519 2225 5589 usque
2256 5499 2419 5568 iuribus

573 5653 617 5724 de
641 5655 851 5753 eirasulum3
876 5656 919 5725 de
943 5656 1018 5728 alia
1039 5660 1143 5744 parte
1167 5656 1240 5726 fine
1262 5656 1337 5744 ipso
1361 5657 1462 5724 ribus
1484 5655 1528 5725 de
1551 5655 1772 5725 cirasulum:
1797 5655 1840 5725 de
1863 5653 1938 5726 alia
1960 5659 2065 5744 parte
2088 5657 2159 5726 fine
2189 5656 2284 5726 sicut
2306 5655 2423 5724 media

573 5823 654 5894 sepe
677 5783 862 5878 decernit:
887 5809 930 5880 de
954 5807 1027 5881 alia
1049 5811 1151 5896 parte
1175 5809 1246 5878 flue
1271 5807 1342 5879 via.
1368 5809 1467 5877 Infra
1488 5823 1611 5876 omnes
1634 5805 1801 5876 iamdicto
1823 5807 1907 5876 finis
1930 5809 2040 5877 totam
2068 5809 2106 5879 et
2128 5807 2308 5896 integram
2342 5805 2421 5893 ipsa
