5466 7106
1061 589 1463 662 ulrtobtarldb‘s
1804 617 1810 630 ·
2069 584 2135 658 las

327 813 437 898 seire,
456 817 498 880 ut
514 812 644 880 ibidem
669 811 869 900 dirigamus
892 815 1040 882 missum
1062 817 1247 900 nostrum,
1278 817 1315 880 et
1350 813 1410 882 ille
1434 819 1470 882 et
1492 815 1615 884 eredes
1638 816 1716 902 ipsa
1740 813 1845 882 binea
1871 810 2119 897 bindemiare,
2141 812 2178 876 et

323 965 439 1032 omnis
463 967 589 1033 binum
613 971 648 1034 et
671 983 776 1053 poma
799 987 906 1054 quam
931 968 975 1036 de
999 967 1076 1054 ipsa
1098 969 1205 1034 rebus
1228 967 1379 1054 exierit,
1402 971 1514 1036 totum
1539 967 1640 1034 illum
1663 966 1785 1052 ibique
1808 965 1853 1034 ad
1877 967 2096 1050 pulmentum
2121 963 2178 1030 in-

325 1125 380 1188 ter
405 1135 469 1185 nos
493 1118 693 1188 dibidamus
715 1139 778 1208 per
802 1119 1055 1190 medietatem:
1082 1137 1145 1186 nos
1168 1120 1224 1186 vel
1247 1121 1380 1187 nostris
1403 1117 1568 1186 eredibus
1585 1118 1749 1186 tollamus
1766 1116 1850 1184 illut
1871 1117 2113 1205 medietatem,
2138 1122 2175 1187 et

330 1271 392 1340 ille
414 1271 472 1339 vel
497 1273 574 1340 eius
597 1271 720 1340 eredes
742 1271 883 1341 tolleret
908 1271 989 1341 illut
1011 1273 1251 1358 medietatem3
1277 1276 1313 1340 et
1336 1273 1367 1339 si
1391 1287 1455 1338 nos
1478 1269 1533 1337 vel
1557 1267 1690 1336 nostris
1712 1269 1876 1338 eredibus
1892 1269 2094 1338 dederimus
2118 1288 2175 1338 eo·

327 1443 410 1490 rum
436 1423 567 1493 ibidem
591 1442 751 1514 orgenea
773 1427 819 1494 da
843 1403 983 1513 binum,
1006 1423 1079 1492 illis
1102 1443 1165 1512 per
1189 1425 1302 1493 omnis
1325 1442 1462 1493 annum
1486 1424 1564 1510 ipsa
1587 1443 1745 1512 organea
1768 1425 1933 1494 conoiare
1956 1427 1993 1492 et
2015 1423 2178 1494 studiare

323 1579 418 1648 bona
442 1582 478 1646 et
501 1578 692 1647 mieterent
714 1579 815 1648 illam
838 1599 860 1648 a
883 1583 1009 1666 suptus
1032 1577 1187 1646 reditum
1212 1577 1334 1662 ibique
1358 1579 1396 1646 in
1420 1579 1499 1664 ipsa
1523 1580 1643 1664 rebus,
1659 1582 1695 1646 et
1711 1577 1763 1646 sio
1780 1579 1859 1665 ipsa
1877 1582 2000 1647 nostra
2015 1579 2173 1646 sortione

325 1735 368 1802 de
385 1735 460 1820 ipso
477 1735 602 1802 binum
618 1733 750 1802 ibidem
765 1735 911 1802 miotere
926 1738 962 1803 et
977 1734 1115 1802 salbum
1133 1733 1236 1802 illum
1252 1734 1381 1820 faeere,
1408 1733 1619 1819 usquedum
1636 1733 1739 1800 illum
1756 1733 1838 1802 inde
1855 1731 2045 1801 tulerimus
2067 1752 2177 1820 asque

325 1887 603 1975 degeneratione
626 1891 662 1956 et
686 1888 821 1976 ingne3
850 1892 886 1956 et
908 1888 940 1955 si
964 1905 1035 1955 non
1059 1887 1260 1955 dederimus
1283 1904 1405 1952 eorum
1428 1885 1506 1972 ipsa
1529 1902 1687 1971 organea
1709 1903 1779 1972 que
1810 1905 1917 1972 super
1953 1884 2113 1973 legitur,
2139 1894 2179 1956 ut

322 2045 401 2130 ipsa
424 2045 547 2112 nostra
571 2043 796 2111 medietatem
819 2047 855 2111 et
877 2041 953 2128 ipso
976 2041 1102 2108 binum
1124 2059 1187 2128 per
1211 2041 1325 2108 omnis
1349 2057 1485 2109 annum
1502 2060 1564 2128 per
1589 2041 1766 2111 bindemie
1790 2041 1871 2110 illut
1886 2041 1969 2110 inde
1991 2043 2177 2130 tardamue,

322 2195 523 2264 laciendum
538 2213 607 2280 que
623 2192 864 2278 boluerimus;
889 2191 1038 2259 missum
1060 2196 1233 2280 nostrum,
1263 2213 1371 2281 quam
1394 2194 1527 2262 ibidem
1549 2195 1789 2264 direxerimus
1805 2214 1867 2282 per
1886 2195 1960 2283 ipse
1977 2195 2177 2285 bindemie,

320 2344 393 2413 illis
416 2365 498 2415 eum
521 2345 664 2414 nutrire
687 2345 883 2413 seeundum
906 2343 1049 2411 illorum
1073 2343 1310 2430 possibilitate
1341 2350 1377 2414 et
1400 2347 1486 2416 dare
1502 2346 1535 2414 ei
1552 2347 1833 2434 palmentateca,
1856 2350 1950 2417 siout
1975 2350 2172 2439 meruerit,

320 2507 356 2568 et
378 2503 589 2588 potestatem
611 2503 782 2570 abeamus
805 2518 870 2568 nos
892 2503 930 2568 et
952 2501 1084 2567 nostris
1106 2498 1271 2566 eredibus
1294 2516 1357 2586 per
1381 2499 1496 2568 omnis
1519 2518 1655 2569 annum
1680 2501 1741 2569 ille
1763 2503 1816 2570 vel
1843 2504 1921 2571 eius
1944 2504 2067 2574 eredes
2097 2526 2177 2594 per·

322 2653 467 2740 quirere
490 2672 554 2741 pro
577 2654 733 2723 faciendi
757 2653 922 2723 laborare
939 2657 975 2721 et
990 2652 1130 2721 cultare
1153 2650 1231 2738 ipsa
1250 2653 1348 2720 terra
1370 2669 1451 2718 oum
1469 2649 1589 2738 binea,
1606 2651 1699 2720 sicut
1715 2656 1880 2740 superius
1897 2657 1970 2725 illis
1984 2657 2068 2726 iude
2085 2660 2178 2729 obli·

318 2807 397 2896 gati
421 2811 517 2876 sunt.
542 2808 585 2876 de
609 2827 681 2895 qua
704 2825 767 2894 per
790 2809 885 2875 bona
907 2808 1169 2876 combenientia
1191 2808 1326 2894 guadia
1349 2807 1452 2876 nobis
1475 2807 1550 2892 ipse
1574 2808 1746 2874 iohannes
1776 2807 1886 2894 dedit,
1903 2815 1940 2878 et
1956 2812 2170 2883 mediatores

323 2961 426 3029 nobis
449 2961 568 3050 posuit
591 2964 713 3048 petrus
735 2959 832 3028 fliius
855 2960 931 3028 ursi
957 2961 992 3028 et
1015 2963 1110 3029 mari
1133 2959 1228 3026 lilius
1251 2963 1365 3031 amati
1389 2961 1580 3048 presbiteri
1604 2965 1640 3030 et
1663 2962 1802 3030 deuteri
1827 2965 1922 3032 lilius
1939 2968 1997 3034 offl
2020 2970 2082 3054 qui
2099 2967 2170 3037 luit

320 3115 363 3183 de
385 3116 508 3186 acerni
522 3115 561 3201 ¹);
584 3119 621 3183 et
644 3135 707 3202 per
724 3114 802 3201 ipsa
825 3114 960 3202 guadia
983 3113 1158 3202 obligavit
1180 3133 1218 3182 se
1241 3132 1374 3201 suoque
1391 3114 1527 3202 eredes,
1544 3120 1585 3183 ut
1598 3115 1629 3183 si
1645 3114 1765 3184 taliter
1781 3120 1902 3187 omnia
1918 3123 2164 3210 suprascripta

321 3286 386 3355 per
408 3269 613 3356 supradicto
636 3269 761 3338 ordine
784 3267 886 3336 nobis
909 3269 1110 3354 nostrisque
1133 3265 1298 3336 eredibus
1320 3285 1392 3334 non
1415 3267 1678 3355 adimpleberit,
1703 3269 1759 3336 vel
1776 3269 1819 3338 de
1839 3275 2086 3364 suprascripta
2102 3279 2171 3346 ali-

322 3424 402 3509 quit
423 3397 720 3508 eontradisserit,
744 3442 807 3510 per
831 3423 909 3510 ipsa
932 3422 1066 3509 guadia
1091 3438 1153 3508 per
1177 3423 1271 3488 bona
1300 3419 1565 3491 combenientia
1588 3440 1797 3510 componere
1819 3425 1994 3514 obligabit
2024 3447 2062 3497 se
2099 3431 2175 3518 ipse

319 3575 492 3642 iohannes
517 3577 553 3642 et
576 3590 658 3641 suos
681 3573 802 3642 eredes
827 3571 925 3640 vobis
949 3573 1147 3660 vestrisque
1170 3571 1334 3641 eredibus
1357 3573 1489 3662 biginti
1513 3575 1595 3642 auri
1619 3574 1722 3644 solidi
1746 3579 1980 3666 constantini,
1997 3585 2033 3648 et
2048 3582 2169 3652 omnia

317 3727 565 3814 suprascripta
587 3727 689 3793 nobis
712 3727 912 3812 nostrisque
935 3727 1100 3795 eredibus
1124 3726 1385 3814 adimplerent,
1417 3725 1511 3794 sicut
1543 3728 1708 3814 superius
1738 3729 1886 3818 legitur3
1919 3739 2169 3816 verumtamen

320 3898 558 3950 memoramus
582 3878 708 3950 insites
726 3883 761 3947 et
777 3880 929 3968 rubiole,
945 3881 1007 3968 qui
1023 3879 1154 3948 ibidem
1177 3884 1275 3969 sunt,
1300 3900 1363 3969 per
1379 3886 1536 3968 tempore
1551 3879 1612 3949 ille
1627 3882 1797 3971 colligere
1813 3889 1850 3953 et
1865 3903 2029 3976 seooare,
2045 3893 2081 3958 et
2098 3908 2170 3958 me·

322 4035 491 4105 dietatem
514 4035 576 4104 ille
599 4037 702 4105 nobis
724 4037 811 4106 dare
833 4041 870 4105 et
894 4036 1122 4106 medietatem
1146 4035 1207 4104 ille
1229 4037 1299 4105 sibi
1323 4040 1442 4126 abere,
1466 4042 1502 4108 et
1525 4042 1700 4125 quantum
1723 4040 1877 4109 baouum
1901 4041 1941 4111 in
1963 4043 2043 4132 ipsa
2066 4043 2167 4115 elusa

320 4191 429 4259 babet
442 4239 452 4277 ,
477 4195 591 4260 totum
616 4191 676 4260 ille
697 4195 733 4260 et
756 4193 832 4260 eius
854 4192 976 4260 eredes
998 4191 1102 4260 illum
1124 4195 1315 4278 pastenare
1341 4193 1446 4260 binea
1469 4191 1513 4261 de
1537 4194 1627 4260 bono
1652 4192 1788 4262 bitineo
1813 4198 1849 4263 et
1873 4195 1975 4264 illum
2000 4217 2162 4288 surgere,

320 4345 413 4413 sieut
435 4345 622 4434 meruerit,
640 4366 703 4434 per
719 4347 925 4434 supradicta
948 4346 1080 4434 guadia
1103 4351 1139 4416 et
1154 4347 1313 4436 obligata
1330 4367 1439 4437 pena,
1456 4351 1548 4437 quod
1565 4351 1691 4438 scripsi
1708 4371 1773 4441 ego
1793 4354 1979 4442 iaquintus
2003 4357 2170 4427 notarius
2235 4397 2237 4401 -

316 4502 377 4587 qui
401 4500 568 4571 intertui.

360 4629 391 4746 †
415 4658 490 4746 Ego
513 4656 575 4745 qui
599 4675 709 4744 supra
730 4656 1015 4745 regemprandus
1039 4657 1149 4726 iudex

360 4784 392 4901 †
415 4813 491 4901 Ego
513 4811 642 4880 Petrus

361 4937 389 5056 †
413 4969 489 5057 nge
512 4966 640 5037 romu.

312 5217 719 5230 Ι-ι--ι--ῃ---ο--ι---ω---υ

354 5399 378 5476 ¹)
400 5402 573 5474 Auernum,
599 5418 700 5480 pagus
725 5401 758 5459 in
782 5401 892 5463 Princ.
919 5399 1020 5462 Citer.
