5466 7106
641 543 710 618 llo
1296 547 1468 622 cobbx
1511 551 1777 629 cevbbsls

587 773 667 842 otus
682 789 761 842 sum
776 789 859 842 oum
876 771 1063 860 iaquintus
1083 772 1236 842 olerious
1257 792 1429 862 germano
1452 795 1551 847 meus
1568 783 1604 848 et
1620 781 1725 850 auria
1739 787 1865 872 nepote
1878 787 2016 872 nostra,
2027 781 2104 856 iilia
2120 785 2299 873 quondam
2315 787 2440 873 oioeri,

586 924 650 1014 qui
674 924 744 992 ibit
767 943 982 1013 germanum
1006 929 1195 1013 nostrum,
1219 928 1256 997 et
1278 945 1359 995 eum
1382 929 1462 1017 ipsa
1485 929 1590 1001 auria
1613 930 1736 1002 adesse
1760 931 1920 1002 ademari
1944 933 2110 1004 notarius
2133 936 2323 1009 advocator
2350 941 2443 1028 eius,

587 1082 736 1168 propter
759 1079 805 1148 ad
829 1079 1061 1148 dividendum
1084 1080 1180 1149 inter
1203 1098 1268 1147 nos
1291 1083 1392 1151 terra
1415 1100 1497 1150 oum
1520 1101 1606 1152 casa
1631 1084 1765 1153 laurita
1788 1084 1945 1154 solerata
1968 1084 2011 1152 de
2046 1085 2145 1154 intus
2168 1090 2262 1156 bano
2295 1089 2447 1158 salerni-

576 1236 714 1302 tanam
729 1231 928 1320 ciuitatem,
945 1251 1013 1320 que
1028 1233 1097 1302 fuit
1112 1235 1221 1304 ciceri
1244 1233 1399 1323 genitori
1424 1239 1460 1304 et
1482 1237 1564 1305 abio
1590 1238 1712 1304 nostro
1735 1255 1805 1323 que
1827 1254 2012 1306 commune
2036 1239 2124 1308 abeo
2147 1258 2228 1307 oum
2250 1239 2368 1328 ipsum
2392 1241 2444 1310 ia·

588 1382 739 1469 quintus
761 1381 913 1451 olerious
936 1388 973 1453 et
996 1402 1077 1451 eum
1101 1383 1180 1473 ipsa
1204 1387 1322 1475 auria,
1338 1389 1400 1474 qui
1423 1390 1478 1456 est
1494 1407 1557 1476 per
1574 1387 1727 1458 latitudo
1750 1390 1855 1477 pedes
1870 1391 1990 1461 decem
2006 1396 2043 1461 et
2056 1395 2241 1464 summisse
2265 1415 2388 1485 unum,
2406 1403 2443 1467 et

595 1551 662 1620 per
685 1533 871 1621 longitudo
894 1535 1000 1622 pedes
1023 1536 1157 1624 biginti
1181 1538 1250 1605 duo
1273 1542 1309 1606 et
1332 1539 1531 1626 summisse,
1548 1540 1611 1625 qui
1633 1539 1679 1609 de
1701 1559 1786 1627 pars
1808 1541 1957 1610 meridie
1980 1543 2173 1614 coniuncta
2195 1549 2249 1613 est
2272 1547 2318 1616 ad
2342 1565 2444 1617 muro

584 1692 623 1758 et
646 1690 692 1760 da
716 1708 801 1777 pars
824 1693 1091 1777 septemtrionis
1114 1692 1306 1761 coniuncta
1328 1695 1380 1760 est
1404 1691 1450 1761 ad
1473 1690 1639 1760 anditum
1662 1694 1824 1760 nostrum
1847 1711 2042 1764 commune.
2067 1694 2165 1762 Unde
2195 1693 2269 1783 ipse
2299 1695 2443 1784 iaquin-

588 1841 653 1907 tus
677 1838 829 1908 clericus
853 1840 981 1910 dividit
1004 1842 1082 1930 ipsa
1105 1846 1205 1912 terra
1228 1862 1309 1911 oum
1331 1860 1415 1912 oasa
1439 1846 1475 1910 et
1498 1841 1582 1910 iecit
1605 1842 1688 1910 inde
1712 1847 1783 1910 tres
1807 1843 1933 1931 sortis3
1958 1863 2031 1914 una
2054 1845 2093 1912 in
2116 1865 2201 1932 pars
2223 1851 2445 1934 septemtrio-

592 1992 651 2060 nis
673 1995 867 2064 ooniunota
890 1995 936 2064 ad
960 1994 1037 2083 ipso
1059 1995 1237 2072 anditum,
1263 1994 1336 2064 alia
1359 1994 1398 2061 in
1421 2013 1505 2081 pars
1527 1993 1676 2062 meridie
1699 1995 1891 2064 coniuncta
1908 1995 1953 2064 ad
1969 1995 2046 2082 ipso
2061 2013 2180 2085 muro,
2196 1997 2305 2066 tertia
2322 2001 2444 2068 autem

589 2153 689 2219 sorte
713 2151 798 2220 fecit
822 2151 860 2218 in
884 2151 1039 2222 medium
1062 2152 1159 2221 inter
1181 2154 1284 2221 ambo
1308 2153 1384 2238 ipse
1406 2151 1523 2218 sortis.
1548 2151 1616 2219 lste
1638 2153 1712 2219 tres
1735 2150 1840 2219 sortis
1844 2198 2085 2218 ..........
2110 2151 2208 2221 siant
2230 2155 2329 2222 omni
2356 2159 2447 2224 tem-

591 2317 675 2385 pore
700 2301 746 2369 ad
768 2302 895 2388 equale
919 2301 1116 2389 mensoria,
1139 2304 1281 2370 tantum
1303 2302 1400 2368 omni
1422 2305 1579 2389 tempore
1602 2305 1704 2372 ambe
1726 2303 1803 2391 ipse
1826 2305 1946 2390 sortis,
1962 2303 2040 2390 ipsa
2056 2303 2222 2374 mediana
2244 2308 2281 2374 et
2307 2305 2386 2392 ipsa
2417 2326 2441 2376 a

591 2472 677 2540 pars
699 2455 965 2542 septemtrionis
988 2456 1096 2525 deant
1101 2503 1367 2523 ...........
1393 2476 1416 2525 a
1438 2459 1541 2543 parte
1564 2455 1756 2526 occidentis
1779 2475 1842 2544 per
1866 2456 2018 2526 latitudo
2042 2457 2081 2524 in
2104 2457 2200 2526 omni
2231 2459 2307 2526 loeo
2336 2459 2443 2546 pedes

591 2606 663 2674 duo
686 2613 722 2675 et
746 2607 965 2696 summisse,
989 2614 1024 2677 et
1046 2627 1110 2694 per
1134 2607 1319 2696 longitudo
1342 2629 1364 2677 a
1387 2609 1561 2694 completa
1585 2597 1663 2696 ipsa¹
1686 2608 1839 2676 sortione
1862 2607 1909 2676 da
1932 2607 2083 2677 meridie
2106 2626 2219 2695 usque
2243 2611 2319 2696 ipso
2346 2610 2448 2679 andi·

591 2769 669 2831 tum
693 2783 906 2851 commune,
943 2765 1003 2852 qui
1029 2768 1083 2832 est
1107 2765 1146 2832 in
1169 2769 1270 2851 parte
1293 2762 1583 2850 septemtrionis,
1618 2764 1852 2831 communiter
1875 2763 1981 2831 amba
2003 2761 2081 2849 ipsa
2105 2763 2231 2833 andita
2262 2766 2357 2834 inter
2381 2783 2446 2834 nos

592 2917 714 2984 bomni
739 2921 896 3004 tempore
920 2917 1098 2986 abendum
1123 2936 1146 2985 a
1168 2921 1266 2984 terra
1289 2921 1324 2984 et
1347 2934 1458 3001 usque
1480 2917 1557 3002 ipso
1580 2917 1774 2984 astraoum.
1793 2915 1837 2982 Et
1852 2914 1895 2981 de
1911 2933 2017 3002 super
2039 2917 2115 3002 ipso
2139 2921 2319 2984 astraoum
2344 2917 2446 2986 simi-

591 3071 678 3140 liter
703 3069 787 3137 leoit
810 3071 853 3137 de
878 3071 957 3157 ipsa
980 3089 1064 3139 oasa
1087 3068 1157 3138 alie
1180 3071 1253 3136 tres
1275 3070 1392 3137 sortis.
1415 3071 1494 3137 Una
1517 3068 1556 3134 in
1579 3073 1682 3156 parte
1706 3069 1856 3137 meridie
1879 3070 2071 3138 coniuncta
2094 3069 2138 3174 ad
2155 3069 2313 3156 prediolo
2330 3089 2446 3156 muro,

591 3219 668 3290 alia
692 3222 731 3288 in
754 3220 940 3307 medium,
975 3221 1085 3290 tertia
1107 3237 1192 3288 vero
1215 3223 1255 3288 in
1278 3225 1381 3307 parte
1405 3221 1668 3306 septemtrionis
1687 3271 1697 3307 ,
1732 3227 1768 3289 et
1791 3221 1863 3289 ista
1886 3223 1980 3289 sorte
2003 3241 2026 3289 a
2049 3225 2151 3308 parte
2174 3220 2444 3308 septemtrionis

594 3392 734 3461 semper
758 3374 873 3443 abead
895 3375 938 3442 de
963 3373 1038 3461 ipso
1060 3375 1288 3443 mineaneum
1311 3379 1385 3441 tres
1401 3373 1506 3461 pedes
1533 3391 1596 3459 per
1624 3372 1774 3440 latitudo
1801 3375 1838 3439 et
1853 3391 1916 3458 per
1941 3372 2138 3459 longitudo,
2166 3378 2344 3459 quantum
2372 3376 2448 3462 ipso

591 3525 821 3594 mineaneum
846 3526 1076 3595 coniunctum
1101 3531 1156 3595 est
1178 3525 1224 3597 ad
1247 3526 1325 3612 ipsa
1348 3529 1470 3612 sorte,
1494 3529 1530 3593 et
1553 3525 1628 3610 ipse
1664 3527 1738 3590 tres
1773 3522 1880 3590 sortis
1914 3523 2009 3590 omni
2045 3527 2202 3612 tempore
2236 3525 2282 3593 ad
2318 3527 2447 3614 equale

590 3681 773 3749 mensuria
809 3679 930 3766 siant,
959 3685 996 3748 et
1031 3683 1204 3767 quantum
1240 3677 1360 3746 restad
1395 3677 1438 3744 de
1471 3677 1548 3762 ipso
1570 3676 1801 3744 mineaneum
1826 3676 1864 3742 in
1890 3681 1991 3762 parte
2016 3677 2280 3762 septemtrionis
2310 3679 2449 3750 dimisi-

591 3851 672 3900 mus
708 3832 789 3902 illut
825 3850 888 3918 pro
918 3831 1081 3902 anditum
1105 3847 1304 3897 commune.
1330 3827 1503 3897 Similiter
1527 3831 1563 3896 et
1593 3827 1731 3898 dimisit
1765 3828 1929 3898 anditum
1964 3848 1986 3898 a
2019 3833 2123 3917 parte
2158 3829 2350 3900 occidentis
2384 3852 2448 3921 per

593 3989 699 4055 ambo
722 3987 796 4074 ipse
820 3986 926 4055 sortis
948 4006 970 4056 a
994 3985 1168 4072 completa
1192 3985 1271 4072 ipsa
1295 3987 1390 4052 sorte
1413 3983 1460 4054 da
1493 3982 1642 4051 meridie
1673 3999 1785 4069 usque
1812 3982 1886 4067 ipso
1917 3982 2080 4052 anditum
2111 4001 2329 4076 commune,
2353 3987 2448 4073 qnod

595 4158 659 4228 per
683 4139 760 4228 ipso
783 4140 1011 4210 mineaneum
1035 4138 1170 4208 dimisit
1191 4156 1254 4224 per
1277 4137 1430 4206 latitudo
1454 4135 1518 4205 alii
1542 4136 1629 4204 duos
1652 4137 1757 4224 pedes
1781 4141 1817 4206 et
1840 4137 2050 4225 summisse,
2074 4141 2181 4209 amba
2205 4141 2283 4228 ipsa
2318 4140 2444 4212 andita

591 4311 654 4382 per
677 4292 849 4363 solarium
871 4297 907 4362 et
929 4293 1118 4360 mineaneo
1141 4307 1326 4358 commune
1350 4287 1449 4357 siant
1465 4289 1560 4356 inter
1582 4305 1647 4355 nos
1671 4288 1767 4356 omni
1790 4293 1948 4376 tempore
1964 4290 2226 4358 ascendendum
2251 4295 2286 4360 et
2301 4291 2449 4360 descen-

588 4445 746 4514 dendum
770 4464 910 4532 semper
933 4463 997 4513 nos
1021 4443 1086 4513 toti
1110 4447 1146 4512 et
1169 4441 1300 4510 nostris
1323 4441 1489 4511 eredibus
1524 4459 1587 4528 per
1624 4441 1702 4529 ipsa
1737 4441 1862 4530 soala,
1894 4441 1956 4529 qui
1979 4441 2080 4510 modo
2103 4442 2142 4509 in
2174 4444 2250 4530 ipso
2282 4443 2448 4512 anditum

591 4601 708 4688 posita
730 4605 812 4688 est,
837 4601 976 4688 etipsa
999 4599 1155 4669 sortione
1179 4616 1201 4666 a
1224 4595 1373 4664 meridie
1395 4594 1508 4664 abead
1532 4595 1750 4683 superfluum
1786 4594 1899 4663 vicem
1933 4599 1970 4664 et
2002 4596 2225 4681 pertinentia
2255 4597 2349 4683 quod
2385 4617 2450 4667 nos

593 4755 765 4826 habemus
788 4755 828 4822 in
851 4754 1009 4840 prediolo
1034 4769 1154 4838 muro,
1178 4753 1241 4832 el,
1264 4749 1357 4817 siout
1380 4747 1563 4836 diximus,
1588 4749 1663 4836 ipso
1686 4748 1850 4818 anditum
1873 4748 1968 4818 siant
1991 4768 2014 4818 a
2036 4751 2139 4837 parte
2163 4744 2358 4818 occidentis
2382 4768 2448 4838 per

594 4911 700 4980 ambo
724 4909 800 4996 ipse
825 4907 993 4977 sortionis
1016 4927 1038 4975 a
1060 4908 1159 4975 terra
1183 4909 1218 4973 et
1241 4921 1352 4990 usque
1375 4901 1451 4990 ipso
1474 4907 1670 4990 astracum,
1692 4909 1729 4973 et
1751 4921 1814 4991 per
1838 4903 1914 4991 ipso
1936 4907 2118 4973 astraoum
2140 4902 2308 4972 similiter
2332 4902 2449 4972 alium

592 5065 704 5134 talem
726 5063 915 5148 anditum;
939 5066 975 5131 et
1000 5062 1031 5128 si
1054 5078 1238 5130 necessum
1261 5059 1398 5146 suerit,
1423 5062 1463 5127 ut
1486 5057 1593 5127 sortis
1616 5058 1692 5145 ipse
1726 5056 1766 5124 in
1798 5057 1913 5126 alium
1943 5057 2130 5124 menbrum
2162 5055 2277 5126 levate
2309 5057 2450 5146 fuerit,

591 5219 707 5288 aliurn
727 5217 835 5288 talem
858 5215 1024 5286 anditum
1048 5230 1187 5300 semper
1210 5213 1307 5281 siant
1330 5231 1393 5299 per
1417 5213 1521 5280 ambo
1546 5211 1621 5298 ipse
1644 5209 1765 5295 sortia,
1790 5227 1859 5296 que
1882 5227 1991 5295 supra
2013 5205 2184 5294 diximus,
2208 5209 2254 5276 ab
2281 5207 2356 5294 ipso
2378 5225 2445 5276 an·

588 5372 704 5442 ditum
727 5368 788 5458 qui
813 5373 911 5439 esta
934 5373 1035 5456 parte
1059 5365 1349 5453 septemtrionis,
1373 5369 1409 5432 et
1431 5382 1543 5451 usque
1567 5361 1645 5452 ipsa
1668 5363 1824 5431 sortione
1849 5362 1912 5448 qui
1935 5366 1989 5430 est
2016 5381 2036 5431 a
2065 5366 2168 5448 parte
2186 5361 2350 5447 meridie,
2368 5379 2443 5428 om-

595 5527 636 5594 ni
659 5529 819 5613 tempore
841 5525 1004 5620 anditum
1030 5521 1145 5609 ipsum
1169 5523 1263 5592 inter
1287 5539 1352 5589 nos
1374 5523 1410 5589 et
1433 5523 1566 5590 nostris
1588 5521 1752 5590 eredibus
1784 5516 2020 5588 communiter
2051 5519 2220 5586 abeamus
2247 5517 2293 5586 ad
2325 5518 2448 5604 ingre-

589 5678 760 5746 diendum
776 5683 812 5747 et
828 5675 1116 5764 regrediendum.
1134 5677 1179 5743 Et
1201 5692 1338 5760 semper
1361 5693 1454 5761 aqua
1478 5673 1646 5761 pluviale,
1669 5693 1737 5761 que
1760 5671 1968 5742 discursorit
1984 5671 2027 5742 de
2044 5675 2180 5740 tectum
2201 5671 2244 5740 de
2269 5671 2348 5759 ipsa
2372 5689 2455 5739 sor-

589 5828 688 5897 tione
711 5827 890 5914 mediana,
914 5825 1121 5896 discurrant
1138 5825 1175 5892 in
1190 5828 1291 5911 parte
1315 5822 1521 5911 occidentis,
1536 5829 1572 5894 et
1596 5823 1654 5892 ille
1672 5826 1731 5912 qui
1751 5825 1827 5912 ipsa
1842 5822 1998 5893 sortione
2014 5825 2332 5912 compreenserint
2353 5841 2448 5893 sem-
