5466 7106
989 589 1440 668 nlrlolllrlcns
2050 597 2097 666 85

296 809 386 884 meis
410 814 605 884 secundum
628 815 788 884 eamdem
812 816 927 906 legem
945 837 1009 905 per
1025 821 1119 888 hanc
1136 837 1275 907 quoque
1299 819 1466 888 videlicet
1482 819 1658 889 cartulam
1675 820 1896 890 vindedimus
1913 819 1979 887 tibi
1996 819 2143 889 michali

295 969 442 1038 macedo
465 973 502 1038 et
524 987 639 1040 comes
657 971 835 1058 integram
852 969 930 1058 ipsa
946 971 1118 1041 iamdicta
1133 973 1248 1060 lobea,
1265 975 1423 1061 qualiter
1441 973 1653 1062 prelegitur.
1675 973 1773 1043 Unde
1798 991 1863 1044 nec
1881 941 1995 1051 nobis,
2011 991 2077 1042 neo
2099 975 2146 1044 ad

295 1124 465 1194 eredibus
479 1125 624 1212 nostris,
641 1142 756 1211 neque
772 1123 818 1192 ad
833 1121 971 1192 nullum
988 1123 1195 1212 quempiam
1211 1125 1388 1195 hominem
1413 1127 1463 1196 ibi
1484 1127 1608 1214 aliqua
1623 1129 1739 1216 portio
1756 1126 2017 1197 reserbabimus
2029 1128 2149 1214 requi-

292 1277 408 1346 rendi.
436 1279 520 1366 Set,
544 1278 702 1364 qualiter
724 1277 906 1349 edificiate
930 1281 983 1346 est
1006 1281 1084 1366 ipsa
1109 1278 1278 1350 iamdicta
1301 1281 1403 1349 lobea
1428 1299 1501 1350 una
1524 1300 1605 1348 cum
1628 1282 1791 1348 omnibus
1815 1281 1889 1349 suis
1917 1279 2149 1369 pertinentiis

294 1435 335 1498 et
361 1429 725 1516 remeliorationinus,
750 1429 906 1516 integra,
931 1429 1088 1515 qualiter
1111 1429 1321 1518 prelegitur,
1347 1431 1425 1518 ipsa
1449 1432 1619 1501 iamdicta
1643 1432 1744 1501 fobea
1767 1431 2059 1500 benumdedimus
2083 1429 2150 1498 tibi

300 1581 502 1652 cuiusdicto
526 1583 679 1670 emptori
704 1589 824 1652 nostro
848 1583 1108 1670 possidendum.
1134 1585 1181 1650 De
1205 1600 1274 1668 quo
1290 1582 1724 1670 proconstabiliscendam
1748 1586 1840 1652 hanc
1863 1586 2023 1650 nostram
2034 1581 2151 1652 vindi-

296 1738 435 1806 tionem
458 1738 643 1807 manifesti
668 1755 819 1824 sumus,
844 1738 936 1824 quod
959 1758 982 1806 a
1004 1742 1205 1825 presentem
1228 1735 1471 1822 recepimusa
1501 1739 1535 1802 te
1571 1735 1729 1821 predicto
1764 1740 1956 1822 emptorem
1990 1739 2150 1803 nostrum

296 1909 410 1959 unum
434 1911 585 1962 aureum
610 1893 761 1960 solidum
784 1891 974 1960 sotericum
998 1891 1205 1960 holotarcho
1228 1909 1359 1958 vonum
1382 1910 1445 1977 per
1467 1895 1598 1978 caput:
1629 1891 1771 1958 finitum
1794 1895 1848 1958 est
1871 1889 1992 1976 enim,
2022 1891 2075 1958 Ea
2100 1891 2152 1957 vi-

217 2135 222 2142 ·
297 2045 427 2116 delicet
449 2045 603 2133 ratione,
621 2049 661 2113 ut
676 2045 801 2114 amodo
824 2048 860 2113 et
883 2061 1020 2132 semper
1043 2043 1201 2112 eamdem
1224 2045 1383 2110 nostram
1405 2009 1651 2127 vinditionem,
1669 2060 1737 2128 que
1753 2042 1965 2128 prelegitur,
1982 2043 2090 2110 abere
2116 2049 2152 2112 et

300 2201 481 2290 possidere
504 2204 540 2268 et
563 2199 749 2269 dominare
771 2198 937 2284 baleatis,
961 2201 997 2266 et
1019 2195 1162 2266 faciatis
1185 2195 1329 2281 exinde,
1354 2195 1662 2280 quemammodum
1678 2197 1744 2263 tua
1767 2198 1802 2263 et
1825 2193 1868 2262 de
1893 2195 1965 2262 tuis
1987 2195 2173 2264 eredibus

299 2354 411 2422 luerit
435 2353 675 2442 volumptate,
699 2353 777 2422 sine
800 2354 924 2418 nostra
948 2349 1051 2418 etde
1074 2347 1205 2417 nostris
1229 2348 1394 2428 eredibus
1410 2343 1700 2434 requisitionem.
1724 2349 1824 2417 Unde
1847 2340 1982 2436 guadia
2004 2349 2071 2419 tibi
2094 2349 2154 2419 de-

298 2507 429 2598 dimus,
453 2514 489 2578 et
503 2508 734 2578 mediatorem
758 2503 824 2572 tibi
850 2503 1033 2590 posuimus
1056 2502 1229 2573 aldemari
1254 2521 1359 2570 verns
1381 2520 1577 2590 germanus
1601 2521 1714 2588 meus3
1747 2506 1783 2570 et
1805 2502 2005 2591 obligamus
2030 2523 2094 2572 nos
2116 2509 2154 2574 et

299 2669 439 2732 nostros
463 2662 664 2750 obligamus
687 2661 809 2729 eredes
833 2659 899 2728 tibi
922 2656 1118 2726 cuiusdicto
1142 2659 1178 2723 et
1201 2659 1240 2724 at
1263 2653 1335 2722 tuis
1359 2653 1559 2740 obligamus
1581 2654 1765 2740 eredibus,
1795 2661 1835 2724 ut
1863 2655 1906 2725 de
1934 2676 2002 2725 ano
2027 2661 2153 2727 nostra

301 2817 501 2888 vinditione
527 2816 627 2884 vobis
661 2815 758 2883 omni
796 2818 954 2899 tempore
977 2810 1185 2878 defensores·
1201 2807 1347 2875 siamus.
1385 2806 1482 2882 Quod
1515 2807 1545 2874 si
1570 2805 1811 2895 noluerimuS,
1835 2813 1898 2876 aut
1921 2811 1951 2878 si
1976 2827 2040 2876 nos
2064 2809 2153 2897 ipsis

302 2992 366 3058 per
390 2971 518 3059 quavis
542 2967 729 3054 ingenium
744 2967 839 3034 hanc
854 2967 1012 3032 nostram
1035 2961 1269 3029 vinditionem
1285 2958 1384 3027 vobis
1401 2963 1600 3034 retornare,
1625 2963 1689 3028 aut
1706 2961 1888 3029 remobere
1903 2962 2152 3049 quesierimus

299 3144 365 3194 seu
387 3125 573 3194 defensare
596 3117 840 3206 noluerimus,
871 3115 996 3205 primis
1025 3115 1183 3183 omnium
1207 3111 1345 3200 questio
1368 3117 1490 3182 nostra
1514 3111 1636 3180 inanis
1659 3111 1707 3179 sit
1731 3117 1767 3180 et
1790 3116 1929 3199 baoua,
1960 3119 1995 3182 et
2028 3115 2148 3184 decem

301 3280 404 3351 aurei
438 3278 541 3348 solidi
576 3294 640 3344 nos
674 3281 711 3344 et
734 3278 871 3342 nostros
893 3271 1016 3341 eredes
1039 3266 1138 3337 vobis
1161 3267 1358 3353 vestrisque
1380 3265 1546 3335 eredibus
1570 3263 1785 3353 componere
1804 3267 2029 3355 obligamus3
2054 3274 2090 3338 et
2114 3270 2153 3336 in

302 3439 411 3504 antea
433 3431 536 3501 taciti
560 3433 597 3498 et
621 3427 757 3496 contusi
782 3443 990 3496 maneamus
1013 3442 1076 3510 per
1102 3421 1226 3489 invitis
1250 3439 1313 3508 per
1337 3419 1542 3506 supradicta
1565 3419 1699 3507 guadia
1722 3423 1759 3487 et
1790 3421 1999 3491 iamdictum
2022 3422 2155 3492 media-

300 3596 435 3675 torem,
458 3583 520 3674 qui
545 3602 582 3652 se
605 3582 734 3650 tribuit
756 3580 856 3647 vobis
879 3577 925 3646 ad
947 3573 1211 3665 pignerandum
1234 3571 1356 3640 omnia
1380 3573 1556 3660 pingnera
1580 3590 1644 3639 sua
1672 3571 1833 3658 legitima
1857 3577 1894 3641 et
1918 3574 2154 3663 inlegitima,

302 3740 498 3828 tampdium
521 3738 631 3806 donec
647 3753 710 3823 per
728 3732 852 3800 invitis
875 3729 1133 3816 adimpleamus
1156 3726 1254 3793 vobis
1278 3727 1372 3794 iusta
1392 3725 1471 3792 nius
1487 3728 1617 3794 testum
1632 3727 1784 3794 cartule.
1802 3727 1912 3802 Quem
1928 3731 1962 3796 te
1976 3727 2154 3798 deusdede

304 3899 495 3970 diaconum
528 3899 565 3964 et
595 3893 777 3962 notarium
800 3892 895 3958 hanc
918 3885 1093 3956 cartulam
1118 3886 1236 3950 nostre
1260 3879 1471 3950 binditionis
1495 3881 1691 3950 asscribere
1715 3880 1941 3970 rogabimus,
1967 3887 2089 3952 actum
2113 3885 2154 3953 in

296 4053 449 4125 civitate
473 4051 611 4121 luceria
634 4049 696 4134 qui
721 4052 757 4115 et
779 4042 944 4128 interfui,
967 4055 1089 4109 mense
1113 4041 1149 4104 et
1171 4033 1365 4103 indictione
1389 4031 1623 4120 superscripsi
1648 4031 1814 4102 feliciter.

351 4188 382 4305 †
406 4217 481 4295 Ego
505 4204 568 4294 qui
592 4219 704 4291 supra
726 4198 879 4288 agellrid
904 4196 1002 4266 iudes

346 4340 379 4458 †
406 4369 480 4454 Ego
504 4367 584 4452 poto
608 4362 710 4428 teste.

1091 4860 1369 4944 DGCLIX.

1087 5157 1142 5232 A.
1171 5154 1221 5230 D.
1251 5149 1378 5231 1025.

355 5377 390 5518 †
416 5431 457 5494 ln
482 5426 625 5495 nomine
649 5421 781 5492 domini
806 5419 986 5488 tricesimo
1010 5419 1110 5485 sexto
1127 5431 1220 5484 anno
1237 5411 1459 5499 principatus
1480 5411 1601 5479 domni
1626 5414 1738 5480 nostri
1762 5412 1961 5499 Guaimari,
1979 5417 2023 5482 Et
2048 5417 2155 5483 sabti-

302 5600 364 5651 mo
392 5598 489 5650 anno
511 5578 738 5666 principatus
760 5573 877 5642 domni
901 5569 1085 5640 Guaimari
1109 5567 1186 5636 eius
1209 5565 1295 5652 filio,
1312 5563 1456 5650 gloriosi
1483 5561 1717 5650 principibus,
1734 5583 1854 5633 mense
1879 5565 2082 5655 ianuariuS,
2100 5586 2158 5637 oc-

304 5741 393 5809 taba
419 5733 630 5804 indictione.
657 5731 806 5815 Ideoque
829 5743 895 5812 ego
918 5723 1023 5792 lando
1047 5722 1142 5790 tilius
1165 5719 1344 5806 quondam
1369 5717 1526 5805 landoni,
1543 5734 1583 5784 eo
1609 5717 1701 5803 quod
1725 5723 1808 5787 ante
1824 5701 2018 5807 subscripti
2036 5725 2156 5812 testes,

301 5889 516 5961 sicut.mihi
540 5903 738 5973 congruum
761 5885 827 5968 est,
852 5896 930 5947 mea
955 5875 1086 5943 etenim
1110 5871 1303 5940 volumtate
1325 5887 1388 5957 por
1412 5887 1481 5938 anc
1503 5868 1679 5938 cartulam
1705 5887 1768 5956 pro
1793 5889 1912 5938 amore
1935 5873 2157 5960 omnipoten-
