5466 7106
608 565 654 638 84
1227 567 1410 641 donax
1450 569 1717 645 CAVENSIS

557 763 621 860 tes·
635 789 773 860 delunti
798 791 920 879 fuerit,
946 790 1074 862 inclita
1097 792 1300 880 supradicta
1322 794 1493 865 tradictio
1511 799 1643 867 abeant
1659 798 1740 867 illut
1755 799 1817 886 qui
1834 798 1956 867 bibum
1972 795 2202 886 remanserit,
2219 795 2412 867 tenendum

558 948 594 1012 et
618 946 813 1032 regendum
837 946 962 1015 dicbus
986 946 1058 1015 vite
1084 947 1240 1035 illorum,
1264 947 1358 1016 sicut
1381 967 1492 1036 supra
1516 949 1675 1038 legitur3
1700 953 1736 1019 et
1759 951 1865 1037 quale
1888 955 2044 1039 tempore
2068 951 2147 1039 ipsa
2170 948 2319 1019 ecclesia
2334 968 2414 1016 cum

562 1099 660 1167 omni
685 1117 751 1170 sua
775 1100 995 1188 pertinentia
1019 1104 1141 1170 tenere
1165 1104 1201 1169 et
1225 1119 1351 1188 regere
1375 1100 1450 1168 illis
1473 1118 1546 1166 non
1569 1099 1763 1187 voluerint,
1788 1101 1953 1170 revertad
1977 1102 2079 1170 nobis
2095 1101 2159 1171 illa
2175 1105 2211 1169 et
2225 1100 2271 1170 ad
2286 1101 2417 1169 nostris

564 1255 731 1323 eredibus
755 1273 837 1322 cum
860 1255 976 1322 omnis
998 1253 1170 1323 iamdicta
1195 1253 1366 1340 capitula,
1391 1256 1427 1321 et
1452 1252 1585 1325 liceant
1608 1255 1681 1323 illis
1699 1255 1782 1324 inde
1797 1255 1898 1324 exire
1914 1274 1996 1322 cum
2013 1255 2128 1322 omnis
2145 1254 2287 1323 illorum
2310 1272 2420 1324 causa

563 1406 723 1494 movilia,
748 1404 841 1493 quod
864 1405 938 1473 illis
962 1403 1094 1473 ibidem
1117 1405 1288 1474 abuerint
1310 1408 1346 1472 et
1371 1404 1441 1474 iret
1463 1424 1545 1472 cum
1568 1405 1651 1474 illut
1674 1407 1737 1474 ubi
1760 1406 1960 1484 voluerint,
1985 1409 2063 1475 sine
2086 1407 2203 1475 omnis
2225 1407 2421 1476 contrarie·

565 1563 641 1628 tate
665 1563 788 1628 nostra
810 1562 846 1626 et
868 1559 912 1627 de
935 1559 1071 1627 nostris
1095 1558 1271 1628 eredibus.
1304 1558 1402 1627 Unde
1436 1578 1500 1647 pro
1530 1557 1652 1628 taliter
1675 1577 1739 1646 per
1762 1579 1856 1628 vona
1879 1561 2130 1630 convenientia
2152 1561 2289 1648 guadia
2318 1561 2421 1627 nobis

568 1709 637 1798 ipsi
662 1711 756 1780 mari
781 1679 973 1798 presbiteri
998 1714 1034 1779 et
1056 1707 1177 1778 abbati
1203 1713 1240 1779 et
1262 1709 1391 1779 stefani
1416 1711 1545 1780 clerico
1568 1710 1741 1781 dederunt
1753 1765 1763 1801 ‚
1789 1718 1824 1782 et
1846 1714 2075 1783 mediatorem
2100 1712 2203 1780 nobis
2226 1717 2422 1800 posuerunt

567 1864 744 1934 iohannes
769 1862 866 1930 filius
889 1860 1066 1948 quondam
1072 1908 1291 1929 ........
1309 1863 1371 1947 qui
1394 1863 1527 1931 dicitur
1549 1865 1710 1950 grisonte
1723 1886 1734 1952 ;
1760 1865 1805 1951 let
1834 1885 1897 1952 per
1921 1865 2000 1952 ipsa
2021 1864 2156 1954 guadia
2179 1870 2242 1934 cto.
2275 1867 2423 1934 Statntu

529 2022 703 2096 ,mulcta
727 2019 885 2106 triptota
909 2019 995 2084 anit
1020 2017 1215 2085 solidorum
1242 2018 1482 2086 Constantini.
1509 2019 1554 2084 Et
1578 2037 1648 2086 unc
1672 2020 1814 2088 brebem
1838 2019 1965 2106 scripsi
1988 2037 2054 2107 ego
2070 2023 2191 2106 petrus
2213 2021 2364 2089 clericus
2388 2023 2423 2086 et

566 2173 740 2244 notarius.

614 2301 644 2417 †
670 2330 747 2416 Ego
770 2327 965 2396 lambertus
991 2327 1104 2396 iudex

616 2455 926 2570 †Qmm.

1286 2731 1415 2740 μ...-
1419 2729 1569 2737 —-—---—---
1575 2728 1582 2732 -
1587 2726 1691 2733 ——-—--

1332 2995 1656 3077 DCCLVIII.

1334 3259 1390 3336 A.
1418 3257 1469 3335 D.
1498 3257 1629 3338 1024.

616 3501 652 3640 †
678 3553 717 3617 ln
741 3551 884 3618 nomine
906 3548 1040 3618 domini
1064 3549 1191 3618 domno
1214 3547 1317 3617 basili
1343 3547 1468 3615 dibina
1492 3548 1614 3634 gratia
1639 3549 1832 3636 imperator
1855 3553 2021 3637 augusto,
2046 3549 2110 3616 deo
2132 3551 2336 3636 propitius,
2369 3569 2425 3616 sc-

571 3707 756 3796 xagesimo
781 3708 932 3774 hoctabo
956 3723 1051 3774 anno
1075 3704 1216 3792 imperii
1239 3703 1328 3790 ciue,
1353 3708 1492 3772 etcum
1516 3722 1557 3771 eo
1581 3708 1756 3790 regnante
1779 3705 1906 3771 domno
1929 3704 2158 3772 constantino
2188 3704 2301 3772 frater
2326 3705 2423 3790 ciue,

572 3857 811 3928 sanctissimis
836 3858 1113 3945 imperatoribus
1138 3857 1281 3944 nostrie,
1299 3873 1419 3924 mense
1436 3856 1629 3943 decembri,
1647 3858 1798 3926 hoctaba
1814 3855 2020 3924 indictione.
2047 3855 2195 3942 Ideoque
2211 3875 2277 3943 ego
2294 3858 2350 3924 vir
2364 3876 2425 3923 no-

573 4015 672 4082 mine
687 4017 809 4100 petrus
831 4012 928 4079 filius
951 4013 1129 4098 quondam
1153 4009 1315 4080 sadeilrit
1339 4008 1483 4094 iudicis,
1507 4010 1570 4095 qui
1594 4027 1673 4075 sum
1696 4013 1953 4077 commorantes
1976 4011 2075 4077 intus
2099 4009 2246 4078 cibitate
2271 4009 2425 4096 luceria,

575 4167 718 4236 declaro
741 4167 837 4236 enim
862 4166 962 4236 intus
979 4167 1017 4234 in
1034 4185 1101 4236 anc
1117 4165 1277 4252 predicta
1299 4161 1448 4231 cibitate
1472 4159 1608 4230 luceria
1632 4165 1716 4230 ante
1738 4161 1955 4246 presentiam
1978 4163 2125 4248 agellrit
2143 4162 2272 4230 iudicis
2288 4169 2324 4232 et
2343 4164 2425 4234 aliis

577 4322 771 4390 nobiliores
793 4319 1013 4406 hominibuS,
1027 4319 1089 4406 qui
1113 4320 1172 4386 hic
1196 4321 1319 4387 subter
1342 4315 1534 4403 conscripti
1553 4320 1651 4402 sunt,
1667 4313 1752 4400 quia
1767 4315 2006 4401 pertinentem
2032 4316 2142 4384 michi
2166 4319 2253 4384 abeo
2276 4337 2322 4386 ex
2346 4337 2425 4404 pre-

573 4475 673 4546 dicto
696 4475 895 4562 genitorem
921 4491 1038 4542 meum
1062 4491 1137 4541 una
1159 4473 1260 4540 fobea
1283 4471 1326 4538 de
1348 4468 1573 4555 victualium,
1589 4467 1803 4535 mittendum
1827 4467 1925 4533 intus
1941 4465 1980 4533 in
1996 4485 2064 4535 anc
2079 4469 2275 4554 predictam
2301 4473 2422 4540 urbem

579 4630 755 4698 luceriam
775 4628 874 4708 ,iusta
897 4629 973 4714 ipsa
997 4624 1119 4712 platea
1141 4623 1283 4712 puplica
1307 4621 1403 4689 insra
1427 4639 1510 4690 casa
1533 4619 1702 4706 godelferi
1727 4619 1792 4686 filii
1817 4619 1956 4689 dauleri
1973 4621 2011 4687 in
2028 4620 2104 4708 ipso
2127 4622 2261 4710 angulo
2285 4623 2327 4693 de
2351 4623 2426 4711 ipso

581 4783 713 4868 basile,
730 4783 790 4868 qui
815 4781 884 4848 suit
906 4779 1059 4867 predicti
1081 4775 1239 4866 genitori
1262 4791 1353 4862 me0,
1371 4773 1466 4843 iusta
1489 4773 1564 4861 ipse
1589 4774 1686 4841 fobee
1710 4775 1803 4861 petri
1826 4774 1981 4863 episcopi
2004 4779 2040 4844 et
2063 4775 2237 4845 adelberti
2261 4778 2327 4846 filii
2351 4797 2427 4847 mu-

578 4937 683 5008 sandi
706 4933 973 5022 prospatharii,
1002 4951 1071 5020 que
1102 4929 1230 4999 isdicta
1252 4930 1354 4998 fobea
1378 4947 1441 5016 pro
1465 4931 1554 4998 meis
1577 4909 1850 5001 necessitatibus
1873 4933 2118 5020 peragendum
2145 4931 2257 5001 michi
2282 4933 2429 5002 vindere

579 5107 780 5176 congruum
798 5095 851 5157 est
866 5047 903 5156 et
926 5107 1006 5156 mea
1022 5085 1250 5172 congruitate
1272 5083 1539 5172 perficiendam.
1564 5082 1679 5158 Quam
1702 5090 1738 5153 et
1754 5104 1819 5172 ego
1835 5085 1963 5152 mulier
1979 5085 2121 5154 nomine
2137 5087 2342 5175 adelborga,
2366 5090 2430 5174 qui

583 5261 661 5312 sum
679 5261 771 5314 uxor
787 5240 864 5312 eius
879 5246 915 5311 et
931 5243 1006 5312 lilia
1023 5243 1199 5327 quondam
1222 5239 1425 5326 ragemfrit,
1449 5237 1614 5324 profiteor
1638 5239 1734 5306 enim
1758 5255 1814 5303 me
1837 5242 2004 5324 quartam
2020 5241 2158 5326 partem
2176 5241 2281 5308 abere
2296 5242 2334 5307 in
2350 5241 2429 5329 ipsa

582 5397 743 5484 predicta
759 5397 881 5485 lobea,
905 5395 998 5464 sicut
1020 5398 1057 5462 et
1080 5395 1117 5462 in
1143 5390 1239 5460 omni
1263 5391 1466 5460 substantia
1488 5389 1641 5474 predicti
1666 5389 1734 5455 viri
1760 5387 1860 5476 mei,
1886 5395 1939 5458 set
1963 5392 2157 5459 secundum
2180 5393 2288 5464 edicti
2312 5397 2429 5464 tinore

581 5555 619 5622 et
644 5552 840 5638 sicutipse
865 5549 926 5618 lex
947 5566 1011 5616 nos
1035 5551 1227 5630 ammonet,
1252 5563 1326 5612 una
1353 5563 1434 5612 cum
1457 5559 1631 5610 consensu
1653 5542 1803 5630 predicti
1827 5544 1898 5611 viri
1922 5545 1991 5612 mei
2010 5551 2045 5614 et
2062 5547 2251 5634 ragemfrit
2273 5551 2428 5635 genitori

581 5703 652 5771 mei
676 5709 712 5772 et
735 5703 884 5772 alberici
908 5700 973 5768 filii
998 5697 1056 5765 offl
1079 5698 1249 5767 abunculi
1270 5697 1353 5784 mei,
1373 5696 1539 5782 quisunt
1561 5695 1744 5764 mundoalt
1761 5699 1797 5764 et
1813 5698 2133 5787 consentientibus
2151 5707 2187 5769 et
2202 5720 2266 5788 per
2282 5719 2431 5772 consen-

580 5876 662 5924 sum
685 5861 721 5925 et
745 5855 927 5926 licentiam
949 5852 1146 5940 supradicti
1171 5851 1300 5919 iudicis
1322 5853 1357 5918 et
1385 5847 1645 5935 impositionem
1670 5867 1814 5917 manum
1838 5851 1907 5920 viri
1926 5851 1996 5918 mei
2013 5855 2048 5920 et
2065 5851 2217 5939 predicti
2242 5854 2429 5926 mundoalt
