5414 7098
1048 555 1449 628 iriPLotraTlcus
2095 557 2141 626 43

328 773 577 844 antistaudum
601 779 636 842 et
658 775 913 846 defensandum
937 777 1004 846 tibi
1027 780 1150 866 tuique
1174 781 1366 850 heredibus
1376 781 1510 852 ,inclita
1525 784 1733 870 supradicta
1750 787 1876 854 nostra
1892 782 2114 852 vindictione
2141 783 2187 852 da

332 944 455 996 ornnes
479 926 642 995 homines
665 929 832 1016 omnique
854 929 1029 1017 partibus,
1046 949 1109 1018 per
1132 935 1339 1021 supradicto
1362 935 1499 1024 ordine,
1517 955 1580 1024 per
1596 937 1804 1026 supradicta
1820 936 1957 1024 guadia
1970 942 2006 1006 et
2021 936 2182 1024 obligata

332 1098 437 1168 pena.
462 1081 760 1168 verumptamen,
785 1085 821 1149 et
844 1083 911 1148 hoc
934 1083 1136 1172 recolimus,
1161 1090 1214 1174 ut,
1239 1089 1380 1174 quando
1397 1094 1438 1158 tu
1461 1090 1516 1160 vel
1542 1091 1615 1159 tuis
1637 1089 1827 1159 heredibus
1842 1089 1885 1158 de
1899 1088 2182 1176 supradictano-

332 1237 410 1301 stra
435 1231 655 1300 vindictione
678 1250 742 1300 nos
765 1234 971 1318 quesieritis
994 1239 1187 1323 auctores,
1211 1241 1250 1306 tu
1274 1243 1393 1308 autem
1416 1241 1471 1308 vel
1494 1241 1566 1308 tuis
1588 1241 1779 1309 heredibus
1803 1241 1975 1310 remittite
2002 1245 2092 1327 aput
2116 1259 2183 1307 nos

331 1383 383 1452 rei
411 1389 499 1472 aput
523 1391 662 1453 nostros
686 1389 833 1457 heredes
856 1391 959 1458 ambo
982 1390 1184 1478 supradicte
1207 1393 1359 1478 cartule,
1383 1395 1475 1478 quod
1493 1393 1593 1462 modo
1616 1393 1681 1462 tibi
1698 1393 1871 1481 dedimus,
1888 1393 2092 1462 havendum
2111 1411 2180 1461 nos

331 1535 395 1605 ilio
419 1557 529 1624 usque
552 1539 677 1607 diebus
699 1539 854 1629 triginta
877 1559 954 1618 sex,
980 1545 1016 1610 et
1038 1561 1102 1609 nos
1126 1547 1162 1610 et
1185 1547 1316 1612 nostris
1339 1545 1529 1614 heredibus
1552 1547 1773 1615 defensemus
1796 1547 1862 1614 tibi
1886 1548 2011 1634 tuique
2036 1546 2179 1615 heredi-

332 1694 399 1760 bus
423 1693 549 1762 inciita
572 1695 778 1780 supradicta
801 1701 923 1764 nostra
946 1697 1116 1766 vindictio
1139 1697 1184 1766 da
1207 1715 1328 1766 omnes
1350 1699 1512 1766 homines
1535 1699 1700 1786 omnique
1724 1701 1913 1786 partibus,
1938 1700 1985 1768 ad
2013 1700 2181 1786 completi

334 1846 407 1932 ipsi
433 1846 587 1933 triginta
609 1865 672 1915 sex
698 1848 821 1916 diebus
844 1867 907 1916 nos
931 1851 1131 1936 nostrisque
1155 1851 1276 1920 eredes
1301 1852 1522 1921 remittamus
1546 1859 1634 1940 aput
1658 1859 1706 1940 te,
1730 1853 1786 1922 vel
1810 1859 1897 1941 aput
1911 1858 1991 1922 tuos
2016 1853 2180 1938 heredes,

332 2003 437 2070 ambo
462 1999 539 2088 ipse
563 2003 700 2072 cartule
723 2005 835 2092 salve,
859 2005 1036 2074 abendum
1059 2024 1119 2072 vos
1143 2005 1203 2074 ille
1228 2006 1322 2072 omni
1346 2009 1503 2094 tempore
1527 2025 1591 2094 pro
1615 2011 1735 2076 vestra
1759 2007 1965 2076 defensione
1982 2026 2044 2094 per
2058 2026 2185 2094 supra-

334 2154 428 2223 dicta
453 2155 610 2242 ratione,
634 2176 697 2243 per
721 2158 926 2244 supradicta
949 2157 1082 2246 guadia
1105 2163 1141 2228 et
1171 2159 1331 2248 obligata
1364 2180 1469 2248 pena.
1502 2163 1547 2230 Et
1575 2162 1700 2231 taliter
1736 2163 1892 2232 scribere
1916 2163 2125 2251 rogavimus
2153 2167 2191 2228 te

336 2305 510 2374 iohannes
533 2308 685 2376 clericus
709 2313 745 2378 et
767 2313 942 2398 notariuS,
966 2313 1071 2378 hacto
1096 2312 1178 2379 uius
1202 2313 1361 2380 nucerie.

381 2431 411 2548 †
436 2463 511 2548 Ego
535 2463 594 2548 qui
621 2480 731 2550 supra
753 2465 939 2533 mirandus
964 2465 1073 2536 iudex

380 2584 410 2701 †
435 2615 509 2702 Ego
533 2614 693 2682 ademari
717 2615 881 2683 notarius
904 2633 961 2683 me
983 2616 1176 2703 subscripsi

379 2739 411 2855 †
435 2769 511 2854 Ego
533 2771 656 2854 petrus
679 2768 829 2836 clericus
852 2773 888 2837 et
912 2769 1074 2838 notarius
1099 2788 1154 2838 me
1178 2770 1386 2858 subscripsi.

1063 3321 1450 3403 DCCXXXIII·

1109 3570 1162 3644 A.
1191 3567 1241 3644 D.
1270 3565 1395 3650 1021.

375 3805 411 3946 †
434 3861 474 3924 ln
498 3860 641 3928 nomine
665 3859 799 3928 domini
823 3859 1003 3928 tricesimo
1026 3862 1132 3929 tertio
1155 3879 1249 3929 anno
1273 3859 1497 3946 principatus
1520 3859 1640 3926 domni
1656 3860 1769 3927 nostri
1786 3859 1983 3947 guaimari,
2001 3863 2037 3928 et
2062 3862 2174 3928 tertio

331 4029 427 4080 anno
451 4011 674 4100 principatus
696 4013 816 4082 domni
839 4013 1021 4101 guaimari
1044 4014 1122 4081 eius
1145 4013 1232 4100 illio,
1257 4013 1402 4100 gloriosi
1427 4014 1679 4102 principibus,
1703 4031 1823 4082 mense
1846 4017 2025 4102 agustus,
2050 4021 2184 4102 quarta

329 4167 539 4237 indictione.
564 4169 850 4237 Memoratorium
874 4168 973 4236 iactu
997 4187 1020 4236 a
1044 4167 1146 4234 nobis
1172 4167 1344 4236 iohannes
1367 4171 1404 4237 et
1427 4169 1511 4236 boni
1535 4167 1702 4257 germani
1725 4167 1792 4234 diii
1816 4169 1995 4255 quondam
2019 4169 2187 4257 iohanni,

336 4329 373 4391 ut
396 4323 583 4407 iohannes,
608 4327 643 4390 et
667 4322 778 4409 mari,
802 4327 839 4390 et
862 4340 987 4408 ursus,
1010 4325 1046 4389 et
1068 4327 1210 4390 amatus
1233 4323 1399 4408 germani
1423 4321 1490 4390 fllii
1515 4323 1694 4410 quondam
1718 4321 1896 4390 benedicti
1916 4371 1926 4409 ,
1949 4323 2121 4394 abitatori
2146 4323 2187 4391 in

338 4477 500 4566 nuceria,
528 4495 568 4545 eo
592 4477 684 4564 quod
708 4479 793 4552 anto
816 4476 999 4563 presentia
1022 4477 1143 4545 domni
1165 4473 1276 4545 amati
1299 4475 1516 4545 venerabilis
1539 4477 1661 4563 gratia
1683 4475 1740 4544 dei
1752 4476 2041 4574 archiepiscopus
2056 4479 2181 4546 sancte

338 4632 434 4700 sedis
458 4631 740 4718 archiepiscopio
764 4630 1019 4716 salernitano,
1043 4633 1080 4697 et
1103 4633 1186 4699 ante
1209 4628 1287 4698 eius
1310 4629 1493 4716 presentia
1516 4628 1722 4698 astantibus
1745 4629 1938 4718 subscripti
1962 4633 2100 4717 testcS,
2123 4648 2189 4716 per

334 4789 429 4855 bona
453 4787 715 4854 combenientia
738 4803 801 4872 per
826 4784 1019 4852 iussionem
1044 4784 1156 4871 ipsius
1180 4781 1301 4850 domni
1326 4783 1582 4872 archiepiscopi
1607 4783 1759 4853 tradidit
1795 4783 1896 4851 nobis
1921 4789 2045 4871 petrus
2068 4783 2181 4853 iudex

331 4940 579 5008 adbocatorem
603 4939 715 5026 ipsius
738 4937 1012 5026 archiepiscopii
1036 4956 1111 5006 una
1134 4937 1294 5006 clusuria
1316 4937 1359 5006 de
1382 4941 1481 5005 terra
1503 4956 1585 5005 cum
1606 4939 1754 5006 arbusto
1790 4938 2032 5024 pertinentem
2063 4936 2182 5025 ipsius

334 5092 605 5181 archiepiscopii
629 5094 673 5161 de
696 5092 817 5161 eodem
840 5093 916 5160 loco
940 5090 1100 5177 nuceria,
1126 5089 1185 5158 ubi
1209 5091 1255 5159 ad
1279 5091 1356 5177 ipsa
1378 5091 1455 5161 sala
1477 5089 1621 5179 dicitur,
1645 5081 1708 5179 p'er
1730 5110 1772 5160 ec
1804 5091 1887 5160 finis
1910 5095 1946 5160 et
1962 5092 2146 5162 mensurio
2176 5117 2184 5160 ι

330 5249 374 5318 de
397 5268 443 5318 ex
466 5249 563 5315 omni
587 5265 672 5333 pars
695 5247 766 5313 dne
790 5245 904 5333 ipsius
928 5243 1226 5332 archiepiscopii,
1246 5248 1282 5312 et
1304 5249 1388 5313 sunt
1410 5264 1434 5313 a
1456 5264 1540 5332 pars
1563 5244 1828 5332 septemtrionis
1850 5248 1946 5334 passi
1971 5247 2178 5336 nonaginta

330 5422 407 5491 sex,
432 5407 468 5471 et
492 5422 515 5470 a
537 5419 622 5488 pars
645 5400 793 5470 orientis
816 5399 911 5488 passi
935 5399 1164 5487 septuaginta
1187 5417 1263 5486 sex,
1287 5403 1323 5467 et
1344 5419 1368 5466 a
1390 5397 1539 5467 meridie
1562 5400 1658 5485 passi
1682 5404 1825 5470 centum
1848 5403 2099 5490 quadtuor,ab
2118 5420 2175 5470 oc·

333 5556 486 5626 cidentis
507 5557 603 5644 passi
627 5553 827 5642 nonaginta
849 5559 938 5640 octo,
963 5557 1076 5623 totum
1098 5557 1341 5621 mensuratum
1364 5553 1411 5621 ad
1434 5554 1526 5622 iusto
1548 5569 1694 5641 passum
1716 5555 1840 5622 omini.
1868 5556 2076 5642 supradicta
2101 5555 2183 5622 clu·

328 5709 428 5781 suria
451 5709 494 5778 de
517 5713 617 5778 terra
638 5729 719 5777 cum
743 5711 888 5776 arbusto
911 5727 974 5794 per
998 5707 1202 5795 supradicte
1226 5707 1310 5775 finis
1334 5711 1370 5775 et
1394 5707 1752 5777 mensurieinclitum
1775 5707 1860 5776 iiiut
1874 5708 1975 5778 nobis
1992 5707 2038 5778 ad
2056 5711 2182 5777 teneu-

331 5866 418 5934 dum
441 5869 476 5933 et
500 5863 732 5934 laborandum
755 5859 886 5930 tradidi
910 5859 1013 5928 nobis
1036 5861 1212 5930 nominati
1238 5861 1385 5930 iohanni
1411 5865 1447 5929 et
1470 5861 1552 5930 boni
1570 5861 1810 5952 medietatem,
1827 5869 1865 5933 et
1879 5864 1981 5931 nobis
2004 5863 2184 5934 nominati
2253 5855 2257 5864 '
