5422 7102
1001 543 1450 620 bllbotln'llet's
2038 551 2104 621 231

304 769 494 840 arboribus
520 768 695 836 fructiferi
721 769 816 836 intro
841 773 1018 856 abentem,
1040 771 1133 857 quod
1158 763 1304 839 abemu's
1330 773 1368 839 in
1394 772 1467 840 loco
1491 791 1633 860 vane0,
1658 773 1702 842 ad
1730 773 1990 860 pastenandum
2017 773 2158 841 111111111-

302 929 380 992 tum
405 927 441 991 et
462 921 621 990 castanei
646 921 846 1008 palumbuli
871 921 1001 989 ibidem
1024 923 1268 1009 ensctaudum‚
1295 929 1330 992 et
1354 925 1431 1011 ips'a
1455 925 1549 994 mela
1564 929 1599 994 et
1614 927 1698 992 nuci
1716 925 1777 1011 qui
1794 925 1894 992 modo
1911 925 2043 992 ibidem
2060 929 2157 1010 sunt,
2232 1021 2235 1028 .

304 1075 514 1146 cultandum
538 1075 662 1144 amodo
686 1079 722 1144 et
746 1093 857 1162 usque
880 1075 1052 1144 tredecim
1076 1076 1162 1144 anui
1186 1076 1371 1166 coupleti,
1406 1080 1499 1146 sicut
1522 1079 1662 1148 videtur
1685 1097 1761 1147 esse
1785 1079 1880 1147 infra
1911 1097 1951 1147 ec
1979 1078 2090 1145 finis:
2115 1079 2159 1146 de

306 1249 378 1299 una
401 1234 504 1318 parte
528 1231 599 1297 fine
622 1229 820 1318 aqueducto
844 1232 906 1316 qui
930 1234 983 1299 est
1007 1227 1102 1298 inter
1125 1249 1165 1298 ec
1188 1233 1294 1298 rebus
1318 1234 1354 1300 et
1377 1233 1482 1299 rebus
1506 1230 1670 1316 illorum,
1694 1231 1787 1317 quod
1810 1248 1875 1300 nos
1905 1249 2029 1300 eorum
2060 1231 2161 1300 dedi-

305 1401 384 1451 mus
407 1399 472 1470 pro
496 1382 599 1449 illum
621 1384 715 1468 quod
738 1383 840 1450 nobis
863 1381 1045 1468 pastinare
1061 1382 1206 1468 debunt,
1226 1383 1319 1451 sicut
1335 1383 1506 1470 diximus,
1524 1383 1793 1452 descendentem
1817 1353 1880 1470 per
1905 1384 2024 1452 eodem
2051 1403 2160 1470 aque-

306 1535 410 1603 ductu
434 1553 545 1622 usque
570 1535 609 1601 in
632 1538 732 1604 ribus
756 1534 799 1603 de
823 1535 1030 1602 cirasulum:
1068 1536 1112 1602 de
1146 1534 1220 1603 alia
1254 1541 1357 1622 parte
1388 1537 1459 1604 fine
1482 1537 1557 1624 ipso
1582 1535 1660 1603 ribo
1683 1535 1726 1603 de
1757 1536 1976 1606 cirasulum:
2009 1537 2053 1603 de
2087 1533 2160 1604 alia

307 1693 409 1774 parte
433 1689 504 1756 line
528 1689 622 1756 sicut
648 1687 769 1791 media¹
789 1705 869 1774 sepe
894 1687 1078 1756 decernit:
1111 1688 1153 1756 de
1177 1688 1251 1756 alia
1286 1693 1389 1776 parte
1412 1689 1483 1756 fine
1508 1690 1579 1757 via.
1604 1689 1702 1756 Infra
1725 1706 1845 1756 omnes
1881 1687 2049 1756 iamdicte
2073 1686 2159 1754 linis

308 1845 419 1910 totam
442 1845 478 1910 et
502 1841 684 1928 integram
709 1842 789 1928 ipsa
812 1841 913 1928 pecia
935 1842 978 1909 de
1003 1842 1108 1908 rebus
1130 1858 1251 1907 eorum
1275 1839 1435 1907 dedimus
1458 1842 1494 1906 et
1520 1838 1745 1926 tradidimus
1773 1843 1811 1906 ut
1835 1839 1959 1908 amodo
1984 1844 2019 1906 et
2049 1857 2161 1925 usque

309 1993 519 2062 iamdictam
543 1993 777 2061 coustitutum
800 1994 1012 2079 completum
1035 2011 1157 2060 eorum
1183 1993 1231 2060 sit
1253 1995 1438 2080 potestatis
1462 1995 1497 2060 et
1521 1993 1564 2061 de
1586 2010 1708 2062 eorum
1736 1992 1901 2062 eredibus
1928 1993 2006 2062 illos
2036 2000 2160 2063 tenere

311 2157 348 2216 et
369 2147 565 2234 dominare,
591 2151 627 2214 et
650 2149 725 2236 ipse
749 2149 834 2216 nuci
857 2154 893 2217 et
915 2149 1008 2217 mela
1031 2147 1181 2234 sultare,
1200 2153 1235 2218 et
1252 2147 1319 2234 ipsi
1337 2147 1497 2216 castanei
1513 2150 1679 2215 ensetare
1695 2145 1907 2234 palumbuli,
1932 2153 1967 2216 et
1984 2149 2026 2216 de
2043 2168 2158 2236 quan-

314 2307 390 2370 tum
413 2319 564 2372 vacuum
589 2301 721 2370 ibidem
744 2306 814 2388 est,
839 2302 1023 2388 pastinare
1046 2299 1273 2388 nucillitum‚
1297 2305 1338 2369 ut
1361 2321 1383 2369 a
1407 2299 1563 2388 predicto
1586 2299 1783 2367 constituto
1806 2300 2018 2386 completum
2055 2303 2161 2372 abeat

312 2455 381 2543 ipsi
408 2457 565 2525 castanei
591 2455 744 2524 ensetati
770 2453 966 2540 palumbuli
990 2459 1026 2523 et
1050 2453 1175 2522 cultati
1199 2459 1234 2522 et
1257 2454 1406 2522 studiati
1424 2456 1518 2540 voni,
1534 2454 1628 2522 sicut
1652 2455 1735 2520 voni
1759 2453 1955 2540 palumbuli
1976 2455 2161 2542 meruerit,
2288 2452 2291 2460 ’

310 2614 347 2677 11
371 2609 487 2696 ipsum
511 2628 666 2676 uacuum
689 2610 794 2678 abeat
816 2609 1036 2693 pastinatum
1059 2607 1263 2674 nucillitum
1286 2609 1322 2673 et
1344 2603 1480 2692 prisum
1503 2609 1539 2674 et
1561 2607 1751 2691 cubatum,
1776 2608 1871 2674 sicut
1894 2625 2025 2674 vonum
2042 2608 2163 2676 nucil-

312 2758 415 2826 litum
440 2761 639 2846 meruerit,
665 2764 701 2828 et
725 2759 850 2827 amodo
872 2761 909 2824 et
935 2773 1047 2844 usque
1072 2756 1237 2826 iamdicto
1260 2757 1454 2824 constituto
1488 2757 1688 2844 conpletum
1723 2758 1791 2844 ipsi
1827 2761 1992 2828 castanei
2022 2760 2163 2848 etipsa

314 2932 418 3000 poma
440 2918 477 2982 et
500 2915 575 3001 ipse
599 2913 738 2980 aucelle
760 2914 852 2980 iusto
876 2911 1000 2980 ordine
1024 2910 1140 2979 salbos
1164 2911 1281 2979 lacere
1305 2915 1341 2978 et
1356 2910 1538 2996 colligere,
1563 2915 1599 2978 et
1614 2909 1700 2978 dare
1715 2909 1845 2978 exinde
1862 2913 1964 2978 nobis
1985 2915 2163 2982 terratico

310 3068 353 3136 de
377 3070 498 3138 decem
522 3066 609 3134 sorti
634 3087 708 3135 una
731 3071 852 3134 sorte:
876 3068 915 3133 at
935 3063 1137 3151 predictum
1160 3065 1393 3132 constitutum
1416 3064 1629 3152 completum
1652 3069 1729 3132 tota
1756 3065 1835 3150 ipsa
1862 3065 1964 3150 pecia
1987 3070 2075 3152 aput
2099 3085 2163 3135 nos

310 3228 346 3292 et
371 3224 504 3292 nostris
527 3221 691 3289 eredibus
715 3220 920 3290 remittam:
945 3221 1087 3286 tautum
1109 3219 1240 3286 exinde
1263 3220 1548 3305 esceptuabimus
1571 3219 1648 3306 ipsa¹
1672 3218 1882 3305 labandara‚
1899 3219 1992 3306 quod
2008 3237 2160 3288 comune
2195 3204 2196 3208 ¹

313 3378 424 3446 abere
447 3375 614 3444 debemus
637 3391 701 3442 nos
726 3377 762 3441 et
784 3373 916 3440 nostris
938 3371 1103 3440 eredibus
1119 3390 1208 3438 cum·
1223 3371 1291 3458 ipsi
1316 3375 1352 3438 et
1375 3390 1456 3439 cum
1479 3371 1621 3439 illorum
1643 3371 1821 3458 eredibus,
1846 3371 1985 3457 quiesi
2013 3372 2090 3458 ipsa
2113 3374 2162 3442 la·

312 3531 487 3601 bandaria
511 3547 573 3617 per
596 3529 777 3596 mensurio
800 3525 947 3615 abagiro
966 3527 992 3610 ¹)
1014 3527 1109 3612 passi
1132 3526 1266 3613 decem,
1291 3528 1439 3612 proinde
1462 3527 1596 3596 debunt
1618 3529 1720 3595 nobis
1744 3529 1823 3614 ipsa
1846 3528 1948 3614 pecia
1970 3528 2161 3613 pastinare

315 3693 351 3756 et
366 3686 521 3773 cultore,
538 3685 632 3753 sicut
645 3683 880 3772 prediximus,
897 3700 962 3770 pro
984 3698 1054 3767 quo
1069 3700 1132 3748 nos
1148 3680 1309 3749 dedimus
1321 3698 1445 3748 eorum
1457 3698 1531 3748 una
1543 3681 1644 3766 pecia
1656 3679 1700 3746 de
1711 3682 1819 3748 rebus
1830 3679 1951 3766 ibique
1969 3682 2162 3751 coniuncta

313 3862 377 3929 per
400 3840 484 3909 finis
508 3842 544 3908 et
567 3835 759 3922 mensurie,
784 3835 877 3902 sicut
900 3853 973 3904 una
994 3851 1116 3902 eorum
1140 3832 1270 3902 exinde
1293 3833 1452 3902 continet
1475 3833 1629 3919 cartula;
1647 3836 1682 3900 et
1699 3832 1824 3901 amodo
1848 3835 1884 3900 et
1902 3850 2014 3918 usque
2030 3833 2162 3900 iamdi-

312 3995 409 4060 ctum
433 3989 668 4056 constitutum
693 3986 893 4072 conpletum
916 3987 993 4074 ipsa
1016 3987 1118 4074 pecia
1134 3987 1178 4056 de
1193 3990 1299 4056 rebus
1316 3991 1436 4057 eorum
1453 4007 1525 4055 non
1541 3987 1711 4074 tollimus,
1728 4005 1842 4074 neque
1860 3993 2077 4075 contraimus
2097 4007 2162 4058 nec
2193 4081 2203 4098 ·

314 4145 453 4214 nullam
478 4145 627 4212 sortiam
650 4159 771 4211 eorum
796 4141 926 4209 ibidem
951 4157 1022 4207 non
1046 4141 1209 4228 11111111,
1225 4143 1260 4208 et
1276 4141 1371 4208 iusta
1387 4141 1501 4227 legem
1525 4137 1604 4206 illos
1627 4157 1749 4206 eorum
1772 4139 1818 4208 da
1840 4157 1979 4208 omnem
2004 4139 2161 4210 ominem

313 4299 550 4384 defensamus
574 4299 618 4366 de
642 4295 765 4365 taliter
789 4292 890 4363 nobis
914 4291 1148 4382 conplendum
1172 4295 1306 4381 omnia,
1331 4293 1424 4360 sicut
1447 4295 1611 4380 superius
1635 4293 1790 4382 legitur,
1815 4313 1907 4364 vona
1930 4315 1997 4364 sua
2026 4293 2159 4363 volum-

314 4459 424 4523 tatem
448 4452 584 4540 guadia
606 4450 708 4518 nobis
731 4449 906 4517 dederunt
928 4453 965 4517 et
987 4447 1200 4516 mediatores
1223 4447 1324 4514 nobis
1348 4450 1543 4533 posuerunt
1570 4465 1607 4515 se
1630 4447 1700 4533 ipsi
1722 4465 1763 4514 oc
1786 4448 1915 4516 tinore.
1941 4450 2039 4526 Quod
2064 4450 2095 4518 si
2124 4471 2162 4520 ec

312 4608 471 4692 homme,
497 4606 590 4673 sicut
614 4601 777 4690 superius
801 4599 949 4688 legitur,
975 4601 1043 4687 ipsi
1067 4603 1102 4667 et
1125 4600 1171 4668 ad
1194 4601 1269 4668 suis
1292 4601 1458 4668 eredibus
1482 4600 1584 4666 nobis
1607 4601 1712 4669 etad
1735 4599 1866 4669 uostris
1895 4603 2060 4670 eredibus
2084 4621 2156 4669 non

312 4757 576 4847 adimpleberit‚
602 4756 733 4844 uiginti
758 4754 861 4822 solidi
885 4753 987 4820 aurei
1013 4753 1230 4822 constantini
1256 4756 1358 4822 nobis
1382 4772 1589 4840 componere
1613 4754 1866 4842 obligaberunt
1889 4759 1925 4823 et
1957 4759 2067 4824 cunta
2090 4776 2160 4842 que

313 4915 525 5002 prelegitur,
549 4909 708 4998 conplire
731 4909 833 4976 nobis
855 4926 918 4993 per
942 4905 1067 4974 inbitis
1090 4926 1153 4994 per
1176 4908 1383 4994 supradicta
1407 4911 1555 4996 guadio,
1580 4913 1675 4978 etse
1699 4911 1768 4997 ipsi
1792 4910 1979 4979 mediatori
2004 4917 2039 4979 et
2067 4931 2162 4998 pena

310 5068 480 5155 obligata.
508 5067 582 5153 Ego
605 5065 748 5151 gualdus
773 5062 1119 5132 archisubdiaconus
1145 5066 1180 5130 et
1204 5061 1367 5130 notarius
1391 5081 1431 5130 oc
1456 5065 1561 5132 brebe
1585 5063 1727 5151 scripsit
1752 5070 1788 5132 et
1813 5067 1988 5135 interluit.

359 5192 389 5308 †
414 5219 498 5287 nco
521 5217 659 5284 sacco

359 5347 389 5463 †
413 5376 489 5462 Ego
511 5373 672 5441 ioannes.

353 5692 377 5772 ¹)
397 5689 488 5752 ldest
510 5709 571 5772 per
594 5687 773 5752 circuitum
