5466 7106
1046 571 1450 646 DlPLOMdTICUS
2082 570 2127 642 75

318 799 418 872 filius
441 797 621 885 mansoni3
644 799 682 866 et
704 815 768 885 per
791 797 870 885 ipsa
891 796 1025 886 guadia
1048 801 1113 868 eto.
1137 799 1287 867 statura
1309 800 1443 868 mulcta
1466 800 1624 885 triptota
1648 798 1843 866 summam
1867 798 1953 864 aad
1975 795 2169 865 coustanti-

314 955 528 1022 niaaorum.
554 950 599 1020 nt
621 951 719 1018 bunc
743 949 887 1019 brebem
910 949 1038 1037 scripsi
1061 967 1128 1038 ego
1150 951 1325 1020 iohannes
1348 949 1526 1020 notarius.

368 1078 399 1194 †
424 1105 501 1194 Ego
523 1101 684 1176 ademari
708 1100 872 1172 notarius
894 1120 950 1171 me
973 1102 1169 1188 subscripsi

367 1233 399 1348 †
423 1261 500 1346 Ego
523 1261 648 1347 petrus
670 1257 837 1328 notarius
859 1274 915 1328 me
940 1255 1149 1342 subscripsi.

1033 1511 1439 1522 ..Μ-...-

1102 1805 1373 1888 DCCLIII.

1099 2071 1154 2146 A.
1182 2069 1232 2146 D.
1261 2067 1389 2149 1023.

369 2271 405 2411 †
428 2325 468 2390 ln
492 2323 637 2396 nomine
659 2327 795 2396 domini
819 2329 1000 2399 tricesimo
1018 2331 1145 2418 quinto
1169 2347 1265 2399 anno
1288 2331 1513 2417 principatus
1529 2329 1650 2398 domni
1666 2329 1780 2397 nostri
1796 2327 1994 2416 guaimari,
2010 2333 2047 2398 et
2069 2332 2175 2399 sexto

321 2490 417 2544 anno
439 2473 561 2544 domni
584 2479 766 2566 guaimari
789 2481 866 2550 eius
881 2481 967 2570 tilio,
990 2482 1134 2570 gloriosi
1159 2481 1396 2568 principibus,
1420 2501 1540 2550 mense
1563 2484 1767 2567 nobember,
1785 2483 1938 2569 septima
1955 2480 2167 2551 indictione.

321 2631 472 2718 Ideoque
494 2651 561 2722 ego
585 2635 726 2705 astilius
749 2639 847 2706 filius
870 2638 1047 2726 quondam
1070 2637 1243 2726 guidoni,
1275 2637 1367 2706 sicut
1389 2635 1476 2703 mihi
1502 2653 1700 2724 congruum
1724 2640 1777 2705 est
1790 2685 1800 2723 ,
1827 2655 1907 2706 mea
1930 2637 2024 2706 bona
2047 2637 2175 2706 bolun-

325 2789 401 2854 tate
424 2804 488 2873 per
513 2803 582 2857 ane
605 2789 783 2860 cartulam
807 2795 891 2862 ante
914 2790 1097 2878 presentia
1119 2791 1374 2878 regemprandi
1400 2790 1509 2859 iudici
1534 2795 1571 2858 et
1594 2791 1786 2878 subscripti
1818 2789 1997 2858 nobilibus
2028 2789 2176 2860 donabit

322 2938 422 3006 vobis
445 2939 586 3028 desege,
611 2959 681 3028 quo
704 2960 771 3030 ego
793 2944 830 3010 in
855 2961 940 3012 casa
963 2945 1089 3030 habeo,
1112 2949 1149 3013 et
1170 2943 1346 3031 gemmola
1368 2943 1444 3014 filia
1466 2947 1600 3030 tuaque
1624 2943 1766 3031 desege,
1798 2963 1868 3030 que
1891 2962 1958 3031 ego
1981 2941 2109 3031 genuit
2134 2945 2173 3010 in

324 3095 360 3158 ta
386 3091 556 3162 iamdicta
579 3091 715 3180 deseia,
739 3091 864 3164 inclita
887 3097 992 3162 rebus
1016 3113 1096 3167 mea
1118 3097 1180 3183 qui
1204 3101 1288 3166 sunt
1310 3097 1418 3165 terris
1441 3100 1552 3167 bacue
1574 3102 1610 3166 et
1632 3095 1747 3182 silbis,
1772 3096 1835 3184 qui
1854 3095 1923 3164 fuit
1941 3096 2053 3183 ipsius
2069 3098 2171 3185 geni-

323 3246 394 3313 tori
419 3248 455 3314 et
477 3247 660 3334 genetrice
683 3265 764 3316 mea
787 3247 830 3317 de
854 3249 970 3317 locum
994 3250 1094 3318 ribus
1117 3251 1255 3336 altum,
1288 3249 1452 3318 inclitum
1476 3249 1558 3319 illut
1582 3252 1681 3319 vobis
1704 3249 1872 3319 iamdicte
1894 3254 2012 3320 mater
2034 3255 2072 3320 et
2095 3251 2171 3320 filia

320 3397 486 3466 donabit:
512 3401 644 3468 iterum
667 3403 703 3467 et
725 3397 871 3468 donabit
893 3399 993 3466 vobis
1014 3398 1183 3468 iamdicte
1206 3405 1321 3470 mater
1344 3408 1380 3471 et
1402 3400 1479 3473 fllia
1502 3403 1629 3472 inclita
1652 3405 1754 3471 curte
1782 3421 1882 3490 mea,
1906 3403 1970 3491 qui
1994 3407 2047 3472 est
2071 3407 2170 3474 terra

322 3573 402 3622 cum
427 3555 574 3624 arbusto
596 3551 639 3622 de
663 3553 779 3622 locum
802 3554 950 3624 nuceria
967 3555 1027 3622 ubi
1046 3552 1197 3621 turricle
1220 3551 1367 3638 dicitur,
1390 3553 1483 3641 quod
1502 3553 1551 3622 da
1567 3573 1622 3622 me
1643 3553 1688 3624 ad
1705 3553 1938 3624 laborandum
1962 3554 2096 3624 retinet
2119 3555 2176 3624 di·

323 3705 402 3782 siio,
427 3705 465 3772 in
489 3723 533 3774 ea
556 3703 696 3774 ratione
719 3703 796 3792 ipsa
819 3705 924 3772 rebus
947 3703 1049 3772 nobis
1071 3704 1226 3792 donabi‚
1252 3711 1292 3775 ut
1315 3709 1452 3776 abeatis
1477 3727 1538 3775 vos
1561 3708 1663 3777 illam
1685 3713 1722 3776 et
1748 3707 1928 3795 fructetis,
1952 3711 1988 3776 et
2011 3709 2055 3776 de
2077 3708 2173 3795 ipso-

323 3877 403 3929 rum
426 3859 519 3947 quod
543 3857 626 3928 inde
649 3857 806 3946 exierit,
837 3857 979 3928 faciatis
1001 3859 1133 3929 exinde
1156 3860 1248 3946 quod
1273 3859 1483 3929 bolueritis:
1509 3864 1678 3947 tantum,
1713 3861 1746 3928 si
1774 3865 1814 3929 tu
1843 3858 2015 3932 iamdicta
2048 3861 2171 3931 deseia

324 4012 442 4080 virum
464 4010 531 4080 tibi
556 4009 806 4100 copulaberit‚
829 4011 886 4080 vel
910 4016 1051 4081 mortua
1073 4012 1207 4100 fuerit„
1239 4012 1364 4082 inclita
1386 4011 1597 4114 'supradicta
1619 4014 1725 4082 rebus
1748 4013 1917 4082 rebertad
1940 4013 1986 4082 ad
2017 4016 2172 4101 potesta·

325 4167 398 4232 tem
423 4165 538 4252 ipsius
560 4164 734 4252 gemmule
757 4165 796 4232 in
821 4183 864 4234 ea
887 4166 1042 4251 ratione,
1065 4167 1106 4232 ut
1129 4164 1159 4232 si
1184 4163 1324 4232 abuerit
1340 4163 1419 4252 ipsa
1434 4163 1609 4251 gemmola
1631 4161 1745 4230 fllium
1768 4161 1822 4230 vel
1838 4161 1915 4232 filia
1931 4162 1976 4233 de
1990 4161 2069 4231 viro
2091 4179 2171 4251 suu,

323 4319 456 4387 abeant
479 4319 557 4405 ipsa
580 4320 711 4406 rebus,
734 4323 838 4388 natos
860 4322 1053 4405 nascente,
1077 4317 1123 4386 ad
1146 4315 1379 4385 trudiandum
1402 4317 1570 4402 nomine,
1601 4319 1637 4384 et
1667 4314 1710 4383 de
1741 4313 1817 4402 ipso
1842 4315 2001 4384 frudium
2026 4317 2168 4387 faciatis

322 4471 445 4542 omnia
468 4472 560 4559 quod
583 4471 791 4559 bolueritis;
826 4475 863 4542 et
893 4473 988 4541 situ
1011 4469 1181 4539 iamdicta
1203 4469 1381 4558 gemmola
1404 4467 1481 4537 sine
1505 4465 1620 4536 filium
1650 4467 1703 4536 vel
1730 4467 1808 4537 tilia
1830 4473 1974 4539 mortua
1997 4470 2170 4560 fueritis,

322 4626 416 4698 sicut
438 4627 573 4697 dictum
597 4633 663 4716 est,
679 4628 723 4697 de
745 4626 826 4697 biro
849 4635 923 4716 tuo,
940 4629 980 4696 ut
997 4624 1126 4693 inclita
1149 4621 1356 4711 supradicta
1379 4622 1485 4690 rebus
1508 4640 1578 4709 que
1600 4620 1763 4708 superius
1786 4641 1852 4710 ego
1874 4624 1973 4691 vobis
2002 4625 2170 4715 donabit,

321 4785 537 4874 perbeniant
560 4783 599 4850 in
622 4783 831 4870 potestatem
855 4780 970 4850 sancti
996 4777 1116 4867 angeli
1141 4777 1185 4846 de
1209 4777 1306 4844 intus
1329 4793 1369 4842 ec
1385 4774 1567 4844 cibitatem
1583 4778 1708 4843 nostra
1725 4775 1979 4864 pertinentem,
1996 4778 2041 4847 ad
2062 4779 2172 4848 aben·

321 4937 407 5005 dum
430 4934 533 5004 illum
555 4935 636 5021 ipsa
657 4935 764 5002 rebus
786 4949 871 5019 pars
893 4931 1005 5018 ipsius
1027 4926 1175 4997 ecclesie
1197 4926 1364 5015 usquein
1379 4930 1602 5015 perpetuum:
1628 4928 1784 5013 tantum,
1805 4925 1837 4994 si
1854 4928 1933 5014 ipsa
1949 4928 2070 5000 deseia
2085 4928 2170 5002 biba

320 5089 430 5159 suerit
452 5091 530 5178 post
550 5090 664 5156 morto
688 5087 800 5175 ipsius
822 5084 1016 5172 gemmole,
1039 5086 1076 5152 et
1097 5082 1217 5150 birum
1239 5083 1308 5152 sibi
1331 5101 1403 5150 non
1426 5081 1668 5170 copulaberit‚
1692 5086 1728 5150 et
1751 5082 1795 5150 de
1819 5083 1899 5170 ipsa
1921 5086 2100 5172 gemmola
2123 5088 2166 5154 fl·

319 5241 411 5312 lium
435 5243 492 5312 vel
516 5242 594 5314 fllia
616 5259 689 5310 non
712 5241 833 5327 tuerit,
858 5243 899 5308 ut
921 5237 1049 5308 inclita
1072 5236 1290 5326 supradicta·
1299 5240 1406 5306 rebus
1428 5237 1554 5307 diebus
1576 5237 1649 5306 bite
1673 5255 1737 5305 sue
1759 5236 1916 5306 retinere
1938 5239 1985 5308 ad
2000 5239 2166 5312 frudian·

319 5397 405 5467 dum
428 5397 574 5467 nomine
596 5397 697 5467 etde
719 5396 837 5465 fructu
859 5393 953 5482 qnod
974 5393 1018 5462 de
1040 5391 1120 5480 ipsa
1142 5395 1248 5462 rebus
1270 5391 1429 5477 exierit,
1461 5391 1579 5463 licead
1600 5390 1732 5460 exinde
1755 5391 1857 5461 illam
1890 5392 2009 5464 iacere
2044 5395 2166 5466 omnia

323 5554 417 5641 quod
432 5553 600 5640 boluerit;
617 5553 663 5624 ad
678 5571 801 5622 eorum
814 5550 964 5638 obitum,
980 5551 1012 5618 si
1026 5567 1098 5616 non
1113 5545 1226 5617 suerit
1249 5545 1366 5615 filium
1389 5545 1447 5616 vel
1472 5545 1549 5616 fllia
1565 5545 1609 5614 de
1626 5546 1704 5614 viro
1728 5545 1839 5632 ipsius
1861 5547 2051 5637 gemmule,
2073 5547 2167 5636 quod

322 5710 365 5779 de
389 5709 467 5798 ipsa
490 5707 666 5798 gemmola
688 5706 868 5795 genuerit,
893 5707 1004 5774 totum
1026 5701 1241 5791 perbeniant
1263 5702 1303 5769 in
1327 5702 1406 5790 ipsa
1430 5699 1581 5771 ecclesia
1605 5698 1703 5769 santi
1727 5700 1863 5789 angeli,
1890 5699 1983 5770 sicut
2007 5701 2080 5772 iam
2109 5718 2168 5769 su·

320 5879 383 5947 per
407 5859 553 5949 legitur3
576 5865 613 5931 et
635 5861 666 5928 si
689 5855 832 5928 abuerit
852 5853 968 5922 fllium
990 5852 1047 5923 vel
1069 5851 1147 5922 filia
1168 5853 1213 5922 de
1235 5855 1315 5941 ipsa
1337 5854 1530 5944 gemmata,
1555 5857 1704 5925 aberent
1727 5853 1829 5922 illurn
1853 5853 1950 5944 sibi,
1972 5859 2076 5926 natos
2099 5871 2167 5925 na·
