5414 7098
1010 569 1410 646 bletollt'lltlts

1016 953 1404 1093 mccxxxrv.

1070 1279 1125 1354 A.
1154 1275 1205 1354 D.
1234 1276 1356 1358 1021.

221 1589 226 1602 ·
334 1516 371 1653 †
395 1567 433 1632 ln
456 1564 599 1632 nomine
621 1565 755 1634 domini
780 1565 958 1634 tricesimo
982 1566 1088 1636 tertio
1113 1587 1209 1636 anno
1233 1570 1461 1656 principatus
1479 1569 1598 1637 domni
1617 1572 1730 1638 nostri
1747 1571 1960 1658 Guaimarii,
1977 1575 2021 1640 Ε1
2035 1571 2144 1640 tertio

285 1738 386 1788 anno
408 1719 632 1810 principatus
654 1719 774 1788 domni
799 1721 996 1807 guaimarii
1021 1723 1098 1788 eius
1121 1720 1223 1809 filio,
1247 1721 1391 1809 gloriosi
1415 1722 1651 1809 principibus
1676 1741 1795 1791 mense
1815 1769 2142 1793 ............

290 1877 579 1946 lllemoratorium
604 1876 699 1944 factu
724 1895 747 1942 a
770 1874 873 1941 nobis
898 1874 1069 1944 iohannes
1094 1875 1190 1942 filius
1214 1873 1367 1944 maraldi
1390 1877 1427 1941 91
1450 1877 1574 1960 petrus
1597 1873 1693 1942 filius
1717 1876 1824 1963 petri,
1841 1877 1903 1961 qui
1930 1895 2052 1944 sumus
2068 1879 2145 1946 abi-

291 2035 410 2099 tantes
433 2031 472 2100 in
496 2029 626 2098 finibus
641 2079 1026 2098 ..............
1053 2030 1138 2096 ante
1163 2029 1346 2114 presentia
1368 2028 1488 2094 domni
1512 2027 1646 2096 maioni
1670 2029 1863 2097 venerabili
1892 2030 2081 2116 presbiteri
2110 2038 2146 2100 et

291 2186 415 2255 abbati
439 2183 587 2253 ecclesie
611 2183 725 2253 sancti
752 2183 901 2251 maximi
926 2185 961 2250 ct
985 2182 1206 2268 aliorumque
1230 2181 1376 2266 ydoneis
1400 2181 1616 2268 hominibuS,
1640 2181 1770 2248 ibidem
1787 2231 2058 2252 ..........
2083 2203 2146 2271 per

292 2339 486 2408 iussionem
509 2341 547 2406 et
569 2293 795 2426 largietatem
819 2335 932 2422 ipsius
955 2335 1072 2404 domni
1098 2333 1219 2404 abbati
1245 2340 1280 2401 et
1303 2354 1367 2420 pro
1390 2353 1474 2421 pars
1498 2335 1611 2422 ipsius
1626 2337 1774 2404 ecclesie
1791 2336 1940 2405 tradidit
1962 2340 2065 2406 nobis
2091 2337 2147 2406 leo

291 2495 445 2563 clericus
467 2493 619 2562 eundem
642 2490 790 2559 ecclesie
814 2477 887 2556 una
910 2488 1011 2575 pecie
1035 2488 1301 2556 deterrarum
1327 2490 1514 2556 arbustum
1538 2489 1689 2558 vitatum
1713 2493 1748 2559 et
1771 2489 2036 2576 aliquantulum
2054 2492 2149 2560 raci-

294 2655 376 2719 bum
399 2704 408 2740 ,
434 2655 547 2718 totum
572 2665 643 2714 uno
668 2649 860 2714 lenientem
886 2643 1126 2730 pertinentem
1150 2641 1261 2726 ipsius
1284 2641 1460 2729 ecclesie,
1496 2661 1564 2728 que
1599 2660 1674 2708 esse
1701 2641 1845 2707 ridetur
1881 2643 1919 2708 in
1945 2644 2023 2729 ipsa
2059 2645 2149 2712 ilnes

293 2811 448 2892 rotense,
474 2803 534 2872 ubi
559 2799 702 2888 proprio
725 2798 769 2866 ad
794 2793 1021 2883 pubbliciano
1043 2793 1189 2881 dicitur,
1214 2796 1379 2862 abentem
1403 2813 1443 2899 as
1467 2794 1555 2860 lines
1578 2797 1614 2860 et
1630 2812 1828 2861 mensuras:
1853 2794 1896 2860 de
1919 2799 2072 2880 supteno
2098 2795 2149 2862 la·

292 2967 368 3030 tere
392 2958 495 3046 quasi
520 2958 566 3026 ab
589 2955 726 3023 oriente
750 2953 821 3019 fine
846 2952 920 3036 bia,
938 2947 1131 3036 incipiente
1155 2969 1177 3016 1
1200 2947 1351 3015 termine
1376 2948 1437 3032 qui
1461 2948 1583 3013 lictum
1607 2949 1660 3013 est
1677 2945 1771 3013 inter
1788 2949 1853 3014 hec
1871 2949 1976 3014 rebus
1994 2951 2029 3014 et
2047 2951 2148 3016 terra

293 3134 375 3184 cum
392 3113 630 3184 castanietum
646 3109 884 3196 pertinentem
906 3102 1057 3172 ecclesia
1080 3105 1202 3168 sancte
1226 3098 1338 3166 marie
1363 3099 1501 3184 plebem
1525 3097 1567 3164 (19
1592 3099 1667 3182 ipso
1691 3097 1806 3164 locum
1831 3103 1923 3185 rota,
1948 3103 1983 3168 et
2005 3101 2149 3170 abiente

296 3289 360 3358 per
386 3271 464 3354 ipsa
488 3267 549 3336 bia
573 3267 658 3333 sunt
683 3261 766 3329 inde
791 3279 854 3346 per
878 3257 1061 3324 mensoria
1085 3255 1181 3340 passi
1206 3255 1416 3339 octuaginta
1431 3254 1588 3338 quinque
1605 3256 1640 3319 et
1654 3254 1815 3320 cubitum
1839 3273 1963 3323 unum.
1990 3258 2033 3324 Et
2045 3259 2149 3341 quasi

296 3448 318 3494 a
343 3429 446 3513 parte
470 3420 664 3490 occidentis
689 3421 759 3484 fine
784 3415 895 3502 ipsius
918 3412 1077 3498 ecclesie„
1101 3411 1193 3476 sicut
1215 3407 1351 3474 termiti
1376 3415 1411 3475 91
1434 3408 1551 3476 media
1575 3426 1656 3494 sepe
1681 3407 1865 3496 discernit,
1890 3413 1925 3478 et
1950 3412 2044 3479 sieut
2067 3427 2150 3476 con-

297 3579 419 3666 iungit
441 3579 480 3646 in
505 3577 579 3645 alia
602 3573 663 3642 bia
686 3586 857 3657 suprana,
882 3585 950 3652 que
973 3565 1072 3632 ducit
1096 3563 1191 3629 inter
1216 3566 1302 3632 istut
1326 3569 1361 3632 et
1384 3565 1458 3633 alia
1481 3567 1587 3632 rebus
1612 3565 1724 3649 ipsius
1747 3565 1919 3652 ecclesie,
1948 3571 2034 3635 sunt
2064 3569 2147 3637 inde

297 3749 419 3821 passos
436 3731 668 3819 septuaginta
691 3725 868 3813 quadtuor
891 3723 987 3790 iusta
1010 3720 1088 3806 ipsa
1111 3737 1192 3804 sepe
1217 3723 1474 3804 mensuratum,
1492 3723 1528 3785 et
1553 3739 1615 3804 per
1641 3720 1719 3805 ipsa
1743 3720 1801 3785 via
1825 3738 1984 3815 suprana
2007 3739 2151 3788 mensu-

295 3888 368 3956 rati
394 3885 490 3973 passi
515 3883 672 3972 triginta
695 3885 783 3956 octo,
809 3879 964 3965 qualiter
987 3876 1085 3946 ducit
1109 3876 1178 3943 ista
1202 3873 1262 3941 bia
1285 3871 1324 3936 in
1347 3874 1448 3958 parte
1471 3870 1648 3956 orientiS,
1671 3874 1774 3938 9111
1797 3872 1865 3956 ipsi
1890 3871 2048 3958 triginta
2071 3879 2151 3943 octo

294 4046 408 4131 passi,
432 4043 588 4110 lassante
612 4041 691 4126 ipsa
713 4035 775 4104 bia
798 4039 834 4103 et
856 4037 1028 4122 pergente
1051 4049 1114 4118 per
1137 4032 1210 4097 fine
1233 4029 1346 4120 ipsius
1369 4027 1516 4095 ecclesie
1542 4031 1664 4094 sancte
1686 4027 1810 4114 marie,
1826 4027 1918 4096 sicut
1935 4028 2053 4098 media
2069 4047 2152 4117 sepe

296 4203 334 4267 et
350 4196 488 4266 termiti
506 4195 728 4276 discernunt,
747 4192 831 4256 sunt
855 4185 937 4254 inde
961 4202 1081 4272 passos
1105 4181 1373 4269 quinquaginta
1397 4199 1507 4246 unum
1530 4184 1566 4247 et
1588 4180 1746 4265 palmum
1759 4199 1883 4268 unum,
1901 4181 1994 4251 sicut
2006 4183 2155 4252 coniun-

295 4352 352 4438 git
375 4350 421 4420 ad
444 4349 523 4436 ipsa
546 4346 610 4415 bia
628 4346 674 4413 da
697 4344 801 4430 parte
824 4338 973 4406 orientis
996 4337 1115 4424 priore
1139 4337 1258 4422 finem,
1280 4337 1393 4402 totum
1416 4336 1663 4401 mensuratum
1685 4332 1730 4399 ad
1753 4332 1846 4401 iusto
1869 4353 2013 4420 passum
2037 4339 2155 4407 homi-

296 4505 367 4574 nis
392 4523 456 4592 per
484 4503 571 4572 istas
595 4501 685 4569 fines
708 4503 744 4566 et
767 4509 950 4562 mensuras
973 4491 1134 4560 inclitum
1159 4489 1241 4556 illut
1265 4490 1367 4557 nobis
1390 4488 1540 4557 tradidit
1563 4509 1644 4556 cum
1668 4489 1742 4556 vice
1758 4489 1801 4556 de
1818 4489 1877 4558 bia
1893 4509 1971 4577 sua,
1988 4492 2054 4560 tali
2073 4495 2156 4560 hor·

292 4661 395 4747 dine,
420 4663 461 4728 ut
485 4656 611 4726 amodo
633 4657 670 4721 et
694 4669 832 4737 semper
856 4649 902 4716 ad
924 4651 1086 4714 nostram
1109 4647 1146 4711 et
1168 4643 1211 4710 de
1234 4647 1436 4710 nostrorum
1459 4642 1595 4726 eredes,
1627 4645 1730 4710 natos
1754 4647 1963 4730 nascentes,
1988 4645 2035 4713 sit
2059 4651 2156 4732 pote-

296 4817 431 4883 statem
455 4812 537 4880 illut
560 4809 752 4878 tenendum
776 4810 811 4874 et
833 4792 1101 4886 dominandum,
1126 4803 1162 4866 et
1186 4799 1284 4867 sebee
1307 4803 1343 4866 et
1366 4796 1482 4864 omnis
1504 4802 1624 4865 nostre
1647 4795 1845 4864 hutilitatis
1871 4796 2003 4865 ibidem
2034 4799 2155 4867 faeere

297 4969 399 5037 iusta
416 4967 616 5050 rationem;
633 4968 669 5032 et
692 4962 721 5028 si
747 4959 974 5033 voluerimus,
1000 4955 1117 5023 redita
1142 4953 1190 5020 111
1214 4953 1424 5036 taceremne,
1440 4955 1475 5019 et
1497 4969 1561 5017 nos
1584 4950 1638 5018 vel
1664 4968 1710 5017 ex
1733 4949 1835 5017 nobis
1859 4969 1999 5037 semper
2021 4921 2074 5018 ibi
2101 4973 2156 5022 re·

295 5124 419 5192 sidere
443 5129 480 5192 et
503 5121 704 5205 abitarem3
730 5119 781 5184 sic
805 5121 951 5200 tamen,
976 5115 1016 5179 ut
1039 5129 1105 5197 ego
1129 5110 1304 5176 iohannes
1327 5111 1362 5174 et
1385 5123 1479 5173 meos
1503 5105 1649 5172 heredes
1672 5105 1801 5172 tenead
1824 5105 1868 5174 de
1883 5106 1970 5193 ‘ipsa
1993 5109 2156 5177 traditio-

299 5298 384 5347 nem
406 5275 535 5345 inclita
558 5274 762 5357 medietate,
787 5275 822 5339 et
846 5286 910 5334 nos
934 5270 1057 5354 petrus
1080 5268 1116 5332 et
1138 5265 1276 5328 nostros
1299 5259 1421 5326 eredes
1444 5257 1699 5344 medietatem,
1727 5263 1763 5326 et
1787 5263 1861 5327 tota
1884 5261 1963 5345 ipsa
1986 5267 2087 5330 curte
2111 5263 2154 5330 de

302 5437 402 5501 terra
416 5449 498 5497 cum
511 5428 696 5497 arbustum
710 5386 782 5512 'per
808 5421 995 5490 iamdictos
1018 5417 1107 5484 fines
1130 5418 1165 5482 91
1177 5429 1362 5480 mensuras
1386 5409 1592 5478 annualiter
1616 5402 1698 5496 apto
1721 5413 1877 5496 tempore
1895 5411 2155 5500 lavoraremus,

298 5589 349 5670 et,
379 5579 440 5650 ubi
464 5583 584 5650 minus
608 5579 768 5663 abuerit,
794 5576 939 5642 arbores
962 5575 998 5639 et
1020 5571 1111 5638 vites
1135 5567 1400 5654 planetaremus
1423 5561 1466 5629 de
1490 5565 1579 5628 bono
1604 5559 1754 5648 vitini03
1779 5563 1866 5629 etsi
1891 5583 1995 5649 poma
2019 5565 2069 5633 111
2093 5586 2156 5654 pa·

306 5739 455 5805 stenare
477 5733 709 5816 voluerimus,
733 5731 943 5816 potestatem
967 5723 1192 5805 haberemus,
1209 5719 1246 5786 91
1268 5720 1381 5785 totum
1404 5715 1485 5783 illut
1507 5733 1670 5802 surgere,
1685 5719 1721 5782 et
1743 5714 1915 5802 studiare,
1933 5721 1968 5785 et
1984 5717 2152 5790 lavorare

298 5898 419 5964 totum
436 5892 513 5980 ipso
537 5892 736 5975 arbustum,
755 5888 807 5955 sic
830 5884 873 5952 de
897 5899 1003 5969 super
1025 5877 1126 5946 etde
1149 5879 1286 5962 suptus,
1312 5875 1350 5938 ut
1373 5887 1511 5955 semper
1535 5869 1574 5937 in
1598 5835 1726 5936 melius
1748 5868 1920 5955 proficiad
1943 5875 1979 5938 et
2004 5891 2076 5940 non
2101 5873 2157 5942 di-
