5422 7102
626 545 696 616 946
1259 547 1432 620 CODEX
1466 548 1732 621 CAVENSIS

576 788 673 859 gre,
698 777 820 843 tamen
847 793 920 844 una
944 794 1024 843 cum
1048 776 1124 865 ipse
1145 774 1295 842 domnus
1311 776 1421 844 abbas
1437 774 1575 845 adesset
1598 773 2002 882 amatusladbucaturem
2017 776 2129 862 ipsius
2154 755 2317 862 ecclesie,
2338 781 2426 850 ants

575 923 773 1012 subscripti
798 926 946 1012 ydoneis
969 925 1147 994 ominibus
1170 928 1245 995 tuta
1269 930 1304 995 et
1326 924 1453 994 inclita
1476 924 1555 1014 ipsa
1577 928 1695 1013 rebus,
1712 929 1886 1013 quantum
1908 927 2086 1014 anbuipsi
2102 927 2201 996 vrcbi
2217 928 2429 1016 continent,

574 1093 645 1162 que
669 1079 727 1144 est
751 1096 815 1165 per
839 1095 879 1148 as
902 1080 992 1146 fines
1014 1082 1051 1146 et
1073 1097 1261 1148 mensuras
1279 1045 1335 1148 :a
1357 1079 1460 1166 parte
1483 1077 1633 1147 orientis
1655 1078 1726 1145 fine
1742 1079 1848 1145 rebus
1864 1075 1975 1164 ipsius
1991 1076 2138 1147 ecclesie
2155 1078 2249 1148 unde
2264 1080 2325 1150 via
2341 1080 2423 1167 ruit,

574 1227 666 1336 inde
690 1232 776 1297 sunt
798 1228 896 1317 passi
919 1231 1062 1299 centum
1085 1231 1285 1318 nonaginta
1308 1229 1485 1318 quadtuor
1508 1249 1620 1316 usque
1643 1229 1702 1300 via
1724 1248 1793 1316 que
1817 1229 1918 1298 modu
1947 1247 1985 1298 se
2022 1230 2156 1319 andad,
2186 1235 2223 1300 61
2252 1249 2317 1320 per
2348 1232 2427 1318 ipse

576 1380 637 1449 via
660 1381 809 1450 abiente
832 1381 872 1449 in
896 1385 998 1470 parte
1021 1381 1170 1450 meridie
1193 1400 1305 1470 usque
1328 1382 1401 1451 alia
1424 1381 1483 1451 via
1506 1379 1686 1468 pubblica,
1710 1385 1795 1450 sunt
1818 1381 1901 1451 inde
1935 1383 2030 1470 passi
2054 1384 2298 1471 quadraginta
2321 1385 2428 1470 quin·

571 1555 654 1625 que:
680 1557 702 1606 a
725 1541 828 1623 parte
852 1537 1003 1608 meridie
1028 1539 1099 1608 fine
1122 1539 1201 1628 ipsa
1223 1539 1284 1607 bia
1307 1538 1463 1626 pulbica,
1488 1557 1557 1624 que
1581 1536 1715 1605 dicitur
1738 1535 1917 1625 sturione,
1942 1541 2028 1606 sunt
2050 1537 2134 1606 inde
2156 1537 2252 1624 passi
2276 1539 2422 1606 centurn

570 1691 891 1778 quadtuordecim:
918 1697 1067 1781 aparte
1091 1693 1284 1761 occidentis
1311 1693 1400 1761 recti
1436 1690 1635 1760 mensurati
1671 1688 1766 1776 passi
1802 1689 2031 1777 septuaginta
2065 1709 2202 1778 unum,
2225 1695 2261 1760 et
2294 1690 2424 1760 avinde

571 1843 777 1913 revoibente
801 1844 840 1912 in
874 1847 954 1932 ipsa
988 1851 1090 1934 parte
1126 1845 1318 1914 occidentis
1352 1847 1489 1913 rectum
1524 1847 1560 1912 et
1593 1844 1738 1912 exiente
1772 1861 1882 1929 usque
1916 1843 1954 1910 in
1988 1842 2059 1911 fine
2089 1843 2131 1910 de
2155 1842 2276 1911 eredes
2299 1841 2421 1912 domni

569 1995 772 2083 radeighisi
792 2047 802 2084 ,
826 2003 911 2065 sunt
934 1997 1017 2067 inde
1040 1998 1134 2084 passi
1159 1997 1358 2084 nonaginta
1381 1996 1582 2083 quadtuor,
1606 1998 1642 2064 et
1664 1997 1710 2062 ab
1736 1992 1818 2063 inde
1852 1993 2057 2062 revolbente
2092 1995 2130 2061 in
2155 2013 2238 2080 pars
2272 1999 2423 2082 septem·

571 2147 699 2215 trionis
723 2152 850 2217 contra
874 2151 952 2237 ipsa
976 2151 1104 2237 padule
1129 2154 1164 2218 et
1188 2149 1271 2217 inde
1294 2155 1378 2217 sunt
1400 2149 1496 2236 passi
1521 2147 1726 2234 octuaginta
1755 2147 1958 2234 qnadtuor:
1985 2151 2132 2234 aparte
2154 2146 2420 2234 septemtrionis

571 2303 643 2371 fine
670 2301 747 2388 ipsa
771 2302 900 2389 padule
924 2322 992 2389 que
1016 2309 1069 2370 est
1103 2301 1341 2388 pertinentem
1379 2299 1491 2386 ipsius
1525 2299 1700 2384 ecclesie,
1732 2299 1814 2368 inde
1849 2305 1933 2368 sunt
1969 2301 2065 2386 passi
2099 2307 2243 2368 centum
2277 2307 2417 2388 septua-

573 2454 679 2540 ginta
703 2453 893 2542 quadtuor,
917 2457 1032 2522 toturn
1056 2457 1300 2522 mensuratum
1324 2453 1369 2522 ad
1393 2453 1495 2520 iuxto
1517 2470 1657 2540 passum
1675 2452 1796 2520 omini.
1821 2455 1893 2520 Hec
1909 2470 1991 2521 vero
2006 2455 2125 2538 rebus,
2149 2472 2218 2539 que
2242 2457 2297 2522 est
2321 2456 2421 2524 terra

569 2623 650 2672 cum
673 2607 886 2692 arbustum,
910 2625 974 2692 per
996 2606 1198 2693 supradicte
1222 2605 1305 2672 finis
1328 2607 1364 2672 ct
1385 2603 1565 2672 mensurio
1599 2603 1763 2671 inclitum
1799 2602 1879 2672 illut
1912 2605 1986 2689 ipse
2021 2603 2172 2682 domnus
2204 2607 2318 2674 abbas
2343 2625 2414 2676 una

570 2773 649 2822 cum
674 2760 750 2841 ipsu
774 2756 1022 2825 adbocaturem
1046 2729 1148 2824 nobis
1172 2755 1354 2824 iamdictis
1378 2755 1556 2840 iohanni,
1581 2759 1616 2822 et
1641 2753 1817 2841 iohanni,
1841 2759 1876 2822 et
1905 2757 2066 2824 maranci
2102 2755 2251 2824 tradidit
2288 2757 2327 2824 in
2351 2755 2416 2825 tali

569 2905 721 2994 ordine,
745 2909 792 2974 ud
816 2910 940 2978 amodo
965 2912 1001 2978 et
1024 2928 1190 2995 semper,
1215 2915 1318 2978 natus
1341 2911 1574 2991 nascentem,
1599 2905 1644 2973 ad
1678 2908 1838 2973 nostram
1872 2908 1909 2973 et
1942 2904 1985 2972 de
2009 2907 2140 2973 nostris
2173 2908 2338 2977 eredibus
2360 2929 2417 2978 es·

566 3061 621 3126 set
643 3059 827 3145 potestatis
851 3059 933 3128 illut
957 3061 1151 3127 tenendum
1174 3064 1209 3128 et
1231 3059 1517 3144 dominandum,
1541 3063 1579 3124 et
1602 3057 1699 3124 fobee
1733 3060 1770 3123 et
1803 3073 1925 3123 omnes
1959 3061 2079 3124 nostre
2109 3057 2278 3128 utilitatis
2312 3059 2419 3131 iuxta

499 3269 501 3276 ,
571 3215 748 3282 rationem
772 3215 904 3283 ibidem
927 3217 1129 3302 faciamus,
1154 3219 1190 3284 61
1213 3236 1278 3303 ego
1302 3215 1492 3285 iamdictus
1516 3215 1663 3282 ioannes
1686 3213 1854 3282 calbenzu
1876 3218 1913 3282 61
1935 3231 2029 3282 meus
2051 3215 2174 3283 eredes
2199 3215 2295 3283 omni
2329 3222 2418 3286 tem-

565 3384 649 3452 pore
674 3365 805 3435 ibidem
828 3365 1045 3435 resideamus
1068 3369 1105 3434 et
1128 3323 1333 3454 aritemus;
1357 3371 1393 3435 et
1414 3385 1477 3453 per
1501 3384 1623 3434 omnes
1647 3386 1784 3436 annum
1807 3367 1932 3436 amodo
1955 3369 1993 3436 et
2015 3385 2153 3454 semper
2176 3385 2242 3434 nos
2264 3369 2330 3436 toti
2356 3387 2415 3436 su·

566 3517 759 3606 prescripti
787 3523 823 3587 et
845 3520 976 3588 nostris
1000 3520 1164 3588 eredibus
1187 3523 1262 3592 tota
1285 3525 1320 3589 et
1344 3517 1470 3586 inclita
1494 3517 1739 3604 suprascripta
1761 3519 1869 3584 rebus
1890 3534 1954 3604 per
1987 3518 2228 3606 suprascripte
2262 3519 2345 3587 finis
2380 3522 2418 3588 et

565 3673 749 3741 mensurio
772 3675 855 3758 apto
878 3676 1035 3759 tempure
1059 3671 1142 3740 illut
1166 3671 1368 3740 lavoremus
1391 3671 1435 3738 (16
1458 3689 1565 3757 super
1588 3673 1624 3739 et
1647 3670 1690 3738 (16
1713 3673 1847 3757 subter,
1871 3669 1972 3737 sicud
1994 3670 2091 3738 lucus
2117 3673 2192 3758 ipse
2226 3674 2411 3759 meruerit,

567 3828 603 3893 ct
623 3796 692 3892 'ubi
717 3824 904 3910 meruerit,
927 3825 1114 3894 arboribus
1136 3828 1173 3893 et
1197 3823 1263 3891 viti
1286 3823 1329 3892 do
1352 3825 1442 3890 buno
1466 3819 1603 3890 vitinec
1628 3819 1758 3888 ibidem
1780 3813 2022 3908 pastenemuS,
2046 3827 2082 3889 et
2106 3823 2202 3890 omni
2219 3826 2416 3910 temporea

564 3983 669 4064 parte
692 3978 734 4046 de
758 3977 833 4066 ipse
857 3980 914 4048 bie
938 3977 1020 4047 illut
1043 3979 1174 4044 bonum
1197 3976 1407 4063 cludamuS,
1432 3978 1468 4044 et
1490 3974 1627 4043 clusum
1650 3993 1781 4042 vonum
1804 3978 2002 4063 abeamus,
2026 3975 2119 4046 sicut
2153 3980 2353 4068 meruerit,
2377 3986 2415 4052 61

562 4149 625 4216 per
650 4149 770 4199 omnes
794 4149 931 4200 annum
953 4133 1067 4199 tutum
1089 4133 1125 4199 et
1149 4128 1312 4198 inclitum
1334 4127 1432 4194 omni
1455 4131 1612 4214 tempure
1633 4126 1828 4214 perfectum
1852 4127 1986 4213 paread
2017 4126 2247 4218 laboratum,
2270 4137 2306 4202 et
2339 4135 2416 4201 cul-

561 4289 692 4373 tatum,
716 4290 752 4352 et
776 4288 928 4372 eurtum,
952 4289 988 4353 et
1011 4283 1179 4371 salbum,
1203 4282 1252 4349 ud
1274 4281 1399 4351 amodo
1421 4285 1457 4350 et
1479 4300 1616 4368 semper
1640 4285 1753 4350 tutum
1775 4299 1906 4349 vonum
1928 4283 2117 4368 proficiant
2139 4290 2177 4354 61
2198 4304 2271 4354 non
2295 4288 2416 4376 dispe·

563 4441 692 4505 reant:
720 4440 860 4506 tantum
884 4413 989 4506 infra
1004 4435 1208 4522 supradicte
1231 4433 1315 4501 finis
1337 4436 1373 4501 et
1397 4431 1576 4502 mensurie
1599 4433 1639 4502 in
1662 4433 1742 4522 ipsa
1763 4437 1866 4521 parte
1888 4435 2081 4505 occidentis
2105 4437 2145 4505 in
2167 4439 2248 4526 ipsa
2268 4441 2340 4510 fine
2356 4443 2411 4530 ip·

559 4591 637 4658 sius
660 4589 780 4657 domni
805 4588 1002 4676 radeighisi
1025 4590 1122 4657 etin
1146 4589 1224 4675 ipsa
1248 4590 1350 4674 parte
1372 4587 1648 4673 septemtrionis,
1673 4587 1735 4656 ubi
1758 4590 1812 4662 est
1835 4588 1913 4673 ipsa
1936 4588 2078 4676 padule,
2102 4591 2133 4657 si
2157 4592 2208 4660 ibi
2224 4592 2409 4680 plantave-

559 4742 688 4832 rimus,
714 4744 861 4814 tertiam
884 4745 921 4810 et
945 4745 1077 4828 quarta
1098 4739 1177 4809 bice
1200 4740 1388 4809 arboribus
1411 4742 1447 4806 et
1469 4736 1559 4806 vites
1583 4740 1619 4805 et
1643 4740 1789 4807 abemus
1812 4737 1944 4807 exinde
1966 4741 2125 4811 maxima
2152 4747 2351 4834 certarnen,
2376 4752 2415 4816 et

558 4916 632 4968 non
657 4896 788 4966 ibidem
811 4893 962 4982 prendet
985 4893 1054 4979 ipsi
1077 4893 1266 4960 arboribus
1289 4895 1325 4958 et
1346 4891 1422 4978 ipse
1440 4889 1532 4958 bites
1547 4906 1611 4976 pro
1627 4887 1705 4976 ipsa
1721 4889 1863 4977 padule,
1880 4891 1973 4960 unde
1989 4893 2070 4962 ausi
2088 4894 2261 4964 fuerimus
2286 4915 2411 4968 secun-

556 5051 642 5120 dum
665 5050 781 5138 legem
804 5047 927 5116 iurare
950 5045 996 5115 ad
1019 5063 1104 5134 pars
1129 5043 1241 5132 ipsius
1265 5042 1425 5130 ecclesie,
1448 5060 1521 5110 non
1544 5044 1678 5113 siamus
1694 5045 1776 5114 inde
1794 5046 2003 5136 culpaviies,
2021 5051 2057 5117 61
2071 5049 2196 5118 amodo
2219 5054 2256 5119 et
2270 5071 2409 5140 semper

556 5223 620 5290 per
636 5207 793 5288 tempum
810 5201 854 5268 (16
869 5198 1050 5268 bindemie
1066 5215 1129 5285 per
1141 5215 1264 5264 omnes
1280 5213 1416 5264 annum
1432 5195 1608 5265 faciamus
1625 5197 1717 5264 scire
1734 5216 1817 5285 pars
1833 5198 1946 5285 ipsius
1961 5199 2121 5288 ecclesie,
2138 5201 2187 5270 ud
2202 5202 2335 5272 ibidem
2359 5203 2415 5273 di·

558 5357 664 5445 rigad
687 5357 835 5425 missum
860 5373 978 5440 suum,
1002 5356 1038 5420 et
1059 5368 1123 5417 nos
1146 5354 1259 5418 totum
1283 5350 1359 5434 ipso
1383 5351 1570 5417 arbustum
1592 5369 1655 5436 per
1679 5351 1921 5438 suprascripte
1936 5351 2017 5418 finis
2033 5355 2070 5420 et
2086 5354 2267 5422 mensurio
2283 5354 2424 5423 adsim.

558 5527 708 5596 gnemus
732 5507 779 5576 ad
801 5525 884 5593 pars
908 5507 1021 5593 ipsius
1044 5501 1194 5572 ecclesie
1216 5500 1412 5588 perfectum
1434 5499 1652 5585 laboratum,
1676 5505 1712 5568 et
1734 5499 1874 5568 salbum
1895 5519 1959 5587 per
1981 5519 2104 5570 omnes
2127 5522 2264 5572 annum
2291 5510 2328 5574 et
2351 5526 2411 5576 ra·

555 5661 778 5731 tionaviliter
804 5664 885 5746 apto
908 5661 1065 5744 tempore
1089 5655 1170 5723 illut
1192 5653 1465 5741 vindemiemus,
1487 5659 1524 5722 et
1546 5654 1591 5722 ad
1615 5654 1835 5741 palmentum
1858 5652 1940 5724 illut
1963 5655 2088 5743 ibique
2104 5674 2351 5746 procuremus,
2376 5665 2413 5729 et

557 5816 672 5883 omnis
696 5815 817 5882 vinum
842 5832 949 5900 quam
973 5811 1057 5880 inde
1079 5809 1240 5895 exierit,
1264 5827 1326 5894 per
1348 5805 1576 5877 medietatem
1600 5807 1682 5876 illut
1712 5809 1913 5879 dividamus
1948 5829 2030 5878 cum
2067 5810 2142 5897 ipso
2179 5812 2327 5881 missum
2362 5812 2407 5882 de
2477 5807 2479 5810 ’
