5414 7098
1218 544 1391 618 000οΧ
1429 547 1696 624 CAVENSIS

1317 915 1602 1004 DCGXXI.

1319 1185 1373 1264 A.
1400 1184 1452 1263 D.
1480 1182 1609 1266 1020.

637 1473 751 1548 Quum
767 1477 994 1562 principium
1017 1475 1121 1544 huius
1142 1475 1294 1544 chartae
1315 1476 1463 1543 minime
1484 1476 1636 1562 inteltipi
1654 1477 1783 1563 possit,
1807 1477 2050 1545 cometarium
2063 1477 2304 1562 praebemus.-

585 1575 623 1716 †
648 1628 800 1716 Septimo
822 1646 919 1698 anno
942 1627 1167 1716 principatus
1183 1627 1301 1696 domni
1318 1629 1488 1698 Iohannis
1513 1677 1994 1700 ..............
2019 1648 2139 1700 mense
2154 1631 2269 1720 Iunio,
2286 1631 2397 1704 tertia

538 1781 746 1852 indictione.
772 1783 964 1854 conventio
987 1784 1084 1852 inter
1106 1783 1268 1870 Sergium
1291 1782 1478 1853 Galendola
1509 1789 1545 1852 et
1578 1785 1747 1856 Altanum
1771 1785 1814 1856 de
1848 1785 2023 1856 divisione
2057 1785 2222 1856 facienda
2246 1785 2286 1854 in
2310 1785 2387 1855 loco

540 1935 676 2006 Albole.

583 2091 645 2158 Ita
668 2094 826 2177 sequitur
849 2095 1001 2160 tentus.-

583 2241 628 2311 Et
650 2244 681 2310 si
716 2244 886 2312 forsitans
921 2243 1011 2313 mihi
1043 2243 1266 2314 causationes
1293 2247 1421 2312 exurte
1446 2244 1581 2313 luerint
1603 2243 1647 2312 de
1669 2245 1906 2313 castanietum
1930 2263 2048 2313 meum
2070 2243 2114 2313 de
2138 2243 2253 2312 locum
2278 2242 2396 2315 alhole

541 2396 634 2482 quod
659 2395 790 2466 ibidem
813 2402 867 2467 eat
870 2447 1135 2467 ........
1161 2395 1252 2484 quod
1276 2397 1309 2465 ei
1332 2414 1404 2465 non
1428 2396 1662 2485 donabimus,
1687 2403 1774 2466 tunc
1798 2399 1875 2486 ipso
1897 2402 2104 2486 preceptum
2132 2398 2272 2469 salbum
2307 2351 2397 2487 aput

538 2565 605 2616 nos
626 2549 783 2638 emittat,
807 2555 843 2618 et
865 2567 929 2619 nos
951 2549 1053 2618 illum
1078 2553 1259 2637 abeamus,
1279 2569 1390 2638 usque
1412 2551 1496 2620 dum
1520 2551 1625 2620 tinem
1649 2552 1733 2622 inde
1748 2554 1959 2640 faceremus
1977 2556 2056 2640 post
2071 2553 2179 2622 linem
2195 2552 2278 2622 inde
2294 2553 2392 2623 sacta

540 2704 681 2774 salbum
699 2704 801 2773 illum
825 2711 913 2792 aput
936 2704 1052 2793 illum,
1069 2705 1125 2774 vel
1141 2703 1220 2774 eius
1234 2704 1382 2774 heredes
1398 2705 1605 2776 emittamus
1622 2709 1843 2793 potestatem3
1863 2705 1894 2775 si
1910 2708 2030 2775 autem
2046 2710 2177 2776 cuncta
2193 2725 2261 2792 que
2276 2707 2391 2794 prele-
2508 2779 2514 2791 ,

540 2857 654 2946 gitur,
670 2857 761 2927 mihi
777 2858 917 2945 meique
934 2857 1124 2927 heredibus
1140 2874 1213 2926 non
1237 2857 1502 2946 adimplebant,
1521 2863 1591 2958 aut
1600 2860 1631 2926 si
1647 2859 1779 2947 aliquit
1793 2858 1925 2929 exinde
1942 2862 2111 2928 contrane
2134 2857 2190 2928 vel
2206 2861 2391 2928 remobens

540 3014 727 3103 quesierit,
741 3031 951 3101 componere
974 3014 1147 3101 obligavit
1169 3031 1208 3082 se
1231 3017 1267 3082 et
1292 3015 1368 3082 suis
1391 3013 1582 3082 heredibus
1605 3013 1694 3081 mihi
1717 3013 1773 3082 vel
1789 3013 1837 3082 ad
1852 3012 1941 3082 meis
1957 3010 2149 3081 heredibus
2164 3011 2285 3082 decem
2308 3013 2391 3082 auri

541 3167 671 3236 solidos
686 3168 945 3249 constantines,
963 3173 1001 3237 et
1022 3187 1086 3256 per
1110 3168 1235 3238 invitis
1258 3167 1380 3238 omnia
1404 3165 1648 3256 suprascripta
1671 3165 1774 3234 nobis
1798 3165 2001 3253 nostrisque
2014 3164 2391 3254 heredibusadimple-

540 3324 640 3389 rent:
659 3326 793 3408 preter,
807 3321 838 3388 si
861 3341 925 3409 per
948 3321 1008 3392 lex
1030 3321 1187 3392 cecidere
1198 3323 1315 3409 debet,
1332 3325 1373 3390 ut
1389 3324 1613 3391 sacramenta
1636 3319 1720 3388 inde
1742 3319 1923 3408 dare,'nos
1938 3318 2017 3407 ipsa
2034 3323 2263 3390 sacramenta
2277 3323 2314 3388 et
2329 3335 2394 3386 no·

541 3473 627 3544 stris
650 3475 841 3546 heredibus
863 3477 987 3546 demus
1009 3482 1045 3546 et
1066 3476 1327 3566 persolbamuS,
1352 3481 1480 3546 etune
1504 3477 1648 3545 brebem
1671 3476 1799 3562 scripsi
1823 3494 1889 3564 ego
1903 3475 2047 3545 alchoin
2064 3477 2230 3544 notarius
2247 3474 2311 3563 qui
2329 3473 2386 3544 in-

540 3632 677 3719 terluit,
702 3649 768 3720 ego
795 3631 998 3720 truppoalt‚
1021 3651 1088 3720 ego
1112 3631 1308 3702 audoaldus
1330 3637 1366 3702 et
1388 3653 1454 3720 ego
1478 3633 1606 3720 roffrit3
1630 3637 1717 3702 tunc
1739 3652 1806 3721 ego
1830 3633 1992 3720 superius
2014 3631 2132 3701 dictus
2155 3605 2387 3718 iudex,'dum

541 3786 716 3872 scriptum
740 3783 806 3855 illu
828 3803 893 3873 pro
915 3784 1037 3854 taliter
1060 3783 1272 3873 religentem
1295 3790 1331 3854 et
1353 3785 1596 3856 continentem
1620 3787 1843 3874 agnobimus,
1860 3785 1939 3854 ideo
1963 3802 2032 3852 unc
2055 3783 2259 3871 exemplum
2275 3783 2318 3852 de
2333 3799 2396 3852 eos

541 3941 698 4010 scribere
721 3939 880 4010 lecimus.
906 3941 1004 4019 Quod
1027 3942 1095 4010 tibi
1120 3939 1291 4009 romoaldi
1315 3940 1455 4009 notario
1478 3939 1633 4010 scribere
1655 3938 1895 4028 dictabimus,
1919 3940 1981 4027 qui
2005 3940 2181 4025 scriptum
2207 3937 2310 4006 illum
2334 3937 2391 4008 vi·

541 4093 627 4164 disti
650 4101 686 4165 et
709 4095 881 4184 relegisti.

587 4224 618 4339 †
644 4250 718 4338 Ego
740 4251 802 4338 qui
827 4271 936 4340 supra
960 4251 1107 4321 ioannes
1129 4249 1251 4320 iudex.

1226 4505 1666 4518 w

1304 4802 1611 4888 DCCXXII·

1306 5065 1359 5144 A.
1387 5063 1437 5142 D.
1467 5061 1597 5146 1020.

585 5309 622 5449 †
646 5362 686 5429 ln
718 5359 863 5430 nomine
893 5359 1028 5428 domini
1051 5357 1231 5428 tricesimo
1253 5358 1406 5430 secundo
1428 5374 1525 5427 anno
1546 5356 1772 5446 principatus
1793 5355 1915 5425 domni
1938 5356 2146 5446 guaimari,
2174 5363 2210 5428 et
2232 5358 2388 5428 secundo

540 5531 636 5586 anno
659 5513 882 5602 principatus
904 5509 1024 5580 domni
1048 5509 1245 5598 guaimarii
1268 5515 1388 5597 optato
1404 5508 1492 5598 fllio,
1507 5509 1655 5598 gloriosi
1671 5509 1865 5600 principes,
1889 5527 2010 5580 mense
2026 5509 2149 5600 iulius,
2167 5509 2278 5582 tertia
2295 5509 2391 5580 indi·

539 5669 670 5739 ctione.
694 5665 983 5736 llemoratorium
1007 5663 1142 5734 iactum
1165 5682 1188 5733 a
1210 5679 1266 5730 me
1288 5661 1406 5732 nicola
1420 5662 1494 5731 filio
1510 5663 1615 5748 (deest
1631 5667 1771 5751 maren)
1786 5684 1827 5736 eo
1842 5665 1936 5755 quod
1951 5671 2035 5737 ante
2052 5667 2235 5754 presentia
2259 5667 2381 5736 domui

546 5822 696 5894 iohanni
720 5819 933 5891 venerabilis
956 5818 1090 5908 presuli
1113 5821 1237 5888 sancte
1260 5816 1354 5886 sedis
1375 5819 1550 5903 pestana,
1585 5825 1621 5888 et
1648 5824 1733 5890 ante
1763 5839 1845 5892 eum
1875 5827 2011 5893 astaret
2047 5822 2183 5892 idoneis
2206 5823 2387 5893 ominibus
