5466 7106
1014 597 1448 676 nlrtousrmus-
2033 603 2101 676 109

294 825 426 896 sortis:
451 843 518 914 ego
540 823 597 896 vel
620 843 706 914 pars
728 823 841 914 ipsius
864 824 1013 896 ecclesie
1036 825 1203 896 tollamus
1225 825 1308 896 inde
1332 845 1406 898 una
1428 827 1575 897 tertiam
1597 831 1749 916 partem,
1772 833 1808 898 et
1831 827 1901 896 illis
1926 827 1996 896 due
2018 829 2146 916 sortis;

294 978 445 1049 missum
469 981 646 1067 nostrum,
663 977 750 1047 dum
772 997 836 1066 pro
859 979 934 1066 ipse
957 977 1136 1048 vindemie
1157 983 1194 1047 ct
1217 998 1280 1066 per
1304 980 1379 1067 ipse
1403 978 1480 1049 aire
1504 979 1637 1048 ibidem
1652 979 1806 1066 steterit,
1824 978 1896 1048 illis
1912 998 1993 1048 eum
2009 981 2147 1048 notrire

292 1131 489 1202 secundum
515 1149 583 1201 sua
609 1131 872 1220 possibilitate,
900 1131 975 1221 ipse
1005 1132 1147 1220 quertie
1179 1151 1242 1220 per
1265 1149 1402 1202 annum
1425 1129 1594 1219 colligere
1617 1135 1654 1200 et
1677 1130 1775 1201 salbe
1798 1130 1859 1200 ille
1883 1133 2068 1200 internos
2097 1133 2151 1202 di-

293 1285 457 1356 vidamus
481 1304 545 1372 per
567 1284 818 1355 medietatem:
843 1302 907 1354 nos
930 1284 1096 1356 tollamus
1119 1285 1179 1352 ille
1203 1285 1455 1363 medietatem,
1485 1290 1523 1355 et
1546 1285 1619 1356 illis
1642 1286 1773 1355 tollant
1795 1285 1879 1356 illut
1908 1287 2150 1358 medietatem.

295 1439 340 1508 ut
363 1437 469 1526 quale
492 1439 651 1526 temporo
672 1436 759 1526 illie,
783 1435 835 1507 vel
862 1436 1005 1506 illorum
1029 1437 1189 1525 heredes,
1206 1438 1252 1506 da
1274 1437 1341 1526 ipsi
1366 1458 1431 1508 sex
1455 1439 1543 1509 anni
1566 1439 1606 1508 in
1629 1445 1739 1510 antea
1763 1441 1806 1509 de
1829 1459 1872 1510 ac
1896 1445 1995 1510 terra
2017 1441 2151 1512 exierit
2174 1457 2176 1464 ’

294 1590 425 1662 aliiubi
449 1588 496 1658 ad
518 1589 739 1676 avitandum,
763 1591 827 1658 aut
850 1587 880 1656 si
904 1588 1013 1658 talem
1036 1589 1161 1659 iecerit
1183 1591 1302 1678 culpa,
1328 1592 1423 1662 unde'
1443 1593 1627 1680 ceciderit,
1650 1592 1896 1680 suprascripta
1919 1597 2025 1662 rebus
2054 1610 2148 1661 vona

295 1742 458 1816 lavorata
481 1747 518 1812 et
541 1743 681 1812 cultata
703 1746 739 1811 et
762 1741 863 1810 clusa
886 1742 1046 1809 robertes
1069 1741 1115 1810 ad
1130 1745 1339 1829 potestatem
1356 1743 1515 1832 predicte
1530 1749 1650 1814 nostre
1665 1747 1828 1833 ecclesie,
1843 1745 2047 1815 faciendum
2065 1745 2149 1813 inde

294 1899 390 1987 quod
413 1896 592 1984 boluerit;
616 1896 838 1981 notamen,
870 1899 910 1963 ut
932 1895 965 1963 si
989 1893 1086 1965 infra
1108 1902 1182 1966 tres
1206 1899 1295 1966 anni
1318 1899 1451 1968 ibidem
1471 1901 1606 1969 rebersi
1631 1900 1740 1969 suerit
1763 1901 1809 1970 ad
1832 1899 2073 1986 abbandum,
2098 1901 2154 1968 vel

297 2051 359 2120 ubi
383 2051 423 2120 in
445 2050 566 2138 gratia
588 2045 792 2136 pervenerit
814 2046 858 2114 de
881 2045 961 2134 ipsa
987 2047 1105 2135 culpa,
1123 2049 1369 2138 suprascripta
1393 2052 1498 2119 rebus
1522 2050 1735 2138 perveniant
1758 2050 1803 2120 ad
1827 2049 1972 2118 illorum
1997 2052 2156 2138 potesta-

298 2209 385 2292 tem,
408 2203 603 2274 tenendum
626 2205 663 2270 et
686 2201 918 2270 lavorandum
943 2199 1024 2270 illut
1047 2202 1087 2270 in
1110 2203 1352 2288 suprascripto
1375 2201 1515 2289 ordine,
1539 2206 1681 2273 tantum
1710 2201 1824 2289 ipsum
1849 2219 1986 2272 annum
2009 2202 2041 2270 si
2058 2201 2156 2270 labo-

299 2303 417 2432 ratum
452 2358 592 2444 suerit,
627 2354 793 2425 tollamus
818 2352 902 2422 inde
926 2353 1043 2442 ipsum
1066 2371 1202 2424 annum
1225 2355 1301 2441 ipso
1324 2353 1498 2444 frudium3
1522 2355 1566 2424 de
1588 2373 1662 2444 qua
1685 2375 1749 2444 per
1774 2373 1867 2424 vona
1890 2353 2155 2424 combenientia

297 2509 434 2598 guadia
450 2508 540 2577 milri
558 2507 626 2596 ipsi
642 2525 764 2576 omnes
780 2505 1016 2594 suprascripti
1032 2505 1206 2575 dederunt
1220 2509 1256 2574 et
1269 2504 1480 2578 mediatores
1496 2503 1610 2574 michi
1626 2509 1821 2594 posuerunt
1843 2525 1882 2576 se
1905 2505 2007 2594 ipsis;
2032 2511 2068 2574 et
2093 2524 2157 2593 per

302 2663 380 2751 ipsa
402 2661 539 2750 guadia
561 2665 625 2732 etc.
643 2663 792 2732 stolato
814 2660 948 2728 nsnlclo
969 2659 1099 2746 oiyintt
1122 2660 1208 2725 orori
1223 2659 1417 2726 solr'dornnr
1434 2659 1673 2728 Constantini.
1694 2659 1736 2726 Et
1752 2660 1847 2727 hunc
1863 2661 2004 2728 brebem
2022 2657 2158 2747 scripsi

298 2837 367 2908 ego
390 2819 564 2888 iohannes
587 2819 763 2886 notarius,

347 2949 379 3065 †
406 2978 481 3064 Ego
504 2973 663 3044 edomari
686 2972 850 3042 notarius
874 2989 930 3039 mc
955 2971 1147 3057 subscripsi

348 3101 379 3217 †
404 3129 479 3216 ugo
502 3127 663 3198 ademari
685 3125 848 3196 notarius
871 3145 927 3194 me
951 3125 1162 3212 subscripsi.

1043 3376 1414 3387 ——-..----———

1041 3665 1425 3752 DCCLXXIV.

1033 3908 1040 3922 '
1087 3917 1142 3994 A.
1171 3913 1222 3992 D.
1249 3911 1378 3994 1025.

351 4136 388 4276 †
413 4188 453 4256 ln
475 4187 618 4255 nomine
641 4182 776 4253 domini
792 4182 849 4252 dei
864 4179 1053 4251 salvatoris
1068 4175 1171 4246 ihesu
1186 4176 1313 4244 christi
1330 4177 1531 4264 imperante
1547 4173 1674 4244 domno
1698 4172 1827 4243 basilio
1850 4189 1984 4259 magno
2002 4173 2163 4260 impera-

309 4345 386 4413 tore
410 4340 636 4431 sexagesimo
659 4343 773 4427 sexto,
797 4337 857 4406 sed
881 4341 916 4405 et
939 4334 1165 4403 constantino
1187 4331 1301 4401 irater
1323 4331 1401 4399 eius
1422 4346 1555 4417 magno
1580 4317 1923 4416 imperatore,'anno
1941 4325 2165 4414 sexagesimo

307 4499 429 4584 tertio,
453 4496 511 4565 die
534 4495 684 4584 septima
706 4491 839 4560 mensis
862 4487 1007 4577 agusti,
1033 4485 1229 4556 indictione
1253 4502 1349 4553 nona
1373 4479 1400 4567 Ι)
1423 4482 1577 4570 neapoli.
1602 4481 1745 4550 eertum
1780 4483 1835 4550 est
1863 4497 1919 4548 me
1942 4480 2166 4551 aurilianum

308 4647 553 4736 primicerium
586 4648 821 4734 cognomento
844 4641 1089 4727 caballinum,
1119 4638 1232 4706 filium
1259 4636 1439 4724 quondam
1467 4635 1562 4721 petri
1590 4631 1777 4720 caballini,
1808 4651 1890 4701 cum
1913 4631 2097 4701 voluntate
2122 4632 2164 4698 de

309 4817 391 4869 rosa
413 4799 612 4887 posteriora
634 4795 769 4866 coniux
791 4813 871 4865 mea
894 4791 1159 4862 havitatoribus
1183 4789 1222 4857 in
1247 4788 1322 4856 loco
1345 4787 1409 4874 qui
1433 4789 1580 4856 vocatur
1603 4803 1737 4852 somma
1753 4782 1781 4868 ²)
1803 4783 1893 4852 terri
1916 4783 2119 4871 plegienie,
2145 4802 2166 4850 a

311 4951 470 5042 presenti
494 4952 552 5021 die
575 4949 816 5040 promtissima
840 4948 1022 5016 voluntate
1047 4940 1257 5012 venumdedi
1285 4942 1322 5008 et
1344 4936 1477 5008 tradidi
1503 4936 1601 5005 vobis
1625 4954 1778 5023 sparauo
1801 4935 1876 5004 filio
1899 4935 2079 5023 quondam
2103 4955 2167 5005 au·

310 5105 437 5175 riliani
460 5105 504 5174 de
527 5105 702 5191 fontana,
737 5107 773 5171 et
806 5098 970 5188 sapatino
1005 5097 1079 5164 filio
1109 5093 1285 5182 quondam
1309 5088 1477 5158 iohannis
1499 5087 1821 5174 cognominabatur
1846 5086 1996 5175 foliola,
2022 5091 2089 5156 hoc
2113 5094 2167 5155 est

308 5255 474 5344 cognatis
497 5255 733 5325 avitatoribus
757 5257 878 5322 autem
905 5250 944 5319 in
967 5246 1212 5336 suprascripto
1235 5245 1310 5311 loco
1333 5260 1445 5329 soma,
1469 5239 1560 5308 idest
1583 5239 1728 5326 integra
1752 5258 1825 5310 una
1858 5241 1955 5327 petia
1979 5241 2022 5309 de
2048 5247 2166 5310 terras

310 5427 408 5479 meas
431 5408 644 5477 constitutae
665 5423 749 5476 vero
773 5405 812 5474 in
830 5403 1071 5492 suprascripto
1087 5399 1162 5468 loco
1177 5415 1288 5482 some,
1312 5398 1349 5462 et
1370 5392 1580 5460 nominatur
1604 5390 1650 5461 ad
1676 5391 1779 5460 illum
1801 5397 1934 5479 torum,
1958 5412 2040 5462 cum
2064 5411 2167 5480 aspe-

353 5769 377 5856 ¹)
398 5775 509 5855 Lege:
534 5783 658 5838 octavo.

353 5922 379 6002 ²)
400 5923 542 5996 Saarna,
566 5922 712 5994 Summo,
737 5918 777 5980 ed
799 5918 930 5980 radices
952 5913 1072 5976 Montis
1094 5909 1229 5971 Vesuvii
1252 5909 1369 5988 posita.
