5370 7104
607 463 668 590 aa
1069 593 1073 602 ,
1248 517 1365 592 aaut
1391 521 1447 593 uu
1474 522 1756 598 rauronraus

619 763 639 812 a
664 741 787 828 Roma,
815 741 839 812 il
865 741 975 838 primo
1002 742 1037 814 di
1064 742 1132 813 ossi
1159 740 1235 817 (1133
1254 780 1303 799 -
1318 739 1495 816 Nobilibus
1519 745 1687 842 quondam
1711 743 1833 839 fueras
1857 755 2052 818 constructa
2072 750 2229 842 patronis
2245 789 2295 802 —
2311 771 2329 820 e
2344 749 2414 826 tut-

618 901 907 974 timo-onoma
944 901 1001 972 sul
1037 903 1148 974 ualeat
1171 905 1270 976 secla
1303 926 1365 998 per
1402 903 1515 1000 ampla
1547 913 1656 975 tuum.
1697 901 1873 998 Siaguono
1912 902 2001 998 dopo
2040 903 2153 996 questi
2194 903 2239 975 18
2276 905 2364 976 versi
2396 925 2414 982 3

616 1062 735 1134 Roma:
755 1098 804 1117 -
821 1059 1003 1156 Searpsum
1028 1083 1072 1132 eu
1097 1061 1237 1133 historia
1254 1062 1495 1132 aecclesiastica
1520 1061 1658 1134 Etosebii
1684 1061 1850 1158 Episcopi,
1867 1061 1947 1158 quib
1965 1062 2121 1158 loseppus
2139 1063 2415 1158 historiopraphus

616 1219 796 1291 lueleorum
821 1218 861 1291 le
886 1217 1026 1291 Domino
1051 1227 1165 1291 nostro
1191 1218 1289 1290 lhesu
1317 1217 1446 1291 Christo
1472 1225 1508 1293 in
1532 1243 1597 1291 sua
1622 1221 1765 1292 historia
1788 1225 1995 1292 narrauit—
2021 1221 2103 1292 ltem
2136 1222 2297 1316 aepistola
2322 1225 2416 1293 missa

614 1376 655 1448 ab
681 1399 810 1471 euporo
836 1377 881 1448 ool
907 1377 1087 1450 Dominum
1113 1375 1283 1450 Christum
1307 1401 1367 1472 per
1392 1377 1566 1449 Ananiam
1592 1375 1782 1448 Cursorem.
1819 1376 1965 1472 Soarpsa
2002 1400 2047 1448 ea
2082 1377 2223 1448 historia
2260 1375 2416 1450 Ecclesia·

612 1539 693 1608 stica
710 1571 761 1600 -ι
785 1537 866 1610 ltem
891 1541 1060 1634 responsio
1087 1539 1242 1633 aepistola
1267 1537 1407 1610 Domini
1432 1536 1530 1608 lhesu
1557 1534 1679 1608 Christi
1707 1536 1752 1606 ael
1784 1533 1963 1630 Auparum
1994 1558 2115 1629 repom,
2144 1544 2177 1606 et
2200 1535 2329 1606 directa
2358 1560 2415 1632 per

614 1697 756 1768 erendum
781 1696 1122 1770 Ananiam—Crat
1146 1705 1259 1769 autem
1283 1697 1334 1767 his
1362 1699 1527 1791 aepistolis
1553 1697 1752 1768 alternatum
1777 1699 1878 1767 etiom
1912 1696 1971 1766 hoo
2008 1696 2126 1789 liupua
2151 1717 2310 1787 sprorum
2344 1696 2416 1768 sul-

612 1859 784 1952 seriptum,
812 1859 899 1953 qum
923 1859 1020 1952 infra
1044 1862 1278 1951 scriptumest
1307 1887 1321 1922 «
1344 1857 1467 1929 Postea
1484 1879 1560 1928 oero
1577 1881 1677 1952 quam
1695 1857 1809 1928 ihesus
1836 1864 2029 1949 assumptus
2055 1863 2104 1926 est
2127 1863 2188 1926 eto.
2221 1885 2308 1921 n-
2325 1853 2417 1927 Scar-

607 2038 709 2110 psam
734 2040 778 2088 ea
802 2017 945 2088 historia
970 2016 1217 2087 aecclesiastica
1241 2014 1378 2086 Cttsebii
1402 2015 1488 2110 quood
1523 2014 1657 2087 Pilatus
1693 2019 1850 2088 narrauit
1884 2015 1924 2086 ele
1958 2013 2155 2086 Christo—
2173 2015 2255 2087 Item
2279 2020 2416 2088 333133

612 2176 871 2282 historiopraphi
894 2176 934 2246 tle
958 2185 1063 2247 morte
1088 2175 1219 2247 herodis
1244 2177 1438 2271 rreqrtissimi
1462 2177 1518 2270 qui
1539 2185 1676 2270 proptor
1703 2173 1876 2246 Christum
1899 2176 2067 2269 interfecit
2092 2175 2241 2268 infantes
2258 2215 2308 2230 —
2332 2173 2414 2248 Ante

612 2334 734 2406 bellum
758 2359 932 2428 soarpsum
957 2359 1002 2405 eu
1026 2335 1168 2406 historia
1193 2336 1436 2406 aecclesiastica
1457 2333 1537 2429 qruiel
1555 2335 1715 2428 joseppus
1739 2346 1864 2407 narrat
1889 2337 1929 2408 de
1954 2341 2056 2432 amnis
2073 2373 2122 2390 —-
2137 2333 2196 2405 lla
2222 2335 2340 2408 eadem
2367 2336 2415 2410 hi-

610 2497 718 2566 storio
743 2495 822 2590 quid
847 2494 925 2565 elicit
951 2494 1106 2588 loseppus
1131 2492 1171 2564 ele
1198 2492 1344 2564 Iohanne
1370 2492 1512 2586 baptista
1529 2533 1579 2546 -
1596 2495 1636 2564 ed
1664 2491 1742 2565 altri
1768 2501 1819 2563 tre
1846 2491 1942 2564 brevi
1970 2494 2141 2589 capitoli,
2169 2517 2271 2568 senza
2300 2493 2410 2582 titolo,

611 2676 696 2748 pure
722 2651 755 2722 di
782 2651 943 2726 Eusebio.
971 2651 1045 2721 lndi
1074 2675 1141 2725 una
1168 2649 1290 2724 lettera
1316 2649 1349 2719 di
1378 2650 1414 2723 S.
1446 2649 1633 2740 Girolamo,
1663 2674 1762 2724 senza
1779 2651 1893 2738 titolo,
1915 2653 2079 2746 eposoia:
2099 2654 2217 2726 -De
2233 2655 2416 2727 canonibus

610 2813 822 2884 conciliorum
837 2811 1050 2906 -Epistola
1079 2811 1240 2884 Tlrcolori
1265 2809 1417 2907 Pupe—
1435 2813 1554 2906 Incipit
1577 2817 1646 2884 uita
1670 2821 1864 2884 sanctorum
1889 2813 2035 2884 Petrum
2068 2811 2252 2908 Arepustini
2285 2825 2319 2884 et
2347 2812 2415 2886 Vsi-

610 2971 685 3042 lori
700 2972 814 3044 -De
839 2978 997 3065 quattuor
1015 2971 1155 3061 jeireniis
1181 2973 1265 3041 anni
1282 3009 1322 3021 -
1340 2973 1393 3046 De
1411 2973 1544 3064 jetumo
1570 2975 1694 3069 qrtarti,
1722 2975 1838 3069 quinti,
1879 2976 2011 3069 septimi
2036 2983 2067 3045 et
2092 2974 2211 3046 decimi
2226 2977 2352 3047 mensis
2367 3013 2414 3033 -··

613 3130 794 3226 Scarpsum
819 3130 862 3201 eu
887 3131 1026 3201 historio
1048 3127 1249 3222 francorum
1265 3171 1316 3186 -
1333 3131 1384 3204 De
1404 3131 1534 3222 jeiunio
1561 3142 1639 3205 ante
1664 3157 1804 3206 ascensa
1829 3135 2033 3210 Domini-
2051 3133 2204 3228 Creporii
2229 3135 2360 3232 Papae,
2381 3145 2411 3209 et

813 3426 881 3432 .....-
885 3425 908 3431 -.
935 3423 992 3432 --

562 3636 730 3697 «Traiani
754 3635 887 3696 meruit.
913 3657 928 3693 u
952 3651 1005 3695 rna
1028 3633 1117 3695 nella
1138 3633 1327 3715 pretazione
1351 3633 1404 3694 det
1428 3651 1545 3694 comm.
1571 3631 1683 3694 attat.
1709 3636 1781 3696 1311.
1806 3636 1836 3695 31
1851 3633 1958 3695 Galati
1975 3639 2153 3700 Domestica
2169 3639 2313 3702 Valtarsi
2331 3649 2413 3706 sotto

558 3779 592 3843 lo
613 3781 779 3862 parole-
796 3783 867 3844 Non
891 3780 977 3860 quod
1000 3781 1149 3859 ignorem
1170 3780 1285 3859 Gajum
1306 3780 1447 3840 Marium
1467 3779 1686 3851 Victorinum,
1710 3781 1766 3858 qui
1790 3781 1911 3842 Romae
1929 3800 1981 3841 me
1997 3801 2113 3861 puero,
2130 3783 2347 3850 Rethoricam
2362 3788 2415 3850 do-

559 3929 798 3993 cuit-scrire
816 3926 847 3988 la
867 3929 963 4000 Nota,
987 3927 1049 3988 che
1071 3925 1129 4004 qui
1153 3925 1357 4005 riportiamo,
1374 3925 1407 3985 in
1432 3926 1485 3987 cui
1510 3923 1678 3997 dimostra,
1704 3927 1810 3987 anche
1834 3926 1907 3988 coll’
1921 3928 2064 3990 autarith
2092 3929 2133 4004 di,
2149 3931 2225 3992 altri
2247 3934 2327 3996 Mss.
2352 3936 2414 3999 cho

557 4071 595 4134 G.
618 4070 661 4133 M.
684 4071 848 4133 Vittorino
872 4089 936 4132 non
960 4071 1007 4141 tu,
1030 4071 1073 4128 ne
1095 4073 1210 4148 potera
1234 4086 1349 4129 essere
1372 4073 1455 4130 stato
1479 4068 1502 4130 il
1524 4069 1665 4132 Maestro
1688 4069 1721 4130 di
1744 4072 1777 4133 S.
1801 4069 1979 4133 Girolamo.
2004 4095 2020 4132 u
2038 4075 2145 4138 Antea
2160 4066 2217 4139 au't
2240 4079 2338 4154 falso,
2355 4089 2412 4146 aut

558 4238 574 4276 a
600 4216 806 4279 incommodo
829 4234 930 4277 sensu
952 4214 1138 4292 legebatur,
1154 4213 1266 4292 -qui
1288 4215 1413 4276 Rornae
1435 4233 1557 4296 pueros
1580 4217 1795 4279 Rhetoricarn
1819 4219 1932 4282 docuit
1947 4223 2078 4296 -,vel,
2102 4232 2139 4286 ut
2161 4225 2289 4306 aliquot
2314 4230 2415 4294 etiam

555 4382 572 4421 u
594 4361 673 4424 Mes.
700 4361 852 4423 invenire
876 4367 939 4433 est,
955 4395 995 4407 -
1011 4360 1068 4439 qui
1090 4361 1214 4421 Romae
1238 4377 1290 4420 me
1313 4379 1455 4440 puerum
1477 4364 1690 4429 Rhetoricam
1712 4368 1892 4444 docuit—,
1909 4371 1963 4434 vel
1987 4371 2195 4452 denique,-
2210 4376 2336 4439 Romae
2359 4396 2412 4439 ma

555 4495 616 4568 ‹e'a
636 4527 740 4588 puero
763 4512 827 4570 313.
841 4542 882 4552 -
896 4508 1017 4568 Veram
1039 4505 1219 4568 tectionem
1242 4525 1300 4567 nos
1324 4501 1544 4584 restituimus,
1569 4517 1739 4594 suppetias
1763 4517 1893 4580 ferente
1917 4536 1983 4579 uno
2007 4520 2225 4583 cisterciensi
2248 4522 2310 4585 Ms.
2329 4521 2411 4585 alte-

554 4669 697 4732 oroque
728 4651 953 4725 Cluniacensi,
976 4669 1075 4730 quem
1097 4652 1130 4712 in
1152 4651 1321 4713 Addendis
1343 4653 1415 4735 ipse
1438 4654 1550 4716 laudat
1564 4655 1678 4718 Editor
1693 4658 1944 4722 Benedictinus.
1960 4663 2077 4741 Neque
2094 4666 2184 4725 enim
2199 4665 2412 4730 Victorinum

554 4818 571 4858 3
595 4797 722 4859 audivit
741 4798 975 4878 Hieronymus,
999 4817 1109 4878 neque
1133 4800 1274 4861 tortasse
1297 4819 1358 4880 per
1380 4799 1569 4862 infantilem
1592 4801 1698 4862 adhuc
1721 4808 1861 4866 aetatem
1883 4805 2001 4884 potuit.
2024 4807 2130 4885 Hujus
2154 4809 2225 4888 ipse
2253 4813 2306 4874 rei
2330 4811 2411 4875 tide·

555 4965 571 5004 a
592 4943 761 5026 jussorhin
784 4945 948 5010 Chronico
971 4951 1023 5007 331
1045 4944 1085 5005 ad
1107 4962 1137 5005 a.
1160 4945 1221 5006 358
1242 4945 1300 5006 ubi
1323 4947 1380 5006 ait:
1397 4944 1641 5007 -Victorinus
1664 4949 1790 5010 Rhetor
1813 4955 1847 5010 et
1868 4951 2013 5012 Donatus
2035 4952 2278 5018 Grammaticus
2309 4959 2412 5021 Prae-

514 5167 518 5178 ·
554 5111 571 5151 a
596 5095 709 5168 ceptor
730 5108 825 5152 meus
847 5091 923 5172 (non
947 5090 1271 5172 Praeceptores1mei
1285 5089 1487 5171 —plurium
1511 5093 1660 5173 numero)
1674 5095 1794 5157 Rornae
1812 5097 1961 5174 insignes
1977 5099 2154 5163 habentur.
2170 5139 2212 5149 —
2226 5107 2408 5168 (laetarum

553 5258 570 5298 u
592 5236 668 5298 ride
691 5242 725 5296 31
746 5237 882 5298 Librum
904 5236 943 5298 de
965 5237 1054 5297 Viris
1076 5235 1280 5299 Illustribus.
1299 5261 1314 5296 n
1330 5271 1372 5282 —
1386 5235 1449 5298 Nel
1473 5237 1550 5317 Cap.
1576 5238 1626 5300 ct.
1651 5237 1691 5300 de
1713 5239 1778 5301 VV.
1803 5241 1855 5304 111.
1881 5261 1909 5307 3.
1932 5243 2099 5307 Girolamo
2115 5249 2237 5311 scrire:
2264 5251 2412 5314 311313-

552 5401 568 5440 a
591 5379 698 5452 rinus,
724 5379 856 5440 natione
879 5379 972 5451 Ater,
998 5379 1060 5440 sub
1085 5381 1299 5442 Constantino
1322 5381 1477 5461 Principe
1499 5381 1714 5444 Rethoricam
1737 5385 1849 5447 docuit
1870 5394 1935 5450 etc.
1954 5411 1970 5448 u
1993 5391 2058 5452 3113
2081 5392 2172 5472 quati
2195 5394 2260 5458 due
2280 5395 2407 5459 ultime

549 5522 664 5604 parole
688 5522 711 5582 il
732 5521 873 5584 Valtarsi
900 5523 931 5583 13
954 5522 985 5583 13
1007 5529 1168 5602 seguente
1191 5525 1285 5586 Nota:
1309 5547 1325 5584 u
1349 5526 1397 5598 Si,
1421 5530 1459 5585 ut
1478 5526 1576 5604 vulgo
1599 5529 1747 5592 creditur
1769 5550 1811 5594 ex
1832 5476 1931 5613 praua
1954 5535 2098 5599 lectione
2123 5540 2347 5604 Praelationis
2371 5542 2407 5604 iu

552 5690 568 5728 u
592 5667 776 5750 Epistulam
797 5668 836 5729 ad
857 5667 998 5740 Galatas,
1022 5671 1240 5748 Hieronymus
1264 5671 1335 5750 ipse
1358 5671 1563 5735 Victorinum
1585 5676 1707 5738 Rornae
1736 5679 1991 5760 Praeceptorem
2024 5683 2167 5761 hahuit,
2191 5707 2251 5750 cur
2275 5687 2343 5752 hoc
2373 5691 2408 5752 in

550 5835 568 5872 a
592 5811 664 5876 loco
688 5813 887 5888 dissimulat,
911 5814 1057 5877 omnium
1081 5813 1121 5875 ad
1144 5814 1177 5875 id
1199 5815 1420 5895 profitendum
1442 5821 1653 5886 ornatissimo
1668 5819 1683 5887 ‘l
1699 5847 1769 5883 »-
