5466 7106
1045 525 1443 603 orruonlrrous
1794 534 1797 550 ·
1997 514 2003 524 '
2083 530 2128 602 rs

316 755 363 823 ad
385 751 572 822 cellarium
595 752 709 840 ipsius
733 751 879 822 ecclesie
903 752 946 821 de
969 753 1046 840 ipso
1070 752 1197 844 locum,
1221 759 1257 825 et
1281 774 1496 844 reponamus
1519 757 1603 828 illut
1627 755 1749 846 ibique
1775 757 1814 826 in
1837 775 2034 848 organeum
2057 756 2179 844 ipsius

314 907 465 977 ecclesie
490 923 558 992 que
583 904 628 974 ad
652 906 729 992 ipso
751 903 939 973 cellarium
962 905 1086 992 luerit,
1102 905 1164 972 ubi
1188 905 1361 977 adiubare
1384 910 1548 978 stetimus
1571 909 1616 980 ad
1635 909 1871 978 cunctandum
1888 913 1924 977 et
1939 906 2170 977 studiandum

317 1083 380 1151 per
404 1079 565 1146 annum3
600 1063 655 1145 et,
680 1059 765 1127 dum
788 1078 852 1146 pro
875 1059 953 1145 ipsa
976 1057 1157 1127 vindemia
1179 1078 1242 1146 per
1265 1077 1402 1128 annum
1426 1060 1476 1128 ibi
1500 1060 1640 1129 steterit
1662 1078 1745 1147 pars
1769 1061 1881 1147 ipsius
1903 1056 2053 1128 ecclesie
2074 1105 2084 1143 ,
2107 1072 2172 1122 nos

324 1217 404 1286 illos
427 1212 633 1282 nutriamus
649 1210 844 1280 seeundum
859 1213 1019 1279 nostram
1035 1209 1307 1297 possivilitatem
1322 1213 1358 1279 et
1374 1210 1667 1298 palmentaticum
1683 1171 1832 1298 eisdem,
1847 1211 1940 1279 sicut
1956 1205 2172 1278 consuetude

325 1369 404 1450 est3
430 1361 594 1450 quicquit
617 1364 738 1430 autern
760 1378 824 1447 per
846 1378 982 1430 annum
1006 1359 1057 1426 ibi
1081 1360 1380 1430 seminaberimus
1403 1413 1412 1449 ,
1435 1367 1549 1430 totum
1573 1365 1657 1431 illut
1694 1364 1794 1430 nobis
1829 1365 2013 1448 abeamus,
2036 1363 2178 1430 tantum

325 1519 543 1588 terraticum
566 1514 650 1584 inde
672 1515 794 1582 demus
818 1513 939 1602 ibique
963 1513 1008 1582 ad
1032 1533 1118 1582 area
1142 1513 1182 1580 in
1205 1533 1290 1601 pars
1315 1514 1428 1602 ipsius
1452 1514 1599 1583 ecclesie
1623 1513 1817 1582 secundum
1833 1511 2048 1581 consuetudo
2066 1508 2180 1596 ipsius

328 1669 427 1736 locis.
444 1665 544 1736 Unde
564 1665 603 1732 in
627 1682 668 1734 eo
691 1663 842 1732 hordine
866 1683 928 1752 per
951 1666 1239 1735 conbenientiam
1262 1665 1398 1754 guadia
1420 1668 1522 1734 nobis
1546 1667 1643 1735 dedit
1667 1669 1742 1753 ipse
1766 1668 1874 1736 abbas
1898 1686 1971 1734 una
1994 1684 2076 1732 eum
2099 1666 2177 1751 ipso

328 1837 393 1886 suo
417 1816 693 1902 advocatorem,
716 1818 753 1882 et
775 1814 1006 1885 mediatorem
1029 1817 1130 1884 nobis
1153 1819 1271 1906 posuit
1293 1822 1416 1904 petrus
1439 1820 1616 1906 presbiter
1639 1820 1861 1889 cardinalem
1885 1819 1999 1906 ipsius
2028 1817 2179 1886 ecclesie

327 1987 372 2036 ao
396 1965 496 2034 filius
519 1965 678 2051 stefani3
703 1970 739 2036 et
761 1986 825 2053 per
848 1967 927 2052 ipsa
950 1967 1085 2054 guadia
1108 1971 1172 2037 cto.
1199 1972 1347 2038 Statnto
1370 1973 1504 2040 mulcta
1522 1992 1594 2058 pro
1612 1976 1733 2062 pactis
1756 1993 1827 2040 non
1862 1973 2015 2041 serentis
2051 1970 2183 2057 oiptntt

335 2125 423 2191 anri
456 2122 651 2190 solidorum
688 2121 930 2190 Constantini.
954 2123 1213 2228 Verumtamen
1248 2123 1471 2211 pulmentum
1494 2129 1625 2193 bonum
1648 2126 1820 2195 labritum
1844 2125 1895 2193 ibi
1919 2125 2121 2209 saciamuS,
2147 2126 2184 2190 ct

333 2281 409 2345 tota
432 2277 512 2362 ipsa
535 2248 640 2343 rebus
664 2272 849 2342 cludamus
872 2271 1074 2361 circuitum,
1098 2275 1194 2342 unde
1217 2277 1417 2352 meruerit.
1450 2281 1486 2344 et
1509 2276 1647 2344 clusum
1671 2295 1810 2364 semper
1834 2275 1915 2344 illut
1938 2278 2121 2360 abeamuS,
2147 2277 2182 2340 et

330 2427 407 2512 ipso
441 2423 562 2490 vinum
593 2421 736 2490 illorum
772 2422 912 2491 salbum
942 2441 1163 2511 perannum
1187 2430 1367 2512 portemus
1389 2427 1435 2494 ad
1459 2427 1645 2496 cellarium
1668 2427 1781 2515 ipsius
1803 2425 1952 2497 ecclesie
1974 2427 2036 2514 qui
2060 2430 2113 2495 est
2136 2425 2182 2494 ad

333 2575 474 2662 periti,
497 2577 534 2642 et
556 2591 771 2660 reponamus
796 2574 879 2643 illut
902 2575 942 2643 in
964 2593 1162 2664 organeum
1187 2577 1364 2666 indeque,
1388 2581 1481 2666 quod
1504 2583 1607 2650 nobis
1629 2583 1855 2670 assignatum
1878 2583 1986 2651 suerit
1999 2633 2009 2671 ,
2037 2582 2099 2670 qui
2123 2601 2189 2669 per

335 2745 400 2793 nos
433 2725 481 2793 sit
502 2727 635 2793 bonum
669 2724 870 2796 conciatum
894 2732 930 2796 et
951 2728 1151 2797 studiatum
1182 2750 1245 2818 per
1269 2750 1429 2820 annum3
1459 2738 1496 2802 et
1519 2735 1662 2822 quando
1686 2737 1764 2824 ipsa
1787 2741 1891 2807 rebus
1914 2737 2180 2807 ammiserimus

334 2879 374 2946 in
397 2895 484 2964 pars
509 2877 622 2964 ipsius
644 2878 806 2966 ecclesie,
822 2879 992 2953 cultatem
1015 2881 1114 2952 illam
1137 2882 1377 2974 remittamus,
1395 2887 1488 2956 siout
1511 2889 1681 2978 diximus
1698 2897 1734 2961 et
1756 2892 1942 2961 eircoitum
1966 2894 2065 2962 clusa
2089 2893 2185 2962 unde

335 3034 521 3122 meruerit,
544 3038 684 3103 etcum
708 3033 786 3120 ipsa
809 3053 893 3104 casa
914 3039 951 3104 et
972 3035 1193 3122 pulmentum
1216 3039 1387 3108 fabritum
1410 3039 1493 3108 illut
1516 3042 1742 3112 remittamus
1765 3045 1804 3110 in
1827 3063 1912 3131 pars
1937 3043 2051 3132 ipsius
2073 3042 2190 3112 eccle·

337 3186 402 3252 sie.
427 3183 526 3260 Quod
549 3183 677 3272 scripsi
700 3201 766 3272 ego
790 3185 1017 3272 supradictus
1039 3190 1234 3275 myrandus
1258 3193 1434 3262 notarius.

384 3309 414 3427 †
440 3337 518 3426 Ego
540 3338 603 3424 qui
627 3355 736 3425 supra
758 3339 854 3407 maio
876 3339 1055 3426 presbiter
1077 3346 1114 3410 et
1137 3346 1248 3413 abbas

382 3461 412 3578 †
438 3491 513 3579 Ego
536 3492 660 3576 petrus
682 3489 858 3577 presbiter
882 3497 917 3560 et
939 3492 1166 3578 primicerius

382 3618 413 3736 †
437 3649 513 3735 Ego
537 3644 696 3717 ademari
721 3644 884 3716 notarius
906 3664 963 3714 me
986 3647 1181 3734 subscripsi
1302 3665 1310 3678 ·

383 3775 414 3893 †
439 3805 515 3892 Ego
540 3801 738 3891 iaquintus.

1128 4359 1376 4443 DCGLII.

1109 4621 1163 4700 A.
1192 4620 1242 4698 D.
1271 4619 1401 4703 1023.

389 4866 426 5006 †
450 4918 490 4986 ln
514 4917 658 4986 nomine
679 4913 816 4984 domini
839 4931 935 4983 anno
957 4913 1137 4981 tricesimo
1159 4910 1286 4998 quinto
1308 4911 1533 5000 principatus
1549 4912 1671 4983 domni
1687 4914 1801 4982 nostri
1818 4913 2015 5003 guaimari,
2033 4918 2070 4983 et
2084 4919 2187 4985 sexto

342 5091 438 5144 anno
460 5072 686 5162 principatus
708 5067 830 5138 domni
853 5066 1037 5156 guaimari
1059 5064 1138 5135 eius
1162 5064 1243 5152 filii,
1267 5063 1412 5153 gloriosi
1435 5065 1674 5152 principibus,
1699 5083 1819 5134 mense
1843 5067 2059 5153 september,
2078 5068 2192 5154 septi·

340 5247 399 5296 ma
422 5223 631 5294 indictione.
655 5220 947 5291 Memoratorium
970 5219 1104 5288 factum
1126 5238 1149 5288 a
1171 5217 1274 5284 nobis
1298 5217 1352 5285 leo
1375 5219 1411 5314 et
1434 5234 1596 5286 amorum
1631 5219 1795 5303 germani
1829 5216 1897 5285 dlii
1933 5217 2116 5304 iohanni,
2141 5236 2182 5287 eo

343 5377 435 5468 quod
456 5381 540 5450 ante
563 5373 755 5461 subscripti
778 5377 885 5442 testes
907 5368 1153 5440 coniunsimus
1176 5386 1240 5437 nos
1262 5367 1915 5456 cumpetrusclericusfiliusmundi,
1932 5366 2190 5454 propterquod

346 5534 431 5601 ante
453 5547 492 5598 os
515 5544 630 5598 annos
653 5527 699 5596 ab
722 5525 837 5613 ipsum
860 5527 982 5612 petrus
1005 5521 1158 5590 clericus
1182 5519 1228 5589 ad
1250 5520 1451 5608 portionem
1475 5517 1601 5589 ordine
1624 5519 1670 5590 ad
1693 5524 1902 5607 potestatem
1925 5517 2057 5587 tultum
2081 5517 2187 5588 abui-

344 5706 424 5756 mus
446 5687 490 5756 de
513 5687 621 5754 rebus
644 5701 711 5752 sua
733 5681 777 5752 de
799 5681 915 5748 locum
939 5676 1010 5747 iobi
1034 5697 1056 5746 a
1078 5693 1184 5764 super
1206 5674 1344 5743 duobus
1376 5675 1499 5744 ribora
1522 5674 1655 5743 finibus
1690 5671 1913 5743 salernitane
1948 5638 2018 5758 per¹
2043 5671 2127 5739 finis
2152 5673 2189 5740 et

342 5840 539 5912 mensoria:
563 5837 606 5907 de
629 5835 717 5924 pede
740 5832 813 5902 line
836 5833 913 5920 ipso
936 5829 1065 5917 ribus,
1096 5831 1181 5898 sunt
1203 5845 1267 5915 per
1299 5825 1379 5913 ipso
1402 5827 1501 5894 ribus
1524 5827 1619 5914 passi
1651 5824 1917 5913 quinquaginta
1941 5821 2141 5909 quadtuor:
2168 5839 2191 5888 a

534 5991 606 6050 Tou.
626 6007 652 6048 r.
1566 5980 1571 5990 ¹
1968 5975 2003 6032 lt]
