<?xml version="1.0" encoding="UTF-8"?>
<!DOCTYPE html PUBLIC "-//W3C//DTD XHTML 1.0 Transitional//EN"
    "http://www.w3.org/TR/xhtml1/DTD/xhtml1-transitional.dtd">
<html xmlns="http://www.w3.org/1999/xhtml" xml:lang="en" lang="en">
 <head>
  <title>
</title>
<meta http-equiv="Content-Type" content="text/html;charset=utf-8" />
  <meta name='ocr-system' content='tesseract 3.04.00' />
  <meta name='ocr-capabilities' content='ocr_page ocr_carea ocr_par ocr_line ocrx_word'/>
</head>
<body>
  <div class='ocr_page' id='page_1' title='image "./codexdiplomatic03aragoog_0052.png"; bbox 0 0 5414 7098; ppageno 0'>
   <div class='ocr_carea' id='block_1_1' title="bbox 622 569 1738 645">
    <p class='ocr_par' dir='ltr' id='par_1_1' title="bbox 622 569 1738 645">
     <span class='ocr_line' id='line_1_1' title="bbox 622 569 1738 645; baseline 0.004 -6"><span class='ocrx_word' id='word_1_1' title='bbox 622 579 660 642; x_wconf 74' lang='lat' dir='ltr'><strong>ht</strong></span> <span class='ocrx_word' id='word_1_2' title='bbox 1268 569 1440 643; x_wconf 86' lang='lat' dir='ltr'><strong>CODEX</strong></span> <span class='ocrx_word' id='word_1_3' title='bbox 1473 571 1738 645; x_wconf 77' lang='lat' dir='ltr'><strong>Cnvhhsls</strong></span> 
     </span>
    </p>
   </div>
   <div class='ocr_carea' id='block_1_2' title="bbox 571 761 2426 3940">
    <p class='ocr_par' dir='ltr' id='par_1_2' title="bbox 571 761 2426 3466">
     <span class='ocr_line' id='line_1_2' title="bbox 573 761 2423 854; baseline 0.002 -21"><span class='ocrx_word' id='word_1_4' title='bbox 573 768 609 833; x_wconf 87' lang='lat' dir='ltr'><strong>et</strong></span> <span class='ocrx_word' id='word_1_5' title='bbox 632 763 783 834; x_wconf 84' lang='lat' dir='ltr'><strong>tirmiter</strong></span> <span class='ocrx_word' id='word_1_6' title='bbox 807 765 931 835; x_wconf 89' lang='lat' dir='ltr'><strong>amodo</strong></span> <span class='ocrx_word' id='word_1_7' title='bbox 954 771 990 836; x_wconf 87' lang='lat' dir='ltr'><strong>et</strong></span> <span class='ocrx_word' id='word_1_8' title='bbox 1013 785 1152 854; x_wconf 82' lang='lat' dir='ltr'>semper</span> <span class='ocrx_word' id='word_1_9' title='bbox 1176 784 1243 854; x_wconf 90' lang='lat' dir='ltr'><strong>ego</strong></span> <span class='ocrx_word' id='word_1_10' title='bbox 1265 769 1302 835; x_wconf 92' lang='lat' dir='ltr'><strong>et</strong></span> <span class='ocrx_word' id='word_1_11' title='bbox 1325 766 1415 834; x_wconf 88' lang='lat' dir='ltr'><strong>meis</strong></span> <span class='ocrx_word' id='word_1_12' title='bbox 1438 762 1644 853; x_wconf 73' lang='lat' dir='ltr'><strong>heredibuS,</strong></span> <span class='ocrx_word' id='word_1_13' title='bbox 1667 766 1704 833; x_wconf 91' lang='lat' dir='ltr'><strong>et</strong></span> <span class='ocrx_word' id='word_1_14' title='bbox 1728 765 1806 853; x_wconf 87' lang='lat' dir='ltr'><strong>ipsa</strong></span> <span class='ocrx_word' id='word_1_15' title='bbox 1828 783 1948 835; x_wconf 90' lang='lat' dir='ltr'><strong>sorore</strong></span> <span class='ocrx_word' id='word_1_16' title='bbox 1971 771 2109 838; x_wconf 82' lang='lat' dir='ltr'><strong>meast</strong></span> <span class='ocrx_word' id='word_1_17' title='bbox 2138 761 2214 830; x_wconf 76' lang='lat' dir='ltr'><strong>suis</strong></span> <span class='ocrx_word' id='word_1_18' title='bbox 2245 763 2423 854; x_wconf 73' lang='lat' dir='ltr'><strong>aradibus,</strong></span> 
     </span>
     <span class='ocr_line' id='line_1_3' title="bbox 571 915 2419 1007; baseline -0.001 -19"><span class='ocrx_word' id='word_1_19' title='bbox 571 936 656 1005; x_wconf 86' lang='lat' dir='ltr'><strong>pars</strong></span> <span class='ocrx_word' id='word_1_20' title='bbox 679 921 852 1006; x_wconf 87' lang='lat' dir='ltr'><strong>partium,</strong></span> <span class='ocrx_word' id='word_1_21' title='bbox 877 937 935 987; x_wconf 87' lang='lat' dir='ltr'><strong>eos</strong></span> <span class='ocrx_word' id='word_1_22' title='bbox 959 920 1176 1007; x_wconf 83' lang='lat' dir='ltr'><strong>habendum,</strong></span> <span class='ocrx_word' id='word_1_23' title='bbox 1199 916 1460 1006; x_wconf 87' lang='lat' dir='ltr'><strong>possidendum,</strong></span> <span class='ocrx_word' id='word_1_24' title='bbox 1475 915 1743 1004; x_wconf 88' lang='lat' dir='ltr'><strong>dominandum,</strong></span> <span class='ocrx_word' id='word_1_25' title='bbox 1759 920 1880 989; x_wconf 88' lang='lat' dir='ltr'><strong>omnia</strong></span> <span class='ocrx_word' id='word_1_26' title='bbox 1895 917 1979 989; x_wconf 89' lang='lat' dir='ltr'><strong>inde</strong></span> <span class='ocrx_word' id='word_1_27' title='bbox 1995 919 2201 990; x_wconf 84' lang='lat' dir='ltr'><strong>faciendum</strong></span> <span class='ocrx_word' id='word_1_28' title='bbox 2217 938 2279 1007; x_wconf 90' lang='lat' dir='ltr'><strong>per</strong></span> <span class='ocrx_word' id='word_1_29' title='bbox 2295 924 2419 1006; x_wconf 89' lang='lat' dir='ltr'><strong>partes</strong></span> 
     </span>
     <span class='ocr_line' id='line_1_4' title="bbox 572 1070 2419 1162; baseline 0.002 -24"><span class='ocrx_word' id='word_1_30' title='bbox 572 1073 666 1160; x_wconf 90' lang='lat' dir='ltr'><strong>quod</strong></span> <span class='ocrx_word' id='word_1_31' title='bbox 689 1073 920 1162; x_wconf 66' lang='lat' dir='ltr'><strong>voluerimus</strong></span> <span class='ocrx_word' id='word_1_32' title='bbox 945 1075 1078 1162; x_wconf 88' lang='lat' dir='ltr'><strong>absque</strong></span> <span class='ocrx_word' id='word_1_33' title='bbox 1094 1090 1186 1141; x_wconf 87' lang='lat' dir='ltr'><strong>unus</strong></span> <span class='ocrx_word' id='word_1_34' title='bbox 1202 1072 1358 1142; x_wconf 88' lang='lat' dir='ltr'><strong>alterum</strong></span> <span class='ocrx_word' id='word_1_35' title='bbox 1372 1070 1674 1140; x_wconf 78' lang='lat' dir='ltr'><strong>contrarietatem.</strong></span> <span class='ocrx_word' id='word_1_36' title='bbox 1698 1071 1798 1140; x_wconf 88' lang='lat' dir='ltr'><strong>Unde</strong></span> <span class='ocrx_word' id='word_1_37' title='bbox 1814 1089 1876 1159; x_wconf 88' lang='lat' dir='ltr'><strong>per</strong></span> <span class='ocrx_word' id='word_1_38' title='bbox 1893 1074 1987 1142; x_wconf 91' lang='lat' dir='ltr'><strong>bona</strong></span> <span class='ocrx_word' id='word_1_39' title='bbox 2003 1072 2268 1143; x_wconf 88' lang='lat' dir='ltr'><strong>combenientia</strong></span> <span class='ocrx_word' id='word_1_40' title='bbox 2282 1072 2419 1162; x_wconf 86' lang='lat' dir='ltr'><strong>guadia</strong></span> 
     </span>
     <span class='ocr_line' id='line_1_5' title="bbox 571 1222 2422 1314; baseline -0.001 -20"><span class='ocrx_word' id='word_1_41' title='bbox 571 1226 681 1296; x_wconf 90' lang='lat' dir='ltr'><strong>michi</strong></span> <span class='ocrx_word' id='word_1_42' title='bbox 709 1226 778 1312; x_wconf 90' lang='lat' dir='ltr'><strong>ipsi</strong></span> <span class='ocrx_word' id='word_1_43' title='bbox 801 1225 857 1292; x_wconf 89' lang='lat' dir='ltr'><strong>vir</strong></span> <span class='ocrx_word' id='word_1_44' title='bbox 881 1229 933 1292; x_wconf 90' lang='lat' dir='ltr'><strong>et·</strong></span> <span class='ocrx_word' id='word_1_45' title='bbox 942 1243 1033 1294; x_wconf 84' lang='lat' dir='ltr'><strong>uxor</strong></span> <span class='ocrx_word' id='word_1_46' title='bbox 1055 1225 1242 1311; x_wconf 88' lang='lat' dir='ltr'><strong>dederuut,</strong></span> <span class='ocrx_word' id='word_1_47' title='bbox 1267 1227 1303 1292; x_wconf 91' lang='lat' dir='ltr'><strong>et</strong></span> <span class='ocrx_word' id='word_1_48' title='bbox 1331 1222 1561 1292; x_wconf 80' lang='lat' dir='ltr'><strong>mediatorem</strong></span> <span class='ocrx_word' id='word_1_49' title='bbox 1584 1222 1696 1291; x_wconf 87' lang='lat' dir='ltr'><strong>michi</strong></span> <span class='ocrx_word' id='word_1_50' title='bbox 1719 1227 1914 1310; x_wconf 89' lang='lat' dir='ltr'><strong>posuerunt</strong></span> <span class='ocrx_word' id='word_1_51' title='bbox 1937 1224 2008 1293; x_wconf 88' lang='lat' dir='ltr'><strong>riso</strong></span> <span class='ocrx_word' id='word_1_52' title='bbox 2032 1225 2183 1295; x_wconf 89' lang='lat' dir='ltr'><strong>iohanni</strong></span> <span class='ocrx_word' id='word_1_53' title='bbox 2206 1224 2334 1314; x_wconf 84' lang='lat' dir='ltr'><strong>filium,</strong></span> <span class='ocrx_word' id='word_1_54' title='bbox 2358 1227 2422 1313; x_wconf 89' lang='lat' dir='ltr'><strong>qui</strong></span> 
     </span>
     <span class='ocr_line' id='line_1_6' title="bbox 572 1373 2420 1466; baseline 0.001 -21"><span class='ocrx_word' id='word_1_55' title='bbox 572 1377 642 1446; x_wconf 84' lang='lat' dir='ltr'><strong>suit</strong></span> <span class='ocrx_word' id='word_1_56' title='bbox 665 1378 709 1447; x_wconf 88' lang='lat' dir='ltr'><strong>de</strong></span> <span class='ocrx_word' id='word_1_57' title='bbox 732 1378 847 1448; x_wconf 92' lang='lat' dir='ltr'><strong>locum</strong></span> <span class='ocrx_word' id='word_1_58' title='bbox 871 1396 1030 1464; x_wconf 84' lang='lat' dir='ltr'><strong>sarnum3</strong></span> <span class='ocrx_word' id='word_1_59' title='bbox 1054 1381 1091 1445; x_wconf 88' lang='lat' dir='ltr'><strong>et</strong></span> <span class='ocrx_word' id='word_1_60' title='bbox 1112 1385 1176 1463; x_wconf 86' lang='lat' dir='ltr'><strong>per</strong></span> <span class='ocrx_word' id='word_1_61' title='bbox 1200 1377 1279 1463; x_wconf 91' lang='lat' dir='ltr'><strong>ipsa</strong></span> <span class='ocrx_word' id='word_1_62' title='bbox 1301 1375 1437 1464; x_wconf 85' lang='lat' dir='ltr'><strong>guadia</strong></span> <span class='ocrx_word' id='word_1_63' title='bbox 1459 1373 1631 1465; x_wconf 86' lang='lat' dir='ltr'><strong>obligavit</strong></span> <span class='ocrx_word' id='word_1_64' title='bbox 1654 1393 1693 1445; x_wconf 86' lang='lat' dir='ltr'><strong>se</strong></span> <span class='ocrx_word' id='word_1_65' title='bbox 1716 1379 1752 1446; x_wconf 91' lang='lat' dir='ltr'><strong>et</strong></span> <span class='ocrx_word' id='word_1_66' title='bbox 1774 1377 1849 1445; x_wconf 88' lang='lat' dir='ltr'><strong>suis</strong></span> <span class='ocrx_word' id='word_1_67' title='bbox 1873 1377 1958 1445; x_wconf 83' lang='lat' dir='ltr'><strong>filiis</strong></span> <span class='ocrx_word' id='word_1_68' title='bbox 1981 1382 2018 1446; x_wconf 92' lang='lat' dir='ltr'><strong>et</strong></span> <span class='ocrx_word' id='word_1_69' title='bbox 2040 1377 2217 1466; x_wconf 86' lang='lat' dir='ltr'><strong>heredes,</strong></span> <span class='ocrx_word' id='word_1_70' title='bbox 2242 1381 2283 1446; x_wconf 94' lang='lat' dir='ltr'><strong>ut</strong></span> <span class='ocrx_word' id='word_1_71' title='bbox 2307 1378 2338 1445; x_wconf 90' lang='lat' dir='ltr'><strong>si</strong></span> <span class='ocrx_word' id='word_1_72' title='bbox 2362 1381 2420 1450; x_wconf 89' lang='lat' dir='ltr'><strong>ta·</strong></span> 
     </span>
     <span class='ocr_line' id='line_1_7' title="bbox 572 1529 2418 1618; baseline 0.001 -20"><span class='ocrx_word' id='word_1_73' title='bbox 572 1533 669 1618; x_wconf 89' lang='lat' dir='ltr'><strong>liter,</strong></span> <span class='ocrx_word' id='word_1_74' title='bbox 693 1533 787 1600; x_wconf 91' lang='lat' dir='ltr'><strong>sicut</strong></span> <span class='ocrx_word' id='word_1_75' title='bbox 810 1531 1051 1618; x_wconf 91' lang='lat' dir='ltr'><strong>supradictum</strong></span> <span class='ocrx_word' id='word_1_76' title='bbox 1075 1533 1129 1599; x_wconf 87' lang='lat' dir='ltr'><strong>est</strong></span> <span class='ocrx_word' id='word_1_77' title='bbox 1142 1579 1151 1616; x_wconf 90' lang='lat'><strong><em>,</em></strong></span> <span class='ocrx_word' id='word_1_78' title='bbox 1177 1531 1216 1598; x_wconf 92' lang='lat' dir='ltr'><strong>in</strong></span> <span class='ocrx_word' id='word_1_79' title='bbox 1240 1529 1448 1616; x_wconf 89' lang='lat' dir='ltr'><strong>supradicta</strong></span> <span class='ocrx_word' id='word_1_80' title='bbox 1471 1529 1643 1598; x_wconf 87' lang='lat' dir='ltr'><strong>divisione</strong></span> <span class='ocrx_word' id='word_1_81' title='bbox 1667 1529 1817 1599; x_wconf 85' lang='lat' dir='ltr'><strong>firmiter</strong></span> <span class='ocrx_word' id='word_1_82' title='bbox 1840 1547 1913 1598; x_wconf 90' lang='lat' dir='ltr'><strong>non</strong></span> <span class='ocrx_word' id='word_1_83' title='bbox 1936 1529 2202 1616; x_wconf 84' lang='lat' dir='ltr'><strong>permanserint</strong></span> <span class='ocrx_word' id='word_1_84' title='bbox 2224 1535 2260 1600; x_wconf 90' lang='lat' dir='ltr'><strong>et</strong></span> <span class='ocrx_word' id='word_1_85' title='bbox 2284 1531 2418 1618; x_wconf 87' lang='lat' dir='ltr'><strong>aliquit</strong></span> 
     </span>
     <span class='ocr_line' id='line_1_8' title="bbox 572 1681 2416 1773; baseline -0.001 -21"><span class='ocrx_word' id='word_1_86' title='bbox 572 1685 615 1752; x_wconf 88' lang='lat' dir='ltr'><strong>de</strong></span> <span class='ocrx_word' id='word_1_87' title='bbox 639 1686 787 1773; x_wconf 90' lang='lat' dir='ltr'><strong>omnia,</strong></span> <span class='ocrx_word' id='word_1_88' title='bbox 812 1689 852 1752; x_wconf 92' lang='lat' dir='ltr'><strong>ut</strong></span> <span class='ocrx_word' id='word_1_89' title='bbox 875 1685 1040 1771; x_wconf 89' lang='lat' dir='ltr'><strong>superius</strong></span> <span class='ocrx_word' id='word_1_90' title='bbox 1063 1681 1222 1770; x_wconf 85' lang='lat' dir='ltr'><strong>legitur,</strong></span> <span class='ocrx_word' id='word_1_91' title='bbox 1245 1699 1427 1750; x_wconf 87' lang='lat' dir='ltr'><strong>removere</strong></span> <span class='ocrx_word' id='word_1_92' title='bbox 1449 1687 1512 1752; x_wconf 92' lang='lat' dir='ltr'><strong>aut</strong></span> <span class='ocrx_word' id='word_1_93' title='bbox 1535 1685 1702 1752; x_wconf 81' lang='lat' dir='ltr'><strong>contrane</strong></span> <span class='ocrx_word' id='word_1_94' title='bbox 1727 1685 1927 1771; x_wconf 87' lang='lat' dir='ltr'><strong>quesierint</strong></span> <span class='ocrx_word' id='word_1_95' title='bbox 1948 1702 2014 1770; x_wconf 88' lang='lat' dir='ltr'><strong>per</strong></span> <span class='ocrx_word' id='word_1_96' title='bbox 2037 1683 2166 1772; x_wconf 87' lang='lat' dir='ltr'><strong>quabis</strong></span> <span class='ocrx_word' id='word_1_97' title='bbox 2190 1683 2328 1772; x_wconf 89' lang='lat' dir='ltr'><strong>modis,</strong></span> <span class='ocrx_word' id='word_1_98' title='bbox 2352 1702 2416 1772; x_wconf 91' lang='lat' dir='ltr'><strong>per</strong></span> 
     </span>
     <span class='ocr_line' id='line_1_9' title="bbox 573 1836 2416 1927; baseline -0.001 -19"><span class='ocrx_word' id='word_1_99' title='bbox 573 1840 695 1910; x_wconf 88' lang='lat' dir='ltr'><strong>eadem</strong></span> <span class='ocrx_word' id='word_1_100' title='bbox 721 1839 856 1927; x_wconf 83' lang='lat' dir='ltr'><strong>guadia</strong></span> <span class='ocrx_word' id='word_1_101' title='bbox 879 1837 1130 1926; x_wconf 82' lang='lat' dir='ltr'><strong>obligaverunt</strong></span> <span class='ocrx_word' id='word_1_102' title='bbox 1151 1853 1187 1902; x_wconf 91' lang='lat' dir='ltr'><strong>se</strong></span> <span class='ocrx_word' id='word_1_103' title='bbox 1211 1852 1361 1922; x_wconf 89' lang='lat' dir='ltr'><strong>suosque</strong></span> <span class='ocrx_word' id='word_1_104' title='bbox 1384 1836 1475 1904; x_wconf 91' lang='lat' dir='ltr'><strong>filios</strong></span> <span class='ocrx_word' id='word_1_105' title='bbox 1498 1841 1535 1904; x_wconf 88' lang='lat' dir='ltr'><strong>et</strong></span> <span class='ocrx_word' id='word_1_106' title='bbox 1559 1837 1707 1906; x_wconf 86' lang='lat' dir='ltr'><strong>heredes</strong></span> <span class='ocrx_word' id='word_1_107' title='bbox 1735 1837 1781 1906; x_wconf 90' lang='lat' dir='ltr'><strong>ad</strong></span> <span class='ocrx_word' id='word_1_108' title='bbox 1813 1838 2095 1926; x_wconf 91' lang='lat' dir='ltr'><strong>componendum</strong></span> <span class='ocrx_word' id='word_1_109' title='bbox 2129 1837 2239 1906; x_wconf 91' lang='lat' dir='ltr'><strong>michi</strong></span> <span class='ocrx_word' id='word_1_110' title='bbox 2274 1839 2416 1926; x_wconf 87' lang='lat' dir='ltr'><strong>meique</strong></span> 
     </span>
     <span class='ocr_line' id='line_1_10' title="bbox 573 1989 2421 2081; baseline -0.001 -21"><span class='ocrx_word' id='word_1_111' title='bbox 573 1991 765 2062; x_wconf 87' lang='lat' dir='ltr'><strong>heredibus</strong></span> <span class='ocrx_word' id='word_1_112' title='bbox 783 2041 793 2081; x_wconf 90' lang='lat'><strong><em>,</em></strong></span> <span class='ocrx_word' id='word_1_113' title='bbox 809 1992 874 2058; x_wconf 74' lang='lat' dir='ltr'><strong>uel</strong></span> <span class='ocrx_word' id='word_1_114' title='bbox 897 1990 956 2059; x_wconf 88' lang='lat' dir='ltr'><strong>cui</strong></span> <span class='ocrx_word' id='word_1_115' title='bbox 980 2009 1051 2059; x_wconf 92' lang='lat' dir='ltr'><strong>unc</strong></span> <span class='ocrx_word' id='word_1_116' title='bbox 1074 1992 1218 2059; x_wconf 85' lang='lat' dir='ltr'><strong>brebem</strong></span> <span class='ocrx_word' id='word_1_117' title='bbox 1241 1989 1428 2058; x_wconf 86' lang='lat' dir='ltr'><strong>divisionis</strong></span> <span class='ocrx_word' id='word_1_118' title='bbox 1451 1989 1528 2058; x_wconf 87' lang='lat' dir='ltr'><strong>vice</strong></span> <span class='ocrx_word' id='word_1_119' title='bbox 1552 1992 1677 2058; x_wconf 86' lang='lat' dir='ltr'><strong>nostra</strong></span> <span class='ocrx_word' id='word_1_120' title='bbox 1701 1990 1740 2058; x_wconf 90' lang='lat' dir='ltr'><strong>in</strong></span> <span class='ocrx_word' id='word_1_121' title='bbox 1763 2008 1909 2059; x_wconf 88' lang='lat' dir='ltr'><strong>manum</strong></span> <span class='ocrx_word' id='word_1_122' title='bbox 1932 1989 2125 2078; x_wconf 88' lang='lat' dir='ltr'><strong>paruerit,</strong></span> <span class='ocrx_word' id='word_1_123' title='bbox 2149 1989 2421 2078; x_wconf 79' lang='lat' dir='ltr'><strong>quinquaginta</strong></span> 
     </span>
     <span class='ocr_line' id='line_1_11' title="bbox 573 2140 2425 2233; baseline -0.001 -19"><span class='ocrx_word' id='word_1_124' title='bbox 573 2148 680 2216; x_wconf 92' lang='lat' dir='ltr'><strong>hauri</strong></span> <span class='ocrx_word' id='word_1_125' title='bbox 704 2147 833 2214; x_wconf 88' lang='lat' dir='ltr'><strong>solidos</strong></span> <span class='ocrx_word' id='word_1_126' title='bbox 856 2145 1113 2233; x_wconf 87' lang='lat' dir='ltr'><strong>constantinos,</strong></span> <span class='ocrx_word' id='word_1_127' title='bbox 1137 2148 1174 2212; x_wconf 91' lang='lat' dir='ltr'><strong>et</strong></span> <span class='ocrx_word' id='word_1_128' title='bbox 1197 2144 1292 2210; x_wconf 93' lang='lat' dir='ltr'><strong>omni</strong></span> <span class='ocrx_word' id='word_1_129' title='bbox 1315 2147 1471 2230; x_wconf 87' lang='lat' dir='ltr'><strong>tempore</strong></span> <span class='ocrx_word' id='word_1_130' title='bbox 1494 2140 1533 2207; x_wconf 94' lang='lat' dir='ltr'><strong>in</strong></span> <span class='ocrx_word' id='word_1_131' title='bbox 1557 2141 1764 2230; x_wconf 86' lang='lat' dir='ltr'><strong>supradicta</strong></span> <span class='ocrx_word' id='word_1_132' title='bbox 1788 2143 1968 2213; x_wconf 87' lang='lat' dir='ltr'><strong>divisione</strong></span> <span class='ocrx_word' id='word_1_133' title='bbox 1993 2143 2145 2214; x_wconf 84' lang='lat' dir='ltr'><strong>firmiter</strong></span> <span class='ocrx_word' id='word_1_134' title='bbox 2169 2149 2425 2232; x_wconf 87' lang='lat' dir='ltr'><strong>permaneant.</strong></span> 
     </span>
     <span class='ocr_line' id='line_1_12' title="bbox 576 2293 2426 2385; baseline 0.002 -19"><span class='ocrx_word' id='word_1_135' title='bbox 576 2299 838 2367; x_wconf 81' lang='lat' dir='ltr'><strong>Verumtamen</strong></span> <span class='ocrx_word' id='word_1_136' title='bbox 862 2301 898 2366; x_wconf 92' lang='lat' dir='ltr'><strong>et</strong></span> <span class='ocrx_word' id='word_1_137' title='bbox 920 2299 986 2364; x_wconf 91' lang='lat' dir='ltr'><strong>hoc</strong></span> <span class='ocrx_word' id='word_1_138' title='bbox 1010 2296 1265 2381; x_wconf 64' lang='lat' dir='ltr'><strong>recondam,</strong></span> <span class='ocrx_word' id='word_1_139' title='bbox 1290 2294 1376 2380; x_wconf 90' lang='lat' dir='ltr'><strong>quia</strong></span> <span class='ocrx_word' id='word_1_140' title='bbox 1399 2293 1443 2363; x_wconf 89' lang='lat' dir='ltr'><strong>de</strong></span> <span class='ocrx_word' id='word_1_141' title='bbox 1465 2295 1673 2382; x_wconf 87' lang='lat' dir='ltr'><strong>supradicta</strong></span> <span class='ocrx_word' id='word_1_142' title='bbox 1695 2296 1860 2385; x_wconf 88' lang='lat' dir='ltr'><strong>guadia‚</strong></span> <span class='ocrx_word' id='word_1_143' title='bbox 1884 2297 1977 2384; x_wconf 90' lang='lat' dir='ltr'><strong>quod</strong></span> <span class='ocrx_word' id='word_1_144' title='bbox 2010 2297 2076 2384; x_wconf 91' lang='lat' dir='ltr'><strong>ipsi</strong></span> <span class='ocrx_word' id='word_1_145' title='bbox 2108 2297 2286 2369; x_wconf 90' lang='lat' dir='ltr'><strong>nominati</strong></span> <span class='ocrx_word' id='word_1_146' title='bbox 2309 2301 2367 2368; x_wconf 86' lang='lat' dir='ltr'><strong>vir</strong></span> <span class='ocrx_word' id='word_1_147' title='bbox 2390 2305 2426 2370; x_wconf 90' lang='lat' dir='ltr'><strong>et</strong></span> 
     </span>
     <span class='ocr_line' id='line_1_13' title="bbox 576 2447 2424 2537; baseline 0.004 -21"><span class='ocrx_word' id='word_1_148' title='bbox 576 2471 667 2519; x_wconf 80' lang='lat' dir='ltr'><strong>uxor</strong></span> <span class='ocrx_word' id='word_1_149' title='bbox 691 2451 803 2519; x_wconf 91' lang='lat' dir='ltr'><strong>michi</strong></span> <span class='ocrx_word' id='word_1_150' title='bbox 816 2451 1003 2537; x_wconf 86' lang='lat' dir='ltr'><strong>dederunt,</strong></span> <span class='ocrx_word' id='word_1_151' title='bbox 1021 2447 1252 2518; x_wconf 83' lang='lat' dir='ltr'><strong>mediatorem</strong></span> <span class='ocrx_word' id='word_1_152' title='bbox 1265 2448 1375 2516; x_wconf 91' lang='lat' dir='ltr'><strong>michi</strong></span> <span class='ocrx_word' id='word_1_153' title='bbox 1387 2451 1581 2536; x_wconf 90' lang='lat' dir='ltr'><strong>posuerunt</strong></span> <span class='ocrx_word' id='word_1_154' title='bbox 1596 2449 1842 2536; x_wconf 87' lang='lat' dir='ltr'><strong>supradictum</strong></span> <span class='ocrx_word' id='word_1_155' title='bbox 1856 2451 1929 2518; x_wconf 88' lang='lat' dir='ltr'><strong>riso</strong></span> <span class='ocrx_word' id='word_1_156' title='bbox 1946 2449 2063 2519; x_wconf 83' lang='lat' dir='ltr'><strong>fidium</strong></span> <span class='ocrx_word' id='word_1_157' title='bbox 2077 2451 2238 2522; x_wconf 84' lang='lat' dir='ltr'><strong>iamdicti</strong></span> <span class='ocrx_word' id='word_1_158' title='bbox 2256 2455 2424 2524; x_wconf 89' lang='lat' dir='ltr'><strong>iohanni.</strong></span> 
     </span>
     <span class='ocr_line' id='line_1_14' title="bbox 574 2601 2424 2689; baseline 0.003 -19"><span class='ocrx_word' id='word_1_159' title='bbox 574 2606 712 2674; x_wconf 84' lang='lat' dir='ltr'><strong>Iterum</strong></span> <span class='ocrx_word' id='word_1_160' title='bbox 735 2610 771 2673; x_wconf 92' lang='lat' dir='ltr'><strong>et</strong></span> <span class='ocrx_word' id='word_1_161' title='bbox 794 2604 986 2672; x_wconf 89' lang='lat' dir='ltr'><strong>dividimus</strong></span> <span class='ocrx_word' id='word_1_162' title='bbox 1009 2602 1083 2672; x_wconf 90' lang='lat' dir='ltr'><strong>alia</strong></span> <span class='ocrx_word' id='word_1_163' title='bbox 1117 2603 1220 2688; x_wconf 88' lang='lat' dir='ltr'><strong>pecia</strong></span> <span class='ocrx_word' id='word_1_164' title='bbox 1254 2601 1294 2667; x_wconf 93' lang='lat' dir='ltr'><strong>in</strong></span> <span class='ocrx_word' id='word_1_165' title='bbox 1328 2602 1443 2669; x_wconf 88' lang='lat' dir='ltr'><strong>locum</strong></span> <span class='ocrx_word' id='word_1_166' title='bbox 1478 2601 1612 2689; x_wconf 70' lang='lat' dir='ltr'><strong>manu,</strong></span> <span class='ocrx_word' id='word_1_167' title='bbox 1638 2602 1731 2670; x_wconf 89' lang='lat' dir='ltr'><strong>unde</strong></span> <span class='ocrx_word' id='word_1_168' title='bbox 1756 2602 1834 2689; x_wconf 89' lang='lat' dir='ltr'><strong>ipsa</strong></span> <span class='ocrx_word' id='word_1_169' title='bbox 1869 2605 2056 2673; x_wconf 88' lang='lat' dir='ltr'><strong>nominata</strong></span> <span class='ocrx_word' id='word_1_170' title='bbox 2085 2621 2206 2673; x_wconf 88' lang='lat' dir='ltr'><strong>sorore</strong></span> <span class='ocrx_word' id='word_1_171' title='bbox 2229 2624 2309 2677; x_wconf 91' lang='lat' dir='ltr'><strong>mea</strong></span> <span class='ocrx_word' id='word_1_172' title='bbox 2332 2625 2424 2675; x_wconf 93' lang='lat' dir='ltr'><strong>com·</strong></span> 
     </span>
     <span class='ocr_line' id='line_1_15' title="bbox 573 2755 2423 2846; baseline 0.001 -19"><span class='ocrx_word' id='word_1_173' title='bbox 573 2761 756 2846; x_wconf 89' lang='lat' dir='ltr'><strong>prehensit</strong></span> <span class='ocrx_word' id='word_1_174' title='bbox 780 2758 908 2827; x_wconf 82' lang='lat' dir='ltr'><strong>exinde</strong></span> <span class='ocrx_word' id='word_1_175' title='bbox 932 2761 1102 2843; x_wconf 89' lang='lat' dir='ltr'><strong>quartam</strong></span> <span class='ocrx_word' id='word_1_176' title='bbox 1124 2761 1262 2844; x_wconf 91' lang='lat' dir='ltr'><strong>partem</strong></span> <span class='ocrx_word' id='word_1_177' title='bbox 1289 2759 1328 2824; x_wconf 93' lang='lat' dir='ltr'><strong>in</strong></span> <span class='ocrx_word' id='word_1_178' title='bbox 1351 2756 1439 2844; x_wconf 91' lang='lat' dir='ltr'><strong>pede</strong></span> <span class='ocrx_word' id='word_1_179' title='bbox 1462 2776 1484 2825; x_wconf 90' lang='lat' dir='ltr'><strong>a</strong></span> <span class='ocrx_word' id='word_1_180' title='bbox 1507 2758 1610 2842; x_wconf 88' lang='lat' dir='ltr'><strong>parte</strong></span> <span class='ocrx_word' id='word_1_181' title='bbox 1633 2755 1827 2825; x_wconf 88' lang='lat' dir='ltr'><strong>occidentis</strong></span> <span class='ocrx_word' id='word_1_182' title='bbox 1850 2759 1886 2826; x_wconf 90' lang='lat' dir='ltr'><strong>et</strong></span> <span class='ocrx_word' id='word_1_183' title='bbox 1910 2757 2018 2825; x_wconf 90' lang='lat' dir='ltr'><strong>michi</strong></span> <span class='ocrx_word' id='word_1_184' title='bbox 2043 2758 2273 2829; x_wconf 88' lang='lat' dir='ltr'><strong>tradiderunt</strong></span> <span class='ocrx_word' id='word_1_185' title='bbox 2298 2759 2423 2830; x_wconf 90' lang='lat' dir='ltr'><strong>inclite</strong></span> 
     </span>
     <span class='ocr_line' id='line_1_16' title="bbox 574 2908 2425 3000; baseline 0.003 -23"><span class='ocrx_word' id='word_1_186' title='bbox 574 2911 715 2998; x_wconf 87' lang='lat' dir='ltr'><strong>relique</strong></span> <span class='ocrx_word' id='word_1_187' title='bbox 738 2916 810 2980; x_wconf 88' lang='lat' dir='ltr'><strong>tres</strong></span> <span class='ocrx_word' id='word_1_188' title='bbox 835 2909 1051 2978; x_wconf 87' lang='lat' dir='ltr'><strong>sortionibus</strong></span> <span class='ocrx_word' id='word_1_189' title='bbox 1075 2908 1233 2978; x_wconf 90' lang='lat' dir='ltr'><strong>adunate</strong></span> <span class='ocrx_word' id='word_1_190' title='bbox 1257 2927 1279 2976; x_wconf 90' lang='lat' dir='ltr'><strong>a</strong></span> <span class='ocrx_word' id='word_1_191' title='bbox 1302 2927 1446 2994; x_wconf 87' lang='lat' dir='ltr'><strong>supera</strong></span> <span class='ocrx_word' id='word_1_192' title='bbox 1468 2913 1571 2996; x_wconf 86' lang='lat' dir='ltr'><strong>parte</strong></span> <span class='ocrx_word' id='word_1_193' title='bbox 1594 2909 1758 2997; x_wconf 77' lang='lat' dir='ltr'><strong>orientis,</strong></span> <span class='ocrx_word' id='word_1_194' title='bbox 1771 2913 1807 2978; x_wconf 89' lang='lat' dir='ltr'><strong>et</strong></span> <span class='ocrx_word' id='word_1_195' title='bbox 1829 2910 1872 2978; x_wconf 91' lang='lat' dir='ltr'><strong>de</strong></span> <span class='ocrx_word' id='word_1_196' title='bbox 1888 2911 1967 2998; x_wconf 91' lang='lat' dir='ltr'><strong>ipsa</strong></span> <span class='ocrx_word' id='word_1_197' title='bbox 1990 2911 2107 2998; x_wconf 91' lang='lat' dir='ltr'><strong>prima</strong></span> <span class='ocrx_word' id='word_1_198' title='bbox 2122 2913 2225 3000; x_wconf 84' lang='lat' dir='ltr'><strong>pecie</strong></span> <span class='ocrx_word' id='word_1_199' title='bbox 2241 2913 2287 2982; x_wconf 92' lang='lat' dir='ltr'><strong>da</strong></span> <span class='ocrx_word' id='word_1_200' title='bbox 2303 2913 2425 2986; x_wconf 88' lang='lat' dir='ltr'><strong>salara</strong></span> 
     </span>
     <span class='ocr_line' id='line_1_17' title="bbox 575 3063 2424 3158; baseline 0.003 -22"><span class='ocrx_word' id='word_1_201' title='bbox 575 3071 654 3158; x_wconf 88' lang='lat' dir='ltr'><strong>ipsa</strong></span> <span class='ocrx_word' id='word_1_202' title='bbox 678 3071 867 3138; x_wconf 90' lang='lat' dir='ltr'><strong>nominata</strong></span> <span class='ocrx_word' id='word_1_203' title='bbox 891 3085 1009 3135; x_wconf 89' lang='lat' dir='ltr'><strong>sorore</strong></span> <span class='ocrx_word' id='word_1_204' title='bbox 1034 3086 1115 3136; x_wconf 86' lang='lat' dir='ltr'><strong>mea</strong></span> <span class='ocrx_word' id='word_1_205' title='bbox 1138 3067 1400 3152; x_wconf 87' lang='lat' dir='ltr'><strong>comprehensit</strong></span> <span class='ocrx_word' id='word_1_206' title='bbox 1423 3064 1502 3152; x_wconf 89' lang='lat' dir='ltr'><strong>ipsa</strong></span> <span class='ocrx_word' id='word_1_207' title='bbox 1525 3063 1681 3134; x_wconf 89' lang='lat' dir='ltr'><strong>sortione</strong></span> <span class='ocrx_word' id='word_1_208' title='bbox 1705 3083 1811 3153; x_wconf 87' lang='lat' dir='ltr'><strong>super</strong></span> <span class='ocrx_word' id='word_1_209' title='bbox 1834 3066 2043 3155; x_wconf 88' lang='lat' dir='ltr'><strong>supradicta</strong></span> <span class='ocrx_word' id='word_1_210' title='bbox 2064 3072 2250 3139; x_wconf 83' lang='lat' dir='ltr'><strong>mensoria</strong></span> <span class='ocrx_word' id='word_1_211' title='bbox 2272 3091 2295 3141; x_wconf 89' lang='lat' dir='ltr'><strong>a</strong></span> <span class='ocrx_word' id='word_1_212' title='bbox 2319 3077 2424 3158; x_wconf 87' lang='lat' dir='ltr'><strong>parte</strong></span> 
     </span>
     <span class='ocr_line' id='line_1_18' title="bbox 575 3219 2422 3316; baseline 0.002 -24"><span class='ocrx_word' id='word_1_213' title='bbox 575 3225 738 3310; x_wconf 85' lang='lat' dir='ltr'><strong>moridie,</strong></span> <span class='ocrx_word' id='word_1_214' title='bbox 763 3229 799 3291; x_wconf 84' lang='lat' dir='ltr'><strong>et</strong></span> <span class='ocrx_word' id='word_1_215' title='bbox 822 3240 887 3311; x_wconf 84' lang='lat' dir='ltr'><strong>ego</strong></span> <span class='ocrx_word' id='word_1_216' title='bbox 911 3221 1156 3308; x_wconf 86' lang='lat' dir='ltr'><strong>comprehensi</strong></span> <span class='ocrx_word' id='word_1_217' title='bbox 1181 3221 1256 3308; x_wconf 91' lang='lat' dir='ltr'><strong>ipso</strong></span> <span class='ocrx_word' id='word_1_218' title='bbox 1280 3219 1372 3290; x_wconf 89' lang='lat' dir='ltr'><strong>aliut</strong></span> <span class='ocrx_word' id='word_1_219' title='bbox 1395 3222 1442 3290; x_wconf 92' lang='lat' dir='ltr'><strong>ab</strong></span> <span class='ocrx_word' id='word_1_220' title='bbox 1464 3219 1543 3308; x_wconf 88' lang='lat' dir='ltr'><strong>ipsa</strong></span> <span class='ocrx_word' id='word_1_221' title='bbox 1565 3237 1649 3306; x_wconf 86' lang='lat' dir='ltr'><strong>pars</strong></span> <span class='ocrx_word' id='word_1_222' title='bbox 1673 3219 1950 3309; x_wconf 58' lang='lat' dir='ltr'><strong>septemtrionis</strong></span> <span class='ocrx_word' id='word_1_223' title='bbox 1967 3225 2003 3290; x_wconf 92' lang='lat' dir='ltr'><strong>et</strong></span> <span class='ocrx_word' id='word_1_224' title='bbox 2017 3225 2113 3294; x_wconf 90' lang='lat' dir='ltr'><strong>hunc</strong></span> <span class='ocrx_word' id='word_1_225' title='bbox 2131 3227 2276 3294; x_wconf 90' lang='lat' dir='ltr'><strong>brebem</strong></span> <span class='ocrx_word' id='word_1_226' title='bbox 2292 3227 2422 3316; x_wconf 83' lang='lat' dir='ltr'><strong>scripsi</strong></span> 
     </span>
     <span class='ocr_line' id='line_1_19' title="bbox 574 3373 1529 3466; baseline -0.004 -20"><span class='ocrx_word' id='word_1_227' title='bbox 574 3397 639 3466; x_wconf 89' lang='lat' dir='ltr'><strong>ego</strong></span> <span class='ocrx_word' id='word_1_228' title='bbox 663 3378 838 3445; x_wconf 83' lang='lat' dir='ltr'><strong>iohannes</strong></span> <span class='ocrx_word' id='word_1_229' title='bbox 861 3376 1012 3444; x_wconf 87' lang='lat' dir='ltr'><strong>clericus</strong></span> <span class='ocrx_word' id='word_1_230' title='bbox 1035 3379 1071 3443; x_wconf 89' lang='lat' dir='ltr'><strong>et</strong></span> <span class='ocrx_word' id='word_1_231' title='bbox 1093 3375 1254 3444; x_wconf 87' lang='lat' dir='ltr'><strong>notarius</strong></span> <span class='ocrx_word' id='word_1_232' title='bbox 1278 3376 1340 3462; x_wconf 89' lang='lat' dir='ltr'><strong>qui</strong></span> <span class='ocrx_word' id='word_1_233' title='bbox 1368 3373 1529 3443; x_wconf 84' lang='lat' dir='ltr'><strong>interfui.</strong></span> 
     </span>
    </p>

    <p class='ocr_par' dir='ltr' id='par_1_3' title="bbox 624 3509 1264 3626">
     <span class='ocr_line' id='line_1_20' title="bbox 624 3509 1264 3626; baseline 0 -28"><span class='ocrx_word' id='word_1_234' title='bbox 624 3509 655 3626; x_wconf 83' lang='lat'>†</span> <span class='ocrx_word' id='word_1_235' title='bbox 679 3534 755 3620; x_wconf 86' lang='lat' dir='ltr'><strong>Ego</strong></span> <span class='ocrx_word' id='word_1_236' title='bbox 778 3538 840 3619; x_wconf 91' lang='lat' dir='ltr'><strong>qui</strong></span> <span class='ocrx_word' id='word_1_237' title='bbox 865 3553 975 3620; x_wconf 88' lang='lat' dir='ltr'><strong>supra</strong></span> <span class='ocrx_word' id='word_1_238' title='bbox 999 3531 1131 3600; x_wconf 91' lang='lat' dir='ltr'><strong>mirino</strong></span> <span class='ocrx_word' id='word_1_239' title='bbox 1154 3532 1264 3602; x_wconf 87' lang='lat' dir='ltr'><strong>iudex</strong></span> 
     </span>
    </p>

    <p class='ocr_par' dir='ltr' id='par_1_4' title="bbox 620 3667 1315 3782">
     <span class='ocr_line' id='line_1_21' title="bbox 620 3667 1315 3782; baseline -0.01 -21"><span class='ocrx_word' id='word_1_240' title='bbox 620 3667 650 3782; x_wconf 93' lang='lat'>†</span> <span class='ocrx_word' id='word_1_241' title='bbox 677 3695 751 3780; x_wconf 85' lang='lat' dir='ltr'><strong>Ego</strong></span> <span class='ocrx_word' id='word_1_242' title='bbox 775 3694 836 3778; x_wconf 91' lang='lat' dir='ltr'><strong>qui</strong></span> <span class='ocrx_word' id='word_1_243' title='bbox 861 3709 970 3778; x_wconf 89' lang='lat' dir='ltr'><strong>supra</strong></span> <span class='ocrx_word' id='word_1_244' title='bbox 995 3687 1180 3758; x_wconf 88' lang='lat' dir='ltr'><strong>mirandus</strong></span> <span class='ocrx_word' id='word_1_245' title='bbox 1205 3686 1315 3756; x_wconf 87' lang='lat' dir='ltr'><strong>iudex</strong></span> 
     </span>
    </p>

    <p class='ocr_par' dir='ltr' id='par_1_5' title="bbox 619 3821 922 3940">
     <span class='ocr_line' id='line_1_22' title="bbox 619 3821 922 3940; baseline -0.003 -26"><span class='ocrx_word' id='word_1_246' title='bbox 619 3821 651 3940; x_wconf 87' lang='lat'>†</span> <span class='ocrx_word' id='word_1_247' title='bbox 676 3849 751 3938; x_wconf 82' lang='lat' dir='ltr'><strong>Ego</strong></span> <span class='ocrx_word' id='word_1_248' title='bbox 774 3849 922 3916; x_wconf 88' lang='lat' dir='ltr'><strong>ioannes</strong></span> 
     </span>
    </p>
   </div>
   <div class='ocr_carea' id='block_1_3' title="bbox 620 3977 925 4092">
    <p class='ocr_par' dir='ltr' id='par_1_6' title="bbox 620 3977 925 4092">
     <span class='ocr_line' id='line_1_23' title="bbox 620 3977 925 4092; baseline -0.003 -24"><span class='ocrx_word' id='word_1_249' title='bbox 620 3977 650 4092; x_wconf 92' lang='lat'>†</span> <span class='ocrx_word' id='word_1_250' title='bbox 676 4005 750 4090; x_wconf 76' lang='lat' dir='ltr'><strong>Ego</strong></span> <span class='ocrx_word' id='word_1_251' title='bbox 774 4007 925 4074; x_wconf 82' lang='lat' dir='ltr'><strong>amatus</strong></span> 
     </span>
    </p>
   </div>
   <div class='ocr_carea' id='block_1_4' title="bbox 1344 4840 1650 4924">
    <p class='ocr_par' dir='ltr' id='par_1_7' title="bbox 1344 4840 1650 4924">
     <span class='ocr_line' id='line_1_24' title="bbox 1344 4840 1650 4924; baseline 0 -2"><span class='ocrx_word' id='word_1_252' title='bbox 1344 4840 1650 4924; x_wconf 81' lang='lat' dir='ltr'>DCGXVII.</span> 
     </span>
    </p>
   </div>
   <div class='ocr_carea' id='block_1_5' title="bbox 1361 5262 1643 5345">
    <p class='ocr_par' dir='ltr' id='par_1_8' title="bbox 1361 5262 1643 5345">
     <span class='ocr_line' id='line_1_25' title="bbox 1361 5262 1643 5345; baseline -0.028 -1"><span class='ocrx_word' id='word_1_253' title='bbox 1361 5268 1415 5344; x_wconf 89' lang='lat' dir='ltr'><strong>A.</strong></span> <span class='ocrx_word' id='word_1_254' title='bbox 1443 5265 1493 5343; x_wconf 89' lang='lat' dir='ltr'><strong>D.</strong></span> <span class='ocrx_word' id='word_1_255' title='bbox 1522 5262 1643 5345; x_wconf 84' lang='lat'>1019.</span> 
     </span>
    </p>
   </div>
   <div class='ocr_carea' id='block_1_6' title="bbox 622 5639 2429 5780">
    <p class='ocr_par' dir='ltr' id='par_1_9' title="bbox 622 5639 2429 5780">
     <span class='ocr_line' id='line_1_26' title="bbox 622 5639 2429 5780; baseline 0.007 -24"><span class='ocrx_word' id='word_1_256' title='bbox 622 5639 658 5778; x_wconf 81' lang='lat'>†</span> <span class='ocrx_word' id='word_1_257' title='bbox 685 5692 725 5757; x_wconf 90' lang='lat' dir='ltr'><strong>In</strong></span> <span class='ocrx_word' id='word_1_258' title='bbox 750 5691 895 5758; x_wconf 89' lang='lat' dir='ltr'><strong>nomine</strong></span> <span class='ocrx_word' id='word_1_259' title='bbox 917 5688 1052 5757; x_wconf 89' lang='lat' dir='ltr'><strong>domini</strong></span> <span class='ocrx_word' id='word_1_260' title='bbox 1067 5685 1246 5755; x_wconf 89' lang='lat' dir='ltr'><strong>tricesimo</strong></span> <span class='ocrx_word' id='word_1_261' title='bbox 1263 5683 1378 5772; x_wconf 92' lang='lat' dir='ltr'><strong>primo</strong></span> <span class='ocrx_word' id='word_1_262' title='bbox 1401 5687 1523 5752; x_wconf 90' lang='lat' dir='ltr'><strong>hanno</strong></span> <span class='ocrx_word' id='word_1_263' title='bbox 1539 5685 1761 5774; x_wconf 89' lang='lat' dir='ltr'><strong>principatus</strong></span> <span class='ocrx_word' id='word_1_264' title='bbox 1776 5687 1895 5758; x_wconf 90' lang='lat' dir='ltr'><strong>domni</strong></span> <span class='ocrx_word' id='word_1_265' title='bbox 1913 5669 2124 5780; x_wconf 86' lang='lat' dir='ltr'><strong>guaimarii,</strong></span> <span class='ocrx_word' id='word_1_266' title='bbox 2141 5697 2178 5762; x_wconf 88' lang='lat' dir='ltr'><strong>et</strong></span> <span class='ocrx_word' id='word_1_267' title='bbox 2194 5694 2309 5780; x_wconf 89' lang='lat' dir='ltr'><strong>primo</strong></span> <span class='ocrx_word' id='word_1_268' title='bbox 2332 5713 2429 5768; x_wconf 89' lang='lat' dir='ltr'><strong>anno</strong></span> 
     </span>
    </p>
   </div>
   <div class='ocr_carea' id='block_1_7' title="bbox 573 5837 2423 5935">
    <p class='ocr_par' dir='ltr' id='par_1_10' title="bbox 573 5837 2423 5935">
     <span class='ocr_line' id='line_1_27' title="bbox 573 5837 2423 5935; baseline 0.006 -26"><span class='ocrx_word' id='word_1_269' title='bbox 573 5843 796 5930; x_wconf 89' lang='lat' dir='ltr'><strong>principatus</strong></span> <span class='ocrx_word' id='word_1_270' title='bbox 819 5843 938 5912; x_wconf 90' lang='lat' dir='ltr'><strong>domni</strong></span> <span class='ocrx_word' id='word_1_271' title='bbox 961 5841 1141 5930; x_wconf 83' lang='lat' dir='ltr'><strong>guaimari</strong></span> <span class='ocrx_word' id='word_1_272' title='bbox 1165 5841 1243 5909; x_wconf 90' lang='lat' dir='ltr'><strong>eius</strong></span> <span class='ocrx_word' id='word_1_273' title='bbox 1266 5837 1333 5907; x_wconf 86' lang='lat' dir='ltr'><strong>filii</strong></span> <span class='ocrx_word' id='word_1_274' title='bbox 1346 5888 1355 5926; x_wconf 87' lang='lat'>‚</span> <span class='ocrx_word' id='word_1_275' title='bbox 1379 5838 1523 5927; x_wconf 85' lang='lat' dir='ltr'><strong>gloriosi</strong></span> <span class='ocrx_word' id='word_1_276' title='bbox 1548 5839 1786 5930; x_wconf 88' lang='lat' dir='ltr'><strong>principibus,</strong></span> <span class='ocrx_word' id='word_1_277' title='bbox 1809 5861 1930 5912; x_wconf 89' lang='lat' dir='ltr'><strong>mense</strong></span> <span class='ocrx_word' id='word_1_278' title='bbox 1953 5849 2126 5934; x_wconf 84' lang='lat' dir='ltr'><strong>augustus</strong></span> <span class='ocrx_word' id='word_1_279' title='bbox 2147 5896 2157 5935; x_wconf 93' lang='lat'><strong><em>,</em></strong></span> <span class='ocrx_word' id='word_1_280' title='bbox 2180 5849 2338 5919; x_wconf 89' lang='lat' dir='ltr'><strong>secunda</strong></span> <span class='ocrx_word' id='word_1_281' title='bbox 2367 5851 2423 5920; x_wconf 85' lang='lat' dir='ltr'><strong>in·</strong></span> 
     </span>
    </p>
   </div>
   <div class='ocr_carea' id='block_1_8' title="bbox 0 0 2725 7092">
    <p class='ocr_par' dir='ltr' id='par_1_11' title="bbox 0 0 2725 7092">
     <span class='ocr_line' id='line_1_28' title="bbox 0 0 2725 7092; baseline 0 0"><span class='ocrx_word' id='word_1_282' title='bbox 0 0 2725 7092; x_wconf 95' lang='lat' dir='ltr'><strong> </strong></span> 
     </span>
    </p>
   </div>
  </div>
 </body>
</html>
