5422 7102
594 527 663 600 190
1225 527 1397 600 cubuit
1433 524 1698 597 clvbbsls

542 755 579 822 et
603 753 712 821 abere
736 735 877 822 161616
900 755 980 840 ipsa
1003 755 1107 820 rebus
1130 753 1244 840 ipsius
1268 749 1376 838 ciceri
1401 749 1528 817 inclita
1553 747 1661 816 tertia
1681 767 1766 836 pars
1790 753 1825 818 ot
1848 749 1891 817 16
1906 748 1976 817 alie
1993 751 2100 816 rebus
2117 749 2316 836 paratiouis
2332 751 2387 840 ip·

541 905 617 972 sius
641 905 866 973 macheuolfl.
892 905 991 974 Unde
1014 908 1050 972 61
1072 904 1147 991 ipse
1170 901 1329 971 sellictus
1350 902 1505 986 dicebat,
1530 903 1571 969 ut
1595 903 1670 989 ipse
1694 899 1935 970 macbenolfus
1959 901 2066 968 abere
2082 899 2262 968 monimen
2277 904 2389 988 perti·

545 1060 656 1125 nente
679 1056 793 1145 ipsius
816 1055 943 1124 sellicti
967 1061 1003 1125 et
1026 1055 1252 1143 macheuolli,
1275 1058 1310 1122 et
1333 1054 1408 1142 ipse
1424 1053 1667 1122 machenolsus
1682 1053 1835 1140 dicebat,
1852 1055 1891 1120 ut
1908 1052 1983 1138 ipse
1999 1051 2157 1120 sellictus
2173 1055 2296 1121 aberet
2312 1071 2386 1120 mo·

542 1209 665 1276 nimen
690 1209 894 1296 pertinente
917 1208 1029 1296 ipsius
1052 1207 1182 1276 sellicti
1207 1211 1244 1276 et
1267 1205 1490 1274 macheuolll.
1515 1205 1614 1273 Unde
1636 1222 1702 1290 ego
1725 1206 1788 1291 qui
1812 1222 1921 1291 supra
1943 1203 2123 1273 castaldus
2147 1202 2241 1273 inter
2257 1203 2308 1272 eis
2332 1205 2386 1273 iu·

539 1360 740 1430 dicavimus
763 1365 799 1428 et
823 1360 983 1446 utrisque
998 1359 1071 1426 illis
1086 1357 1261 1446 guadiare
1276 1360 1436 1446 lecimus,
1453 1361 1494 1427 ut
1510 1359 1682 1443 amboque
1698 1356 1863 1443 partibus
1878 1360 2040 1426 excotere
2057 1361 2192 1443 quante
2209 1357 2390 1426 monimen

538 1513 694 1580 voluerit
718 1517 753 1580 61
777 1511 899 1580 iurare
923 1513 1098 1598 amboque
1121 1512 1284 1598 partibus
1307 1513 1353 1581 ad
1376 1517 1503 1581 sancta
1518 1511 1575 1578 dei
1599 1510 1828 1598 evbangelia,
1844 1511 1979 1598 utplus
1996 1511 2175 1578 monimen
2191 1528 2263 1576 non
2279 1511 2388 1580 abue-

539 1670 590 1736 rit
613 1687 677 1754 per
700 1671 834 1756 partes,
859 1671 895 1736 et
919 1669 998 1755 ipsa
1022 1668 1127 1734 rebus
1150 1670 1273 1736 aberet
1295 1671 1331 1736 et
1354 1667 1601 1754 possiderent,
1625 1669 1718 1734 sicut
1741 1666 1885 1733 illorum
1909 1665 2087 1734 monimen
2110 1664 2314 1733 contiuunt.
2340 1665 2386 1731 Et

536 1819 660 1890 statim
688 1819 809 1905 ibique
833 1837 979 1906 presens
1003 1838 1066 1906 per
1090 1823 1208 1906 partes
1231 1819 1464 1887 ostenderunt
1488 1819 1567 1906 ipsa
1590 1817 1787 1886 monimina
1811 1816 1904 1904 quod
1927 1817 2045 1903 legere
2062 1816 2223 1902 lecimus,
2240 1817 2384 1885 brebem

537 1971 744 2037 continente
768 1969 810 2036 de
835 1986 931 2038 anno
955 1969 1122 2037 vicesimo
1146 1974 1274 2056 quarto
1299 1971 1524 2056 principatus
1547 1971 1668 2038 domni
1691 1971 1805 2038 nostri
1829 1970 1947 2056 gisolfi
1978 1971 2124 2057 gloriosi
2159 1969 2313 2057 principi
2348 1975 2385 2038 et

536 2119 699 2208 patricii,
724 2139 843 2188 mense
868 2120 964 2208 iulii,
988 2119 1256 2207 quartadecima
1281 2097 1488 2188 indictione:
1512 2123 1743 2208 angelpertus
1759 2122 1854 2190 filius
1878 2121 1970 2189 leoni
1995 2128 2078 2192 ante
2102 2125 2274 2192 bonorum
2298 2103 2417 2191 omi-⁶

538 2273 647 2340 nibus
670 2272 805 2359 guadia
828 2273 975 2341 dederat
997 2272 1211 2358 salprandus
1235 2271 1332 2338 filius
1355 2275 1461 2356 (deest
1478 2275 1618 2356 nomeu)
1639 2273 1682 2340 de
1706 2272 1820 2339 locum
1844 2272 2036 2360 pellezan0,
2055 2279 2094 2341 ut
2116 2275 2217 2343 daret
2229 2279 2383 2344 exsecta

539 2444 621 2492 cum
645 2424 758 2511 ipsius
783 2423 985 2511 angelperti
1008 2424 1050 2491 de
1074 2422 1188 2490 locum
1212 2423 1402 2510 dodemani,
1426 2426 1599 2510 scriptum
1622 2423 1729 2492 istum
1754 2426 1894 2493 brebem
1911 2443 1974 2511 per
1992 2444 2119 2493 manus
2134 2425 2284 2512 guisone
2300 2429 2383 2496 sub-

512 2599 515 2604 ·
540 2575 688 2645 diacono
713 2581 748 2644 61
771 2577 924 2662 notario,
949 2579 985 2643 et
1009 2576 1137 2643 ibidem
1152 2575 1283 2662 scripto
1301 2576 1469 2643 ildericus
1485 2579 1721 2646 subdiaconus
1737 2583 1771 2646 et
1788 2579 1966 2666 lrapertus
1981 2581 2231 2648 subdiaconus.
2251 2585 2296 2650 Et
2311 2583 2385 2650 dua

538 2731 650 2797 berua
675 2729 837 2815 sigillata
860 2729 1078 2816 temporibus
1101 2729 1220 2796 domni
1244 2728 1425 2816 guaimari
1449 2730 1569 2816 gratia
1594 2731 1781 2817 principis:
1807 2732 1996 2800 contineba
2024 2733 2101 2818 ipsa
2125 2735 2258 2819 scripta
2289 2735 2387 2822 sigil-

540 2880 629 2968 lata,
653 2885 694 2947 ut
718 2881 949 2967 angelpertus
972 2881 1066 2947 lilius
1091 2879 1183 2947 leoni
1208 2880 1251 2948 16
1274 2880 1354 2949 locu
1378 2881 1544 2966 baniara,
1569 2886 1609 2950 ut
1631 2899 1734 2949 omne
1749 2881 1906 2968 datione,
1921 2885 1956 2949 et
1971 2881 2156 2969 petitione,
2181 2887 2216 2950 et
2232 2884 2385 2969 portati·

538 3053 631 3119 cum,
658 3039 693 3104 et
717 3035 934 3120 escaticum,
958 3023 1205 3120 plateaticum,
1231 3045 1331 3100 seum
1354 3035 1390 3100 61
1414 3051 1516 3100 omne
1533 3033 1824 3119 servitiumquod
1841 3034 1955 3101 nostri
1972 3033 2111 3120 palatiu
2135 3034 2251 3104 facere
2275 3035 2385 3102 unde-

538 3206 690 3274 cumque
714 3188 925 3272 debueritis,
949 3189 989 3252 ut
1012 3185 1110 3254 inira
1133 3187 1246 3252 totum
1269 3188 1390 3253 actum
1413 3189 1534 3252 nostro
1557 3184 1776 3286 salernitano
1798 3183 1958 3253 emeritis
1981 3189 2045 3253 aut
2069 3186 2382 3264 benumdederitis‚

540 3341 725 3428 integrum
752 3341 868 3427 ipsum
891 3339 1121 3426 plateaticum
1145 3343 1205 3407 tuo
1227 3342 1263 3407 61
1286 3339 1329 3406 16
1353 3335 1425 3404 tuis
1449 3336 1639 3405 heredibus
1661 3337 1828 3406 etbeniad
1842 3341 2079 3424 potestate,et
2092 3340 2182 3407 aliut
2194 3339 2386 3410 contiueba

535 3496 614 3580 ipsa
638 3495 775 3580 scripta
800 3493 976 3579 sigillata.
1002 3493 1046 3559 Et
1070 3490 1142 3559 alia
1165 3492 1305 3560 cartula
1328 3491 1421 3576 quod
1444 3507 1515 3556 non
1538 3493 1716 3586 potuimus
1733 3489 1864 3577 legere.
1891 3490 1973 3559 Alia
1997 3491 2137 3562 cartula
2160 3492 2203 3559 de
2220 3509 2316 3560 anno
2334 3495 2386 3560 vi-

539 3646 669 3713 cesimo
693 3646 841 3733 septimo
865 3647 1090 3731 principatus
1113 3643 1234 3711 domni
1258 3643 1371 3711 nostri
1396 3644 1577 3731 guaimari
1601 3648 1637 3712 et
1660 3646 1776 3732 primo
1800 3662 1895 3714 anno
1917 3645 2037 3712 domni
2066 3647 2216 3715 iohanni
2243 3649 2321 3715 eius
2345 3651 2385 3714 ll·

536 3799 587 3865 lio
612 3798 760 3886 gloriosi
784 3799 1020 3884 principibus,
1044 3816 1163 3865 mense
1186 3799 1331 3865 octuber
1353 3796 1603 3866 tertiadecima
1627 3797 1835 3866 indictione.
1861 3799 2008 3884 Ideoque
2032 3817 2097 3886 ego
2120 3796 2257 3867 cicerus
2288 3800 2384 3869 lilius

541 3949 657 4016 beniti
682 3951 726 4016 de
749 3950 949 4037 balnearia,
966 3950 1009 4017 16
1025 3951 1119 4018 sicut
1134 3947 1244 4015 michi
1260 3967 1458 4036 congruum
1470 3952 1537 4034 est,
1555 3969 1646 4020 vona
1657 3951 1790 4018 etenim
1815 3969 1894 4020 mea
1917 3953 2101 4023 voluntate
2119 3973 2181 4040 per
2197 3958 2292 4024 anch
2308 3975 2385 4024 car-

536 4101 656 4172 tulam
681 4107 765 4172 ante
791 4103 927 4172 idoneis
950 4104 1129 4172 ominibus
1152 4103 1260 4172 testes
1283 4103 1373 4171 dono
1396 4103 1511 4190 adque
1535 4105 1580 4174 ad
1602 4123 1739 4192 semper
1763 4106 1941 4175 abendum
1964 4107 2134 4174 confirmo
2150 4107 2217 4176 tibi
2241 4113 2382 4192 macbe-

537 4257 624 4326 nolli
648 4276 781 4346 genero
804 4277 902 4326 meus
926 4263 961 4327 61
983 4277 1046 4345 pro
1070 4259 1248 4328 benedicti
1272 4261 1388 4346 legari
1413 4261 1541 4330 inclita
1565 4259 1676 4330 tertia
1698 4280 1780 4348 pars
1803 4261 1846 4329 de
1870 4262 1985 4328 omnis
2008 4264 2115 4330 rebus
2137 4281 2218 4331 mea
2240 4262 2382 4347 stabile,

537 4417 573 4480 61
597 4412 641 4480 16
664 4416 739 4480 tota
762 4417 798 4481 et
821 4411 948 4481 inclita
963 4401 1086 4480 'omnis
1109 4431 1217 4483 causa
1240 4431 1318 4481 mea
1341 4413 1488 4482 mobilia
1510 4415 1553 4482 de
1577 4416 1670 4484 casis
1694 4421 1729 4484 et
1752 4415 1795 4483 16
1812 4413 1925 4482 omnis
1939 4432 2098 4502 organea
2115 4435 2207 4502 mea,
2224 4415 2379 4502 qualiter

536 4568 646 4636 michi
671 4569 710 4635 in
735 4573 829 4636 sorte
854 4571 996 4638 obvenit
1018 4571 1063 4640 da
1087 4573 1190 4639 ambo
1207 4571 1275 4658 ipsi
1291 4568 1357 4637 1111
1375 4568 1444 4638 mei
1457 4569 1599 4636 nomine
1612 4567 1723 4655 erisu,
1749 4568 1907 4636 sellictus
1922 4571 1959 4636 et
1974 4575 2109 4657 petrus,
2125 4570 2218 4657 quod
2235 4569 2308 4637 illis
2325 4589 2378 4638 rc-

536 4731 710 4815 ceperunt
733 4726 890 4795 sortione
913 4725 956 4793 de
978 4726 1092 4793 omnis
1113 4745 1193 4794 mea
1216 4745 1325 4795 causa
1348 4726 1495 4794 mobilia
1517 4727 1560 4795 16
1577 4728 1682 4816 casis,
1699 4733 1735 4796 et
1750 4746 1923 4816 organea,
1941 4731 1977 4795 61
1999 4727 2126 4796 verilis
2149 4731 2185 4795 et
2208 4727 2251 4796 de
2268 4731 2383 4796 omnis

535 4885 644 4950 rebus
660 4900 740 4950 mea
757 4881 898 4970 stabile,
911 4881 1067 4968 qualiter
1079 4900 1142 4968 per
1159 4879 1273 4968 legem
1290 4878 1373 4948 inde
1389 4879 1532 4948 evenire
1547 4880 1757 4949 debuerunt:
1775 4882 1910 4968 scripta
1925 4883 1995 4952 ista
2011 4883 2151 4952 cartula
2169 4900 2232 4968 per
2249 4899 2378 4951 manus

534 5035 684 5104 iohanni
708 5037 844 5123 notari,
870 5039 905 5104 et
927 5036 1059 5104 ibidem
1082 5032 1206 5121 scripti
1232 5033 1322 5100 miro
1345 5038 1382 5102 et
1405 5033 1596 5102 balsamus.
1613 5033 1695 5101 Alia
1712 5034 1850 5104 cartula
1866 5034 1908 5102 16
1924 5052 2019 5102 anno
2037 5035 2204 5104 vicesimo
2227 5035 2377 5124 septimo

533 5191 759 5278 principatus
783 5188 903 5256 domni
928 5188 1039 5256 nostri
1063 5187 1246 5276 guaimari
1262 5187 1415 5276 glorioso
1430 5188 1605 5278 principe,
1621 5207 1742 5257 mense
1758 5192 1968 5277 september,
1985 5189 2196 5259 duedecima
2213 5189 2378 5258 indictio-

532 5365 590 5416 ne:
616 5347 811 5416 contineba
835 5345 913 5434 ipsa
936 5345 1090 5431 cartula,
1114 5343 1268 5431 qualiter
1292 5344 1464 5412 iohannes
1486 5342 1583 5411 filius
1606 5343 1700 5411 idem
1724 5341 1872 5412 iohanni
1886 5343 1979 5411 bassi
1997 5343 2040 5411 de
2064 5344 2214 5412 nuceria
2231 5345 2378 5412 benum·

531 5501 683 5572 dederat
706 5499 921 5569 macheuolfl
944 5497 1020 5566 filio
1045 5495 1220 5566 benedicti
1246 5494 1362 5582 fogari
1385 5498 1421 5563 et
1444 5495 1570 5564 sellicti
1596 5495 1669 5563 lilio
1692 5495 1798 5564 ciceri
1817 5514 1889 5564 una
1906 5495 2007 5584 pecia
2023 5496 2066 5566 de
2082 5501 2182 5566 terra
2198 5497 2240 5565 de
2257 5496 2374 5564 locum

537 5652 739 5738 balnearia,
764 5653 826 5719 ubi
851 5651 973 5740 propio
997 5649 1042 5719 ad
1066 5647 1215 5716 cuniulu
1239 5647 1381 5716 dicitur:
1408 5651 1597 5720 contineba
1619 5651 1698 5738 ipsa
1720 5643 1875 5738 cartula,
1892 5657 1932 5721 ut
1956 5651 2033 5739 ip'se
2056 5652 2300 5722 macheuolius
2316 5673 2379 5740 pa·

533 5809 652 5874 ratum
678 5804 760 5872 inde
784 5807 890 5874 abere
913 5803 981 5871 due
1006 5801 1123 5888 sortis,
1147 5804 1183 5868 et
1208 5799 1282 5888 ipse
1306 5799 1464 5869 sellictus
1487 5803 1596 5871 tertia
1619 5806 1736 5890 parte,
1761 5802 1895 5889 scripta
1912 5803 1990 5890 ipsa
2007 5805 2149 5874 cartula
2164 5824 2228 5894 per
2246 5823 2372 5874 manus
