<?xml version="1.0" encoding="UTF-8"?>
<!DOCTYPE html PUBLIC "-//W3C//DTD XHTML 1.0 Transitional//EN"
    "http://www.w3.org/TR/xhtml1/DTD/xhtml1-transitional.dtd">
<html xmlns="http://www.w3.org/1999/xhtml" xml:lang="en" lang="en">
 <head>
  <title>
</title>
<meta http-equiv="Content-Type" content="text/html;charset=utf-8" />
  <meta name='ocr-system' content='tesseract 3.04.00' />
  <meta name='ocr-capabilities' content='ocr_page ocr_carea ocr_par ocr_line ocrx_word'/>
</head>
<body>
  <div class='ocr_page' id='page_1' title='image "./codexdiplomatic03aragoog_0058.png"; bbox 0 0 5414 7098; ppageno 0'>
   <div class='ocr_carea' id='block_1_1' title="bbox 606 536 1724 614">
    <p class='ocr_par' dir='ltr' id='par_1_1' title="bbox 606 536 1724 614">
     <span class='ocr_line' id='line_1_1' title="bbox 606 536 1724 614; baseline -0.003 0"><span class='ocrx_word' id='word_1_1' title='bbox 606 541 653 614; x_wconf 65' lang='lat'><strong>2⁸2</strong></span> <span class='ocrx_word' id='word_1_2' title='bbox 1245 536 1416 610; x_wconf 80' lang='lat' dir='ltr'>CODEX</span> <span class='ocrx_word' id='word_1_3' title='bbox 1459 537 1724 611; x_wconf 77' lang='lat' dir='ltr'><strong>CAVENSIS</strong></span> 
     </span>
    </p>
   </div>
   <div class='ocr_carea' id='block_1_2' title="bbox 555 766 2416 2394">
    <p class='ocr_par' dir='ltr' id='par_1_2' title="bbox 555 766 2416 2394">
     <span class='ocr_line' id='line_1_2' title="bbox 561 766 2412 857; baseline 0 -19"><span class='ocrx_word' id='word_1_4' title='bbox 561 767 721 842; x_wconf 87' lang='lat' dir='ltr'><strong>residere</strong></span> <span class='ocrx_word' id='word_1_5' title='bbox 743 773 780 840; x_wconf 86' lang='lat' dir='ltr'><strong>et</strong></span> <span class='ocrx_word' id='word_1_6' title='bbox 802 767 982 856; x_wconf 86' lang='lat' dir='ltr'><strong>babitare,</strong></span> <span class='ocrx_word' id='word_1_7' title='bbox 997 769 1034 836; x_wconf 89' lang='lat' dir='ltr'><strong>et</strong></span> <span class='ocrx_word' id='word_1_8' title='bbox 1049 767 1148 837; x_wconf 82' lang='lat' dir='ltr'><strong>lobes</strong></span> <span class='ocrx_word' id='word_1_9' title='bbox 1170 771 1208 836; x_wconf 89' lang='lat' dir='ltr'><strong>et</strong></span> <span class='ocrx_word' id='word_1_10' title='bbox 1229 767 1347 836; x_wconf 90' lang='lat' dir='ltr'><strong>omnis</strong></span> <span class='ocrx_word' id='word_1_11' title='bbox 1369 785 1432 836; x_wconf 90' lang='lat' dir='ltr'><strong>sue</strong></span> <span class='ocrx_word' id='word_1_12' title='bbox 1455 766 1623 839; x_wconf 69' lang='lat' dir='ltr'><strong>utilitatis</strong></span> <span class='ocrx_word' id='word_1_13' title='bbox 1646 769 1740 840; x_wconf 86' lang='lat' dir='ltr'><strong>iusta</strong></span> <span class='ocrx_word' id='word_1_14' title='bbox 1754 770 1933 839; x_wconf 88' lang='lat' dir='ltr'><strong>rationem</strong></span> <span class='ocrx_word' id='word_1_15' title='bbox 1948 769 2081 838; x_wconf 87' lang='lat' dir='ltr'><strong>ibidem</strong></span> <span class='ocrx_word' id='word_1_16' title='bbox 2096 769 2227 857; x_wconf 83' lang='lat' dir='ltr'><strong>lacere,</strong></span> <span class='ocrx_word' id='word_1_17' title='bbox 2251 769 2412 857; x_wconf 87' lang='lat' dir='ltr'><strong>qualiter</strong></span> 
     </span>
     <span class='ocr_line' id='line_1_3' title="bbox 561 919 2416 1010; baseline 0.001 -22"><span class='ocrx_word' id='word_1_18' title='bbox 561 921 727 1010; x_wconf 76' lang='lat' dir='ltr'><strong>uoluerit,</strong></span> <span class='ocrx_word' id='word_1_19' title='bbox 760 927 796 992; x_wconf 87' lang='lat' dir='ltr'><strong>et</strong></span> <span class='ocrx_word' id='word_1_20' title='bbox 819 939 884 1010; x_wconf 90' lang='lat' dir='ltr'><strong>pro</strong></span> <span class='ocrx_word' id='word_1_21' title='bbox 907 939 1052 990; x_wconf 86' lang='lat' dir='ltr'><strong>censum</strong></span> <span class='ocrx_word' id='word_1_22' title='bbox 1074 919 1118 988; x_wconf 89' lang='lat' dir='ltr'><strong>de</strong></span> <span class='ocrx_word' id='word_1_23' title='bbox 1140 919 1347 1008; x_wconf 85' lang='lat' dir='ltr'><strong>supradicta</strong></span> <span class='ocrx_word' id='word_1_24' title='bbox 1369 920 1491 1008; x_wconf 88' lang='lat' dir='ltr'><strong>gripta</strong></span> <span class='ocrx_word' id='word_1_25' title='bbox 1513 923 1550 990; x_wconf 90' lang='lat' dir='ltr'><strong>et</strong></span> <span class='ocrx_word' id='word_1_26' title='bbox 1571 923 1671 990; x_wconf 85' lang='lat' dir='ltr'><strong>terra</strong></span> <span class='ocrx_word' id='word_1_27' title='bbox 1692 923 1759 990; x_wconf 91' lang='lat' dir='ltr'><strong>boc</strong></span> <span class='ocrx_word' id='word_1_28' title='bbox 1782 939 1920 991; x_wconf 88' lang='lat' dir='ltr'><strong>annum</strong></span> <span class='ocrx_word' id='word_1_29' title='bbox 1934 921 2021 990; x_wconf 85' lang='lat' dir='ltr'><strong>dare</strong></span> <span class='ocrx_word' id='word_1_30' title='bbox 2043 923 2147 991; x_wconf 85' lang='lat' dir='ltr'><strong>nobis</strong></span> <span class='ocrx_word' id='word_1_31' title='bbox 2169 921 2323 992; x_wconf 80' lang='lat' dir='ltr'><strong>sedecim</strong></span> <span class='ocrx_word' id='word_1_32' title='bbox 2349 922 2416 991; x_wconf 86' lang='lat' dir='ltr'><strong>fol-</strong></span> 
     </span>
     <span class='ocr_line' id='line_1_4' title="bbox 561 1069 2415 1162; baseline 0.002 -24"><span class='ocrx_word' id='word_1_33' title='bbox 561 1073 630 1143; x_wconf 88' lang='lat' dir='ltr'><strong>lari</strong></span> <span class='ocrx_word' id='word_1_34' title='bbox 655 1074 765 1162; x_wconf 92' lang='lat' dir='ltr'><strong>boni,</strong></span> <span class='ocrx_word' id='word_1_35' title='bbox 788 1075 826 1142; x_wconf 91' lang='lat' dir='ltr'><strong>et</strong></span> <span class='ocrx_word' id='word_1_36' title='bbox 847 1073 894 1142; x_wconf 88' lang='lat' dir='ltr'><strong>da</strong></span> <span class='ocrx_word' id='word_1_37' title='bbox 917 1069 1127 1158; x_wconf 85' lang='lat' dir='ltr'><strong>completum</strong></span> <span class='ocrx_word' id='word_1_38' title='bbox 1150 1087 1262 1137; x_wconf 90' lang='lat' dir='ltr'><strong>unum</strong></span> <span class='ocrx_word' id='word_1_39' title='bbox 1286 1089 1423 1140; x_wconf 90' lang='lat' dir='ltr'><strong>annum</strong></span> <span class='ocrx_word' id='word_1_40' title='bbox 1446 1072 1484 1140; x_wconf 92' lang='lat' dir='ltr'><strong>in</strong></span> <span class='ocrx_word' id='word_1_41' title='bbox 1507 1075 1618 1143; x_wconf 88' lang='lat' dir='ltr'><strong>antea</strong></span> <span class='ocrx_word' id='word_1_42' title='bbox 1641 1091 1754 1159; x_wconf 89' lang='lat' dir='ltr'><strong>usque</strong></span> <span class='ocrx_word' id='word_1_43' title='bbox 1777 1073 1855 1161; x_wconf 87' lang='lat' dir='ltr'><strong>ipso</strong></span> <span class='ocrx_word' id='word_1_44' title='bbox 1877 1075 2111 1144; x_wconf 87' lang='lat' dir='ltr'><strong>constitutum</strong></span> <span class='ocrx_word' id='word_1_45' title='bbox 2123 1125 2134 1161; x_wconf 91' lang='lat'><strong>,</strong></span> <span class='ocrx_word' id='word_1_46' title='bbox 2160 1078 2201 1143; x_wconf 91' lang='lat' dir='ltr'><strong>ut</strong></span> <span class='ocrx_word' id='word_1_47' title='bbox 2225 1073 2351 1144; x_wconf 89' lang='lat' dir='ltr'><strong>amodo</strong></span> <span class='ocrx_word' id='word_1_48' title='bbox 2372 1090 2415 1142; x_wconf 87' lang='lat' dir='ltr'><strong>se</strong></span> 
     </span>
     <span class='ocr_line' id='line_1_5' title="bbox 559 1223 2412 1316; baseline 0.001 -21"><span class='ocrx_word' id='word_1_49' title='bbox 559 1227 761 1316; x_wconf 81' lang='lat' dir='ltr'><strong>compleant</strong></span> <span class='ocrx_word' id='word_1_50' title='bbox 784 1228 852 1316; x_wconf 87' lang='lat' dir='ltr'><strong>ipsi</strong></span> <span class='ocrx_word' id='word_1_51' title='bbox 876 1245 941 1294; x_wconf 83' lang='lat' dir='ltr'><strong>sex</strong></span> <span class='ocrx_word' id='word_1_52' title='bbox 963 1223 1066 1312; x_wconf 88' lang='lat' dir='ltr'><strong>anni,</strong></span> <span class='ocrx_word' id='word_1_53' title='bbox 1090 1243 1154 1312; x_wconf 89' lang='lat' dir='ltr'><strong>per</strong></span> <span class='ocrx_word' id='word_1_54' title='bbox 1176 1225 1292 1292; x_wconf 90' lang='lat' dir='ltr'><strong>omnis</strong></span> <span class='ocrx_word' id='word_1_55' title='bbox 1315 1243 1450 1294; x_wconf 90' lang='lat' dir='ltr'><strong>aunum</strong></span> <span class='ocrx_word' id='word_1_56' title='bbox 1474 1225 1562 1295; x_wconf 87' lang='lat' dir='ltr'><strong>dare</strong></span> <span class='ocrx_word' id='word_1_57' title='bbox 1584 1227 1687 1294; x_wconf 91' lang='lat' dir='ltr'><strong>nobis</strong></span> <span class='ocrx_word' id='word_1_58' title='bbox 1702 1227 1903 1314; x_wconf 83' lang='lat' dir='ltr'><strong>nostrisque</strong></span> <span class='ocrx_word' id='word_1_59' title='bbox 1918 1227 2111 1296; x_wconf 84' lang='lat' dir='ltr'><strong>heredibus</strong></span> <span class='ocrx_word' id='word_1_60' title='bbox 2126 1247 2240 1298; x_wconf 88' lang='lat' dir='ltr'><strong>unum</strong></span> <span class='ocrx_word' id='word_1_61' title='bbox 2259 1245 2412 1298; x_wconf 89' lang='lat' dir='ltr'><strong>aureum</strong></span> 
     </span>
     <span class='ocr_line' id='line_1_6' title="bbox 561 1377 2416 1468; baseline 0.001 -20"><span class='ocrx_word' id='word_1_62' title='bbox 561 1381 636 1451; x_wconf 84' lang='lat' dir='ltr'><strong>tari</strong></span> <span class='ocrx_word' id='word_1_63' title='bbox 660 1383 793 1449; x_wconf 90' lang='lat' dir='ltr'><strong>bonum</strong></span> <span class='ocrx_word' id='word_1_64' title='bbox 815 1383 1023 1468; x_wconf 82' lang='lat' dir='ltr'><strong>pesantem3</strong></span> <span class='ocrx_word' id='word_1_65' title='bbox 1047 1378 1093 1448; x_wconf 88' lang='lat' dir='ltr'><strong>ad</strong></span> <span class='ocrx_word' id='word_1_66' title='bbox 1117 1377 1279 1466; x_wconf 89' lang='lat' dir='ltr'><strong>completi</strong></span> <span class='ocrx_word' id='word_1_67' title='bbox 1305 1377 1374 1466; x_wconf 87' lang='lat' dir='ltr'><strong>ipsi</strong></span> <span class='ocrx_word' id='word_1_68' title='bbox 1398 1380 1575 1448; x_wconf 83' lang='lat' dir='ltr'><strong>sexenni</strong></span> <span class='ocrx_word' id='word_1_69' title='bbox 1599 1378 1706 1449; x_wconf 84' lang='lat' dir='ltr'><strong>liceat</strong></span> <span class='ocrx_word' id='word_1_70' title='bbox 1730 1378 1833 1446; x_wconf 91' lang='lat' dir='ltr'><strong>illum</strong></span> <span class='ocrx_word' id='word_1_71' title='bbox 1856 1379 1912 1448; x_wconf 85' lang='lat' dir='ltr'><strong>rel</strong></span> <span class='ocrx_word' id='word_1_72' title='bbox 1935 1381 2012 1448; x_wconf 83' lang='lat' dir='ltr'><strong>cius</strong></span> <span class='ocrx_word' id='word_1_73' title='bbox 2033 1380 2182 1450; x_wconf 87' lang='lat' dir='ltr'><strong>heredes</strong></span> <span class='ocrx_word' id='word_1_74' title='bbox 2205 1379 2288 1450; x_wconf 87' lang='lat' dir='ltr'><strong>indo</strong></span> <span class='ocrx_word' id='word_1_75' title='bbox 2310 1381 2416 1451; x_wconf 80' lang='lat' dir='ltr'><strong>exire</strong></span> 
     </span>
     <span class='ocr_line' id='line_1_7' title="bbox 559 1530 2410 1622; baseline -0.001 -18"><span class='ocrx_word' id='word_1_76' title='bbox 559 1555 640 1604; x_wconf 89' lang='lat' dir='ltr'><strong>cum</strong></span> <span class='ocrx_word' id='word_1_77' title='bbox 664 1535 781 1605; x_wconf 88' lang='lat' dir='ltr'><strong>omnis</strong></span> <span class='ocrx_word' id='word_1_78' title='bbox 815 1553 882 1604; x_wconf 89' lang='lat' dir='ltr'><strong>sua</strong></span> <span class='ocrx_word' id='word_1_79' title='bbox 911 1552 1022 1603; x_wconf 89' lang='lat' dir='ltr'><strong>causa</strong></span> <span class='ocrx_word' id='word_1_80' title='bbox 1045 1552 1114 1621; x_wconf 89' lang='lat' dir='ltr'><strong>que</strong></span> <span class='ocrx_word' id='word_1_81' title='bbox 1137 1530 1189 1601; x_wconf 91' lang='lat' dir='ltr'><strong>ibi</strong></span> <span class='ocrx_word' id='word_1_82' title='bbox 1212 1533 1394 1620; x_wconf 88' lang='lat' dir='ltr'><strong>babuerit,</strong></span> <span class='ocrx_word' id='word_1_83' title='bbox 1422 1536 1460 1600; x_wconf 87' lang='lat' dir='ltr'><strong>et</strong></span> <span class='ocrx_word' id='word_1_84' title='bbox 1483 1533 1611 1602; x_wconf 90' lang='lat' dir='ltr'><strong>inolita</strong></span> <span class='ocrx_word' id='word_1_85' title='bbox 1634 1535 1713 1620; x_wconf 92' lang='lat' dir='ltr'><strong>ipsa</strong></span> <span class='ocrx_word' id='word_1_86' title='bbox 1735 1533 1859 1622; x_wconf 82' lang='lat' dir='ltr'><strong>gripta</strong></span> <span class='ocrx_word' id='word_1_87' title='bbox 1881 1539 1917 1602; x_wconf 91' lang='lat' dir='ltr'><strong>et</strong></span> <span class='ocrx_word' id='word_1_88' title='bbox 1939 1537 2040 1602; x_wconf 86' lang='lat' dir='ltr'><strong>terra</strong></span> <span class='ocrx_word' id='word_1_89' title='bbox 2063 1537 2222 1602; x_wconf 83' lang='lat' dir='ltr'><strong>revertas</strong></span> <span class='ocrx_word' id='word_1_90' title='bbox 2243 1532 2290 1603; x_wconf 91' lang='lat' dir='ltr'><strong>ad</strong></span> <span class='ocrx_word' id='word_1_91' title='bbox 2311 1537 2410 1621; x_wconf 84' lang='lat' dir='ltr'><strong>pote·</strong></span> 
     </span>
     <span class='ocr_line' id='line_1_8' title="bbox 559 1647 2409 1775; baseline -0.002 -18"><span class='ocrx_word' id='word_1_92' title='bbox 559 1695 650 1760; x_wconf 82' lang='lat' dir='ltr'><strong>stato</strong></span> <span class='ocrx_word' id='word_1_93' title='bbox 673 1693 797 1756; x_wconf 90' lang='lat' dir='ltr'><strong>nostra</strong></span> <span class='ocrx_word' id='word_1_94' title='bbox 818 1687 874 1756; x_wconf 90' lang='lat' dir='ltr'><strong>vel</strong></span> <span class='ocrx_word' id='word_1_95' title='bbox 897 1687 940 1757; x_wconf 87' lang='lat' dir='ltr'><strong>de</strong></span> <span class='ocrx_word' id='word_1_96' title='bbox 963 1685 1097 1754; x_wconf 90' lang='lat' dir='ltr'><strong>nostris</strong></span> <span class='ocrx_word' id='word_1_97' title='bbox 1120 1684 1324 1772; x_wconf 84' lang='lat' dir='ltr'><strong>heredibus3</strong></span> <span class='ocrx_word' id='word_1_98' title='bbox 1348 1691 1384 1756; x_wconf 92' lang='lat' dir='ltr'><strong>et</strong></span> <span class='ocrx_word' id='word_1_99' title='bbox 1406 1687 1437 1754; x_wconf 87' lang='lat' dir='ltr'><strong>si</strong></span> <span class='ocrx_word' id='word_1_100' title='bbox 1459 1688 1583 1756; x_wconf 81' lang='lat' dir='ltr'><strong>taliter</strong></span> <span class='ocrx_word' id='word_1_101' title='bbox 1606 1647 1728 1758; x_wconf 82' lang='lat' dir='ltr'><strong>omnia</strong></span> <span class='ocrx_word' id='word_1_102' title='bbox 1751 1688 1853 1756; x_wconf 88' lang='lat' dir='ltr'><strong>nobis</strong></span> <span class='ocrx_word' id='word_1_103' title='bbox 1869 1707 1941 1757; x_wconf 92' lang='lat' dir='ltr'><strong>non</strong></span> <span class='ocrx_word' id='word_1_104' title='bbox 1957 1686 2209 1775; x_wconf 83' lang='lat' dir='ltr'><strong>adimpleverit</strong></span> <span class='ocrx_word' id='word_1_105' title='bbox 2224 1690 2260 1754; x_wconf 91' lang='lat' dir='ltr'><strong>et</strong></span> <span class='ocrx_word' id='word_1_106' title='bbox 2275 1685 2409 1775; x_wconf 87' lang='lat' dir='ltr'><strong>aliquit</strong></span> 
     </span>
     <span class='ocr_line' id='line_1_9' title="bbox 561 1840 2413 1930; baseline 0 -20"><span class='ocrx_word' id='word_1_107' title='bbox 561 1843 643 1913; x_wconf 88' lang='lat' dir='ltr'><strong>inde</strong></span> <span class='ocrx_word' id='word_1_108' title='bbox 667 1840 940 1930; x_wconf 85' lang='lat' dir='ltr'><strong>contradixerit,</strong></span> <span class='ocrx_word' id='word_1_109' title='bbox 964 1841 1140 1930; x_wconf 87' lang='lat' dir='ltr'><strong>obligavit</strong></span> <span class='ocrx_word' id='word_1_110' title='bbox 1162 1859 1199 1908; x_wconf 91' lang='lat' dir='ltr'><strong>se</strong></span> <span class='ocrx_word' id='word_1_111' title='bbox 1222 1843 1259 1907; x_wconf 88' lang='lat' dir='ltr'><strong>et</strong></span> <span class='ocrx_word' id='word_1_112' title='bbox 1281 1857 1361 1908; x_wconf 86' lang='lat' dir='ltr'><strong>suos</strong></span> <span class='ocrx_word' id='word_1_113' title='bbox 1384 1840 1532 1910; x_wconf 89' lang='lat' dir='ltr'><strong>heredes</strong></span> <span class='ocrx_word' id='word_1_114' title='bbox 1554 1859 1762 1930; x_wconf 89' lang='lat' dir='ltr'><strong>componere</strong></span> <span class='ocrx_word' id='word_1_115' title='bbox 1784 1845 1887 1911; x_wconf 91' lang='lat' dir='ltr'><strong>nobis</strong></span> <span class='ocrx_word' id='word_1_116' title='bbox 1910 1845 2115 1928; x_wconf 89' lang='lat' dir='ltr'><strong>nostrisque</strong></span> <span class='ocrx_word' id='word_1_117' title='bbox 2137 1841 2328 1911; x_wconf 89' lang='lat' dir='ltr'><strong>heredibus</strong></span> <span class='ocrx_word' id='word_1_118' title='bbox 2349 1841 2413 1910; x_wconf 90' lang='lat' dir='ltr'><strong>de·</strong></span> 
     </span>
     <span class='ocr_line' id='line_1_10' title="bbox 557 1997 2416 2086; baseline 0.001 -22"><span class='ocrx_word' id='word_1_119' title='bbox 557 2015 635 2066; x_wconf 85' lang='lat' dir='ltr'><strong>cem</strong></span> <span class='ocrx_word' id='word_1_120' title='bbox 658 1999 740 2068; x_wconf 91' lang='lat' dir='ltr'><strong>auri</strong></span> <span class='ocrx_word' id='word_1_121' title='bbox 764 1997 893 2065; x_wconf 88' lang='lat' dir='ltr'><strong>solidos</strong></span> <span class='ocrx_word' id='word_1_122' title='bbox 916 1998 1163 2064; x_wconf 89' lang='lat' dir='ltr'><strong>constantinos</strong></span> <span class='ocrx_word' id='word_1_123' title='bbox 1185 1999 1222 2065; x_wconf 83' lang='lat' dir='ltr'><strong>et</strong></span> <span class='ocrx_word' id='word_1_124' title='bbox 1243 1997 1365 2064; x_wconf 88' lang='lat' dir='ltr'><strong>omnia</strong></span> <span class='ocrx_word' id='word_1_125' title='bbox 1389 1997 1634 2084; x_wconf 89' lang='lat' dir='ltr'><strong>suprascripta</strong></span> <span class='ocrx_word' id='word_1_126' title='bbox 1654 2016 1718 2083; x_wconf 99' lang='grc' dir='ltr'><strong>ρετ</strong></span> <span class='ocrx_word' id='word_1_127' title='bbox 1742 1997 1868 2066; x_wconf 91' lang='lat' dir='ltr'><strong>inbitis</strong></span> <span class='ocrx_word' id='word_1_128' title='bbox 1891 1997 1993 2064; x_wconf 91' lang='lat' dir='ltr'><strong>nobis</strong></span> <span class='ocrx_word' id='word_1_129' title='bbox 2015 1997 2239 2086; x_wconf 87' lang='lat' dir='ltr'><strong>complirent,</strong></span> <span class='ocrx_word' id='word_1_130' title='bbox 2256 2001 2292 2066; x_wconf 86' lang='lat' dir='ltr'><strong>et</strong></span> <span class='ocrx_word' id='word_1_131' title='bbox 2315 1999 2416 2068; x_wconf 86' lang='lat' dir='ltr'><strong>bunc</strong></span> 
     </span>
     <span class='ocr_line' id='line_1_11' title="bbox 555 2151 1342 2240; baseline -0.005 -20"><span class='ocrx_word' id='word_1_132' title='bbox 555 2155 700 2222; x_wconf 90' lang='lat' dir='ltr'><strong>brebem</strong></span> <span class='ocrx_word' id='word_1_133' title='bbox 724 2151 850 2240; x_wconf 81' lang='lat' dir='ltr'><strong>scripsi</strong></span> <span class='ocrx_word' id='word_1_134' title='bbox 873 2170 940 2240; x_wconf 91' lang='lat' dir='ltr'><strong>ego</strong></span> <span class='ocrx_word' id='word_1_135' title='bbox 962 2153 1146 2238; x_wconf 89' lang='lat' dir='ltr'><strong>iaquintus</strong></span> <span class='ocrx_word' id='word_1_136' title='bbox 1168 2151 1342 2220; x_wconf 90' lang='lat' dir='ltr'><strong>notarius.</strong></span> 
     </span>
     <span class='ocr_line' id='line_1_12' title="bbox 603 2277 913 2394; baseline 0.003 -23"><span class='ocrx_word' id='word_1_137' title='bbox 603 2277 635 2394; x_wconf 95' lang='lat'><em>†</em></span> <span class='ocrx_word' id='word_1_138' title='bbox 659 2307 735 2393; x_wconf 88' lang='lat' dir='ltr'><strong>Ego</strong></span> <span class='ocrx_word' id='word_1_139' title='bbox 757 2303 913 2373; x_wconf 91' lang='lat' dir='ltr'><strong>romualt</strong></span> 
     </span>
    </p>
   </div>
   <div class='ocr_carea' id='block_1_3' title="bbox 605 2431 1183 2548">
    <p class='ocr_par' dir='ltr' id='par_1_3' title="bbox 605 2431 1183 2548">
     <span class='ocr_line' id='line_1_13' title="bbox 605 2431 1183 2548; baseline -0.005 -21"><span class='ocrx_word' id='word_1_140' title='bbox 605 2431 637 2548; x_wconf 87' lang='lat'>†</span> <span class='ocrx_word' id='word_1_141' title='bbox 661 2477 727 2545; x_wconf 87' lang='lat' dir='ltr'><strong>ego</strong></span> <span class='ocrx_word' id='word_1_142' title='bbox 749 2463 872 2544; x_wconf 88' lang='lat' dir='ltr'><strong>petrus</strong></span> <span class='ocrx_word' id='word_1_143' title='bbox 895 2475 951 2525; x_wconf 91' lang='lat' dir='ltr'><strong>me</strong></span> <span class='ocrx_word' id='word_1_144' title='bbox 975 2457 1183 2545; x_wconf 84' lang='lat' dir='ltr'><strong>subscripsi.</strong></span> 
     </span>
    </p>
   </div>
   <div class='ocr_carea' id='block_1_4' title="bbox 1354 3103 1614 3188">
    <p class='ocr_par' dir='ltr' id='par_1_4' title="bbox 1354 3103 1614 3188">
     <span class='ocr_line' id='line_1_14' title="bbox 1354 3103 1614 3188; baseline -0.015 0"><span class='ocrx_word' id='word_1_145' title='bbox 1354 3103 1614 3188; x_wconf 85' lang='lat' dir='ltr'>DCGXX.</span> 
     </span>
    </p>
   </div>
   <div class='ocr_carea' id='block_1_5' title="bbox 1346 3362 1638 3446">
    <p class='ocr_par' dir='ltr' id='par_1_5' title="bbox 1346 3362 1638 3446">
     <span class='ocr_line' id='line_1_15' title="bbox 1346 3362 1638 3446; baseline -0.031 -1"><span class='ocrx_word' id='word_1_146' title='bbox 1346 3367 1401 3445; x_wconf 90' lang='grc' dir='ltr'><strong>Α.</strong></span> <span class='ocrx_word' id='word_1_147' title='bbox 1429 3363 1481 3443; x_wconf 89' lang='lat' dir='ltr'><strong>D.</strong></span> <span class='ocrx_word' id='word_1_148' title='bbox 1510 3362 1638 3446; x_wconf 85' lang='lat'><strong>1020.</strong></span> 
     </span>
    </p>
   </div>
   <div class='ocr_carea' id='block_1_6' title="bbox 603 3609 2414 3748">
    <p class='ocr_par' dir='ltr' id='par_1_6' title="bbox 603 3609 2414 3748">
     <span class='ocr_line' id='line_1_16' title="bbox 603 3609 2414 3748; baseline 0.003 -22"><span class='ocrx_word' id='word_1_149' title='bbox 603 3609 640 3748; x_wconf 82' lang='lat'>†</span> <span class='ocrx_word' id='word_1_150' title='bbox 665 3659 704 3728; x_wconf 89' lang='lat' dir='ltr'><strong>ln</strong></span> <span class='ocrx_word' id='word_1_151' title='bbox 740 3660 883 3728; x_wconf 90' lang='lat' dir='ltr'><strong>nomine</strong></span> <span class='ocrx_word' id='word_1_152' title='bbox 907 3659 1044 3729; x_wconf 89' lang='lat' dir='ltr'><strong>domini</strong></span> <span class='ocrx_word' id='word_1_153' title='bbox 1076 3677 1170 3730; x_wconf 89' lang='lat' dir='ltr'><strong>anno</strong></span> <span class='ocrx_word' id='word_1_154' title='bbox 1193 3659 1375 3728; x_wconf 87' lang='lat' dir='ltr'><strong>tricesimo</strong></span> <span class='ocrx_word' id='word_1_155' title='bbox 1397 3659 1513 3744; x_wconf 89' lang='lat' dir='ltr'><strong>primo</strong></span> <span class='ocrx_word' id='word_1_156' title='bbox 1535 3657 1758 3747; x_wconf 88' lang='lat' dir='ltr'><strong>principatus</strong></span> <span class='ocrx_word' id='word_1_157' title='bbox 1781 3659 1902 3728; x_wconf 90' lang='lat' dir='ltr'><strong>domni</strong></span> <span class='ocrx_word' id='word_1_158' title='bbox 1926 3661 2041 3727; x_wconf 89' lang='lat' dir='ltr'><strong>nostri</strong></span> <span class='ocrx_word' id='word_1_159' title='bbox 2065 3659 2276 3748; x_wconf 82' lang='lat' dir='ltr'><strong>guaimari,</strong></span> <span class='ocrx_word' id='word_1_160' title='bbox 2299 3665 2335 3730; x_wconf 88' lang='lat' dir='ltr'><strong>et</strong></span> <span class='ocrx_word' id='word_1_161' title='bbox 2357 3680 2414 3731; x_wconf 88' lang='lat' dir='ltr'><strong>se-</strong></span> 
     </span>
    </p>
   </div>
   <div class='ocr_carea' id='block_1_7' title="bbox 420 3809 2418 3902">
    <p class='ocr_par' dir='ltr' id='par_1_7' title="bbox 420 3809 2418 3902">
     <span class='ocr_line' id='line_1_17' title="bbox 420 3809 2418 3902; baseline 0.001 -20"><span class='ocrx_word' id='word_1_162' title='bbox 420 3889 425 3902; x_wconf 41' lang='lat'><strong>,</strong></span> <span class='ocrx_word' id='word_1_163' title='bbox 558 3813 676 3882; x_wconf 88' lang='lat' dir='ltr'><strong>cundo</strong></span> <span class='ocrx_word' id='word_1_164' title='bbox 699 3831 798 3884; x_wconf 91' lang='lat' dir='ltr'><strong>anno</strong></span> <span class='ocrx_word' id='word_1_165' title='bbox 821 3813 943 3882; x_wconf 91' lang='lat' dir='ltr'><strong>domni</strong></span> <span class='ocrx_word' id='word_1_166' title='bbox 966 3811 1148 3902; x_wconf 83' lang='lat' dir='ltr'><strong>guaimari</strong></span> <span class='ocrx_word' id='word_1_167' title='bbox 1171 3811 1249 3878; x_wconf 91' lang='lat' dir='ltr'><strong>eius</strong></span> <span class='ocrx_word' id='word_1_168' title='bbox 1272 3809 1353 3899; x_wconf 89' lang='lat' dir='ltr'><strong>filii,</strong></span> <span class='ocrx_word' id='word_1_169' title='bbox 1377 3809 1523 3898; x_wconf 89' lang='lat' dir='ltr'><strong>gloriosi</strong></span> <span class='ocrx_word' id='word_1_170' title='bbox 1546 3811 1785 3900; x_wconf 89' lang='lat' dir='ltr'><strong>principibus,</strong></span> <span class='ocrx_word' id='word_1_171' title='bbox 1808 3831 1930 3882; x_wconf 90' lang='lat' dir='ltr'><strong>mense</strong></span> <span class='ocrx_word' id='word_1_172' title='bbox 1946 3813 2147 3901; x_wconf 81' lang='lat' dir='ltr'><strong>ianuarias,</strong></span> <span class='ocrx_word' id='word_1_173' title='bbox 2163 3815 2275 3886; x_wconf 88' lang='lat' dir='ltr'><strong>tertia</strong></span> <span class='ocrx_word' id='word_1_174' title='bbox 2299 3815 2418 3884; x_wconf 86' lang='lat' dir='ltr'><strong>indic-</strong></span> 
     </span>
    </p>
   </div>
   <div class='ocr_carea' id='block_1_8' title="bbox 557 3963 2416 5752">
    <p class='ocr_par' dir='ltr' id='par_1_8' title="bbox 557 3963 2416 5752">
     <span class='ocr_line' id='line_1_18' title="bbox 558 3963 2413 4052; baseline 0.001 -17"><span class='ocrx_word' id='word_1_175' title='bbox 558 3967 669 4037; x_wconf 85' lang='lat' dir='ltr'><strong>tione.</strong></span> <span class='ocrx_word' id='word_1_176' title='bbox 694 3968 985 4037; x_wconf 89' lang='lat' dir='ltr'><strong>Memoratorium</strong></span> <span class='ocrx_word' id='word_1_177' title='bbox 1008 3968 1142 4035; x_wconf 88' lang='lat' dir='ltr'><strong>sactum</strong></span> <span class='ocrx_word' id='word_1_178' title='bbox 1165 3985 1187 4034; x_wconf 91' lang='lat' dir='ltr'><strong>a</strong></span> <span class='ocrx_word' id='word_1_179' title='bbox 1203 3965 1305 4033; x_wconf 89' lang='lat' dir='ltr'><strong>nobis</strong></span> <span class='ocrx_word' id='word_1_180' title='bbox 1320 3964 1484 4034; x_wconf 88' lang='lat' dir='ltr'><strong>marinus</strong></span> <span class='ocrx_word' id='word_1_181' title='bbox 1500 3963 1597 4032; x_wconf 87' lang='lat' dir='ltr'><strong>filius</strong></span> <span class='ocrx_word' id='word_1_182' title='bbox 1611 3966 1705 4052; x_wconf 83' lang='lat' dir='ltr'><strong>petri</strong></span> <span class='ocrx_word' id='word_1_183' title='bbox 1720 3965 1875 4050; x_wconf 89' lang='lat' dir='ltr'><strong>romani,</strong></span> <span class='ocrx_word' id='word_1_184' title='bbox 1890 3969 1927 4034; x_wconf 90' lang='lat' dir='ltr'><strong>et</strong></span> <span class='ocrx_word' id='word_1_185' title='bbox 1940 3964 2126 4052; x_wconf 89' lang='lat' dir='ltr'><strong>iaquintus</strong></span> <span class='ocrx_word' id='word_1_186' title='bbox 2141 3967 2237 4036; x_wconf 85' lang='lat' dir='ltr'><strong>filius</strong></span> <span class='ocrx_word' id='word_1_187' title='bbox 2261 3969 2413 4038; x_wconf 90' lang='lat' dir='ltr'><strong>iohanni</strong></span> 
     </span>
     <span class='ocr_line' id='line_1_19' title="bbox 558 4116 2413 4212; baseline 0.001 -22"><span class='ocrx_word' id='word_1_188' title='bbox 558 4121 620 4212; x_wconf 93' lang='lat' dir='ltr'><strong>qui</strong></span> <span class='ocrx_word' id='word_1_189' title='bbox 644 4121 715 4191; x_wconf 86' lang='lat' dir='ltr'><strong>luit</strong></span> <span class='ocrx_word' id='word_1_190' title='bbox 742 4122 786 4191; x_wconf 88' lang='lat' dir='ltr'><strong>de</strong></span> <span class='ocrx_word' id='word_1_191' title='bbox 809 4119 923 4190; x_wconf 89' lang='lat' dir='ltr'><strong>locum</strong></span> <span class='ocrx_word' id='word_1_192' title='bbox 946 4118 1096 4188; x_wconf 90' lang='lat' dir='ltr'><strong>clusanu</strong></span> <span class='ocrx_word' id='word_1_193' title='bbox 1118 4118 1208 4187; x_wconf 88' lang='lat' dir='ltr'><strong>fines</strong></span> <span class='ocrx_word' id='word_1_194' title='bbox 1230 4117 1434 4206; x_wconf 88' lang='lat' dir='ltr'><strong>beneventi,</strong></span> <span class='ocrx_word' id='word_1_195' title='bbox 1458 4135 1499 4187; x_wconf 90' lang='lat' dir='ltr'><strong>eo</strong></span> <span class='ocrx_word' id='word_1_196' title='bbox 1522 4116 1615 4205; x_wconf 89' lang='lat' dir='ltr'><strong>quod</strong></span> <span class='ocrx_word' id='word_1_197' title='bbox 1639 4123 1724 4187; x_wconf 89' lang='lat' dir='ltr'><strong>ante</strong></span> <span class='ocrx_word' id='word_1_198' title='bbox 1746 4117 2031 4206; x_wconf 86' lang='lat' dir='ltr'><strong>ragemprandus</strong></span> <span class='ocrx_word' id='word_1_199' title='bbox 2054 4120 2165 4189; x_wconf 84' lang='lat' dir='ltr'><strong>iudex</strong></span> <span class='ocrx_word' id='word_1_200' title='bbox 2188 4141 2252 4210; x_wconf 88' lang='lat' dir='ltr'><strong>per</strong></span> <span class='ocrx_word' id='word_1_201' title='bbox 2274 4123 2413 4192; x_wconf 89' lang='lat' dir='ltr'><strong>combe-</strong></span> 
     </span>
     <span class='ocr_line' id='line_1_20' title="bbox 558 4268 2411 4382; baseline 0.001 -40"><span class='ocrx_word' id='word_1_202' title='bbox 558 4273 736 4344; x_wconf 89' lang='lat' dir='ltr'><strong>nientiam</strong></span> <span class='ocrx_word' id='word_1_203' title='bbox 758 4271 988 4348; x_wconf 84' lang='lat' dir='ltr'><strong>tradiderunt</strong></span> <span class='ocrx_word' id='word_1_204' title='bbox 1011 4271 1114 4338; x_wconf 91' lang='lat' dir='ltr'><strong>nobis</strong></span> <span class='ocrx_word' id='word_1_205' title='bbox 1136 4269 1182 4338; x_wconf 88' lang='lat' dir='ltr'><strong>ad</strong></span> <span class='ocrx_word' id='word_1_206' title='bbox 1205 4268 1441 4338; x_wconf 88' lang='lat' dir='ltr'><strong>laborandum</strong></span> <span class='ocrx_word' id='word_1_207' title='bbox 1457 4271 1588 4340; x_wconf 89' lang='lat' dir='ltr'><strong>raccho</strong></span> <span class='ocrx_word' id='word_1_208' title='bbox 1614 4275 1651 4338; x_wconf 88' lang='lat' dir='ltr'><strong>et</strong></span> <span class='ocrx_word' id='word_1_209' title='bbox 1667 4271 1868 4340; x_wconf 89' lang='lat' dir='ltr'><strong>romoaldus</strong></span> <span class='ocrx_word' id='word_1_210' title='bbox 1890 4275 2056 4359; x_wconf 88' lang='lat' dir='ltr'><strong>germani</strong></span> <span class='ocrx_word' id='word_1_211' title='bbox 2080 4272 2149 4340; x_wconf 88' lang='lat' dir='ltr'><strong>filii</strong></span> <span class='ocrx_word' id='word_1_212' title='bbox 2171 4276 2262 4344; x_wconf 87' lang='lat' dir='ltr'><strong>sassi</strong></span> <span class='ocrx_word' id='word_1_213' title='bbox 2285 4274 2411 4382; x_wconf 84' lang='lat' dir='ltr'><strong>inclite</strong></span> 
     </span>
     <span class='ocr_line' id='line_1_21' title="bbox 559 4422 2410 4517; baseline 0.001 -21"><span class='ocrx_word' id='word_1_214' title='bbox 559 4428 735 4497; x_wconf 85' lang='lat' dir='ltr'><strong>sortiones</strong></span> <span class='ocrx_word' id='word_1_215' title='bbox 750 4445 827 4514; x_wconf 87' lang='lat' dir='ltr'><strong>sue,</strong></span> <span class='ocrx_word' id='word_1_216' title='bbox 845 4425 938 4514; x_wconf 89' lang='lat' dir='ltr'><strong>quod</strong></span> <span class='ocrx_word' id='word_1_217' title='bbox 959 4428 1014 4494; x_wconf 90' lang='lat' dir='ltr'><strong>est</strong></span> <span class='ocrx_word' id='word_1_218' title='bbox 1035 4429 1136 4493; x_wconf 86' lang='lat' dir='ltr'><strong>terra</strong></span> <span class='ocrx_word' id='word_1_219' title='bbox 1159 4441 1239 4490; x_wconf 90' lang='lat' dir='ltr'><strong>cum</strong></span> <span class='ocrx_word' id='word_1_220' title='bbox 1262 4422 1371 4491; x_wconf 83' lang='lat' dir='ltr'><strong>vinea</strong></span> <span class='ocrx_word' id='word_1_221' title='bbox 1393 4427 1429 4492; x_wconf 90' lang='lat' dir='ltr'><strong>et</strong></span> <span class='ocrx_word' id='word_1_222' title='bbox 1450 4422 1632 4511; x_wconf 88' lang='lat' dir='ltr'><strong>aliquanti</strong></span> <span class='ocrx_word' id='word_1_223' title='bbox 1654 4427 1814 4495; x_wconf 89' lang='lat' dir='ltr'><strong>castanei</strong></span> <span class='ocrx_word' id='word_1_224' title='bbox 1837 4430 1874 4495; x_wconf 86' lang='lat' dir='ltr'><strong>et</strong></span> <span class='ocrx_word' id='word_1_225' title='bbox 1896 4427 2026 4496; x_wconf 87' lang='lat' dir='ltr'><strong>inserti</strong></span> <span class='ocrx_word' id='word_1_226' title='bbox 2048 4428 2092 4496; x_wconf 89' lang='lat' dir='ltr'><strong>de</strong></span> <span class='ocrx_word' id='word_1_227' title='bbox 2108 4429 2225 4497; x_wconf 91' lang='lat' dir='ltr'><strong>locum</strong></span> <span class='ocrx_word' id='word_1_228' title='bbox 2241 4447 2410 4517; x_wconf 87' lang='lat' dir='ltr'><strong>capacza·</strong></span> 
     </span>
     <span class='ocr_line' id='line_1_22' title="bbox 557 4577 2407 4673; baseline -0.002 -17"><span class='ocrx_word' id='word_1_229' title='bbox 557 4601 621 4673; x_wconf 83' lang='lat' dir='ltr'><strong>na,</strong></span> <span class='ocrx_word' id='word_1_230' title='bbox 644 4583 707 4652; x_wconf 88' lang='lat' dir='ltr'><strong>ubi</strong></span> <span class='ocrx_word' id='word_1_231' title='bbox 729 4580 897 4652; x_wconf 87' lang='lat' dir='ltr'><strong>sabuonlo</strong></span> <span class='ocrx_word' id='word_1_232' title='bbox 919 4578 1066 4667; x_wconf 87' lang='lat' dir='ltr'><strong>dicitur,</strong></span> <span class='ocrx_word' id='word_1_233' title='bbox 1090 4577 1183 4665; x_wconf 90' lang='lat' dir='ltr'><strong>quod</strong></span> <span class='ocrx_word' id='word_1_234' title='bbox 1205 4593 1330 4647; x_wconf 91' lang='lat' dir='ltr'><strong>corum</strong></span> <span class='ocrx_word' id='word_1_235' title='bbox 1354 4579 1393 4646; x_wconf 92' lang='lat' dir='ltr'><strong>in</strong></span> <span class='ocrx_word' id='word_1_236' title='bbox 1417 4578 1574 4647; x_wconf 88' lang='lat' dir='ltr'><strong>sortione</strong></span> <span class='ocrx_word' id='word_1_237' title='bbox 1598 4579 1718 4648; x_wconf 85' lang='lat' dir='ltr'><strong>evenit</strong></span> <span class='ocrx_word' id='word_1_238' title='bbox 1733 4581 1780 4650; x_wconf 88' lang='lat' dir='ltr'><strong>da</strong></span> <span class='ocrx_word' id='word_1_239' title='bbox 1796 4581 1901 4650; x_wconf 86' lang='lat' dir='ltr'><strong>lando</strong></span> <span class='ocrx_word' id='word_1_240' title='bbox 1926 4599 2101 4671; x_wconf 89' lang='lat' dir='ltr'><strong>germano</strong></span> <span class='ocrx_word' id='word_1_241' title='bbox 2122 4583 2281 4663; x_wconf 87' lang='lat' dir='ltr'><strong>illorum,</strong></span> <span class='ocrx_word' id='word_1_242' title='bbox 2313 4583 2407 4673; x_wconf 89' lang='lat' dir='ltr'><strong>quod</strong></span> 
     </span>
     <span class='ocr_line' id='line_1_23' title="bbox 561 4703 2415 4827; baseline 0.001 -21"><span class='ocrx_word' id='word_1_243' title='bbox 561 4737 638 4826; x_wconf 88' lang='lat' dir='ltr'><strong>ipse</strong></span> <span class='ocrx_word' id='word_1_244' title='bbox 654 4755 759 4807; x_wconf 85' lang='lat' dir='ltr'><strong>raeco</strong></span> <span class='ocrx_word' id='word_1_245' title='bbox 775 4736 979 4824; x_wconf 82' lang='lat' dir='ltr'><strong>vineajpsa</strong></span> <span class='ocrx_word' id='word_1_246' title='bbox 994 4703 1126 4802; x_wconf 77' lang='lat' dir='ltr'><strong>diuidit</strong></span> <span class='ocrx_word' id='word_1_247' title='bbox 1141 4734 1180 4802; x_wconf 90' lang='lat' dir='ltr'><strong>in</strong></span> <span class='ocrx_word' id='word_1_248' title='bbox 1199 4733 1345 4802; x_wconf 85' lang='lat' dir='ltr'><strong>tertiam</strong></span> <span class='ocrx_word' id='word_1_249' title='bbox 1360 4735 1512 4820; x_wconf 82' lang='lat' dir='ltr'><strong>partem3</strong></span> <span class='ocrx_word' id='word_1_250' title='bbox 1537 4733 1632 4803; x_wconf 89' lang='lat' dir='ltr'><strong>unde</strong></span> <span class='ocrx_word' id='word_1_251' title='bbox 1654 4734 1730 4823; x_wconf 90' lang='lat' dir='ltr'><strong>ipse</strong></span> <span class='ocrx_word' id='word_1_252' title='bbox 1752 4735 1956 4807; x_wconf 86' lang='lat' dir='ltr'><strong>romoaldus</strong></span> <span class='ocrx_word' id='word_1_253' title='bbox 1968 4739 2215 4826; x_wconf 84' lang='lat' dir='ltr'><strong>&#39;compreensit</strong></span> <span class='ocrx_word' id='word_1_254' title='bbox 2237 4738 2317 4827; x_wconf 89' lang='lat' dir='ltr'><strong>ipsa&#39;</strong></span> <span class='ocrx_word' id='word_1_255' title='bbox 2338 4755 2415 4808; x_wconf 89' lang='lat' dir='ltr'><strong>sor·</strong></span> 
     </span>
     <span class='ocr_line' id='line_1_24' title="bbox 559 4888 2406 4984; baseline -0.001 -18"><span class='ocrx_word' id='word_1_256' title='bbox 559 4895 659 4966; x_wconf 85' lang='lat' dir='ltr'><strong>tione</strong></span> <span class='ocrx_word' id='word_1_257' title='bbox 682 4893 729 4965; x_wconf 87' lang='lat' dir='ltr'><strong>da</strong></span> <span class='ocrx_word' id='word_1_258' title='bbox 751 4912 835 4983; x_wconf 86' lang='lat' dir='ltr'><strong>pars</strong></span> <span class='ocrx_word' id='word_1_259' title='bbox 858 4891 1051 4962; x_wconf 86' lang='lat' dir='ltr'><strong>occidentis</strong></span> <span class='ocrx_word' id='word_1_260' title='bbox 1073 4909 1136 4981; x_wconf 88' lang='lat' dir='ltr'><strong>por</strong></span> <span class='ocrx_word' id='word_1_261' title='bbox 1160 4909 1200 4960; x_wconf 86' lang='lat' dir='ltr'><strong>eo</strong></span> <span class='ocrx_word' id='word_1_262' title='bbox 1223 4888 1420 4959; x_wconf 80' lang='lat' dir='ltr'><strong>mensurio:</strong></span> <span class='ocrx_word' id='word_1_263' title='bbox 1436 4888 1480 4958; x_wconf 90' lang='lat' dir='ltr'><strong>de</strong></span> <span class='ocrx_word' id='word_1_264' title='bbox 1503 4907 1609 4976; x_wconf 88' lang='lat' dir='ltr'><strong>super</strong></span> <span class='ocrx_word' id='word_1_265' title='bbox 1633 4888 1751 4976; x_wconf 83' lang='lat' dir='ltr'><strong>capita</strong></span> <span class='ocrx_word' id='word_1_266' title='bbox 1774 4891 1845 4960; x_wconf 87' lang='lat' dir='ltr'><strong>flne</strong></span> <span class='ocrx_word' id='word_1_267' title='bbox 1869 4891 1946 4978; x_wconf 90' lang='lat' dir='ltr'><strong>ipso</strong></span> <span class='ocrx_word' id='word_1_268' title='bbox 1968 4893 2194 4980; x_wconf 85' lang='lat' dir='ltr'><strong>carbonario,</strong></span> <span class='ocrx_word' id='word_1_269' title='bbox 2210 4893 2294 4964; x_wconf 87' lang='lat' dir='ltr'><strong>inde</strong></span> <span class='ocrx_word' id='word_1_270' title='bbox 2308 4893 2406 4984; x_wconf 87' lang='lat' dir='ltr'><strong>passi</strong></span> 
     </span>
     <span class='ocr_line' id='line_1_25' title="bbox 560 5044 2413 5138; baseline -0.003 -18"><span class='ocrx_word' id='word_1_271' title='bbox 560 5049 717 5138; x_wconf 88' lang='lat' dir='ltr'><strong>triginta</strong></span> <span class='ocrx_word' id='word_1_272' title='bbox 739 5049 914 5138; x_wconf 90' lang='lat' dir='ltr'><strong>quinque,</strong></span> <span class='ocrx_word' id='word_1_273' title='bbox 937 5053 974 5116; x_wconf 84' lang='lat' dir='ltr'><strong>et</strong></span> <span class='ocrx_word' id='word_1_274' title='bbox 997 5066 1020 5117; x_wconf 89' lang='lat' dir='ltr'><strong>a</strong></span> <span class='ocrx_word' id='word_1_275' title='bbox 1042 5065 1127 5135; x_wconf 88' lang='lat' dir='ltr'><strong>pars</strong></span> <span class='ocrx_word' id='word_1_276' title='bbox 1149 5044 1342 5115; x_wconf 88' lang='lat' dir='ltr'><strong>occidentis</strong></span> <span class='ocrx_word' id='word_1_277' title='bbox 1364 5044 1459 5134; x_wconf 89' lang='lat' dir='ltr'><strong>passi</strong></span> <span class='ocrx_word' id='word_1_278' title='bbox 1484 5044 1640 5134; x_wconf 89' lang='lat' dir='ltr'><strong>triginta</strong></span> <span class='ocrx_word' id='word_1_279' title='bbox 1662 5048 1810 5135; x_wconf 84' lang='lat' dir='ltr'><strong>nobem,</strong></span> <span class='ocrx_word' id='word_1_280' title='bbox 1833 5047 1877 5116; x_wconf 89' lang='lat' dir='ltr'><strong>dc</strong></span> <span class='ocrx_word' id='word_1_281' title='bbox 1900 5045 1988 5134; x_wconf 89' lang='lat' dir='ltr'><strong>pede</strong></span> <span class='ocrx_word' id='word_1_282' title='bbox 2011 5066 2074 5135; x_wconf 88' lang='lat' dir='ltr'><strong>per</strong></span> <span class='ocrx_word' id='word_1_283' title='bbox 2097 5049 2214 5117; x_wconf 89' lang='lat' dir='ltr'><strong>medio</strong></span> <span class='ocrx_word' id='word_1_284' title='bbox 2238 5050 2314 5136; x_wconf 90' lang='lat' dir='ltr'><strong>ipso</strong></span> <span class='ocrx_word' id='word_1_285' title='bbox 2336 5048 2413 5120; x_wconf 87' lang='lat' dir='ltr'><strong>bal·</strong></span> 
     </span>
     <span class='ocr_line' id='line_1_26' title="bbox 562 5195 2416 5292; baseline -0.001 -22"><span class='ocrx_word' id='word_1_286' title='bbox 562 5203 642 5274; x_wconf 88' lang='lat' dir='ltr'><strong>lona</strong></span> <span class='ocrx_word' id='word_1_287' title='bbox 664 5203 763 5292; x_wconf 87' lang='lat' dir='ltr'><strong>passi</strong></span> <span class='ocrx_word' id='word_1_288' title='bbox 788 5203 945 5292; x_wconf 86' lang='lat' dir='ltr'><strong>triginta</strong></span> <span class='ocrx_word' id='word_1_289' title='bbox 968 5202 1142 5290; x_wconf 77' lang='lat' dir='ltr'><strong>quinque,</strong></span> <span class='ocrx_word' id='word_1_290' title='bbox 1167 5206 1203 5270; x_wconf 90' lang='lat' dir='ltr'><strong>et</strong></span> <span class='ocrx_word' id='word_1_291' title='bbox 1226 5201 1301 5288; x_wconf 89' lang='lat' dir='ltr'><strong>ipse</strong></span> <span class='ocrx_word' id='word_1_292' title='bbox 1324 5217 1429 5269; x_wconf 87' lang='lat' dir='ltr'><strong>racco</strong></span> <span class='ocrx_word' id='word_1_293' title='bbox 1451 5195 1667 5287; x_wconf 89' lang='lat' dir='ltr'><strong>comprensit</strong></span> <span class='ocrx_word' id='word_1_294' title='bbox 1690 5197 1729 5265; x_wconf 94' lang='lat' dir='ltr'><strong>in</strong></span> <span class='ocrx_word' id='word_1_295' title='bbox 1753 5199 1849 5267; x_wconf 89' lang='lat' dir='ltr'><strong>sorte</strong></span> <span class='ocrx_word' id='word_1_296' title='bbox 1872 5198 1951 5286; x_wconf 85' lang='lat' dir='ltr'><strong>ipsa</strong></span> <span class='ocrx_word' id='word_1_297' title='bbox 1973 5200 2084 5270; x_wconf 87' lang='lat' dir='ltr'><strong>tertia</strong></span> <span class='ocrx_word' id='word_1_298' title='bbox 2094 5201 2250 5270; x_wconf 87' lang='lat' dir='ltr'><strong>sortione</strong></span> <span class='ocrx_word' id='word_1_299' title='bbox 2266 5219 2336 5289; x_wconf 86' lang='lat' dir='ltr'><strong>qua</strong></span> <span class='ocrx_word' id='word_1_300' title='bbox 2358 5203 2416 5269; x_wconf 89' lang='lat' dir='ltr'><strong>est</strong></span> 
     </span>
     <span class='ocr_line' id='line_1_27' title="bbox 565 5349 2413 5444; baseline -0.002 -18"><span class='ocrx_word' id='word_1_301' title='bbox 565 5373 589 5426; x_wconf 89' lang='lat' dir='ltr'><strong>a</strong></span> <span class='ocrx_word' id='word_1_302' title='bbox 612 5371 698 5444; x_wconf 85' lang='lat' dir='ltr'><strong>pars</strong></span> <span class='ocrx_word' id='word_1_303' title='bbox 719 5353 872 5423; x_wconf 88' lang='lat' dir='ltr'><strong>orientis</strong></span> <span class='ocrx_word' id='word_1_304' title='bbox 894 5372 958 5442; x_wconf 86' lang='lat' dir='ltr'><strong>per</strong></span> <span class='ocrx_word' id='word_1_305' title='bbox 981 5352 1188 5421; x_wconf 80' lang='lat' dir='ltr'><strong>mensuris:</strong></span> <span class='ocrx_word' id='word_1_306' title='bbox 1212 5369 1276 5438; x_wconf 89' lang='lat' dir='ltr'><strong>per</strong></span> <span class='ocrx_word' id='word_1_307' title='bbox 1299 5352 1375 5436; x_wconf 86' lang='lat' dir='ltr'><strong>ipso</strong></span> <span class='ocrx_word' id='word_1_308' title='bbox 1397 5349 1609 5420; x_wconf 88' lang='lat' dir='ltr'><strong>carbonario</strong></span> <span class='ocrx_word' id='word_1_309' title='bbox 1631 5351 1727 5438; x_wconf 87' lang='lat' dir='ltr'><strong>passi</strong></span> <span class='ocrx_word' id='word_1_310' title='bbox 1749 5351 1904 5440; x_wconf 87' lang='lat' dir='ltr'><strong>triginta</strong></span> <span class='ocrx_word' id='word_1_311' title='bbox 1924 5355 2012 5440; x_wconf 87' lang='lat' dir='ltr'><strong>tres,</strong></span> <span class='ocrx_word' id='word_1_312' title='bbox 2029 5355 2066 5420; x_wconf 88' lang='lat' dir='ltr'><strong>et</strong></span> <span class='ocrx_word' id='word_1_313' title='bbox 2087 5351 2127 5419; x_wconf 91' lang='lat' dir='ltr'><strong>in</strong></span> <span class='ocrx_word' id='word_1_314' title='bbox 2147 5352 2234 5441; x_wconf 85' lang='lat' dir='ltr'><strong>peda</strong></span> <span class='ocrx_word' id='word_1_315' title='bbox 2256 5372 2320 5441; x_wconf 89' lang='lat' dir='ltr'><strong>per</strong></span> <span class='ocrx_word' id='word_1_316' title='bbox 2335 5353 2413 5441; x_wconf 88' lang='lat' dir='ltr'><strong>ipso</strong></span> 
     </span>
     <span class='ocr_line' id='line_1_28' title="bbox 564 5483 2415 5598; baseline -0.001 -20"><span class='ocrx_word' id='word_1_317' title='bbox 564 5507 707 5580; x_wconf 87' lang='lat' dir='ltr'><strong>ballone</strong></span> <span class='ocrx_word' id='word_1_318' title='bbox 730 5509 826 5598; x_wconf 85' lang='lat' dir='ltr'><strong>passi</strong></span> <span class='ocrx_word' id='word_1_319' title='bbox 847 5507 1017 5597; x_wconf 87' lang='lat' dir='ltr'><strong>triginta,</strong></span> <span class='ocrx_word' id='word_1_320' title='bbox 1040 5510 1077 5576; x_wconf 92' lang='lat' dir='ltr'><strong>et</strong></span> <span class='ocrx_word' id='word_1_321' title='bbox 1099 5526 1123 5577; x_wconf 90' lang='lat' dir='ltr'><strong>a</strong></span> <span class='ocrx_word' id='word_1_322' title='bbox 1145 5521 1231 5594; x_wconf 89' lang='lat' dir='ltr'><strong>pars</strong></span> <span class='ocrx_word' id='word_1_323' title='bbox 1254 5503 1403 5573; x_wconf 88' lang='lat' dir='ltr'><strong>orientis</strong></span> <span class='ocrx_word' id='word_1_324' title='bbox 1424 5503 1522 5591; x_wconf 87' lang='lat' dir='ltr'><strong>passi</strong></span> <span class='ocrx_word' id='word_1_325' title='bbox 1545 5503 1812 5592; x_wconf 86' lang='lat' dir='ltr'><strong>quinquaginta</strong></span> <span class='ocrx_word' id='word_1_326' title='bbox 1834 5524 1911 5594; x_wconf 83' lang='lat' dir='ltr'><strong>sex3</strong></span> <span class='ocrx_word' id='word_1_327' title='bbox 1925 5483 1966 5574; x_wconf 47' lang='lat' dir='ltr'><strong>&#39;et</strong></span> <span class='ocrx_word' id='word_1_328' title='bbox 1988 5507 2065 5594; x_wconf 87' lang='lat' dir='ltr'><strong>ipse</strong></span> <span class='ocrx_word' id='word_1_329' title='bbox 2081 5505 2188 5577; x_wconf 88' lang='lat' dir='ltr'><strong>lando</strong></span> <span class='ocrx_word' id='word_1_330' title='bbox 2208 5525 2415 5596; x_wconf 81' lang='lat' dir='ltr'><strong>compreen-</strong></span> 
     </span>
     <span class='ocr_line' id='line_1_29' title="bbox 562 5655 2414 5752; baseline 0.001 -22"><span class='ocrx_word' id='word_1_331' title='bbox 562 5661 611 5730; x_wconf 87' lang='lat' dir='ltr'><strong>sit</strong></span> <span class='ocrx_word' id='word_1_332' title='bbox 633 5664 713 5752; x_wconf 86' lang='lat' dir='ltr'><strong>ipsa</strong></span> <span class='ocrx_word' id='word_1_333' title='bbox 734 5665 889 5734; x_wconf 87' lang='lat' dir='ltr'><strong>sortione</strong></span> <span class='ocrx_word' id='word_1_334' title='bbox 912 5663 1079 5734; x_wconf 85' lang='lat' dir='ltr'><strong>mediana</strong></span> <span class='ocrx_word' id='word_1_335' title='bbox 1101 5679 1164 5750; x_wconf 90' lang='lat' dir='ltr'><strong>per</strong></span> <span class='ocrx_word' id='word_1_336' title='bbox 1188 5662 1265 5747; x_wconf 91' lang='lat' dir='ltr'><strong>ipso</strong></span> <span class='ocrx_word' id='word_1_337' title='bbox 1289 5657 1504 5728; x_wconf 85' lang='lat' dir='ltr'><strong>carbonario</strong></span> <span class='ocrx_word' id='word_1_338' title='bbox 1527 5655 1623 5744; x_wconf 89' lang='lat' dir='ltr'><strong>passi</strong></span> <span class='ocrx_word' id='word_1_339' title='bbox 1646 5657 1803 5744; x_wconf 87' lang='lat' dir='ltr'><strong>biginti,</strong></span> <span class='ocrx_word' id='word_1_340' title='bbox 1826 5660 1866 5726; x_wconf 88' lang='lat' dir='ltr'><strong>et</strong></span> <span class='ocrx_word' id='word_1_341' title='bbox 1887 5675 1950 5746; x_wconf 91' lang='lat' dir='ltr'><strong>per</strong></span> <span class='ocrx_word' id='word_1_342' title='bbox 1974 5659 2049 5747; x_wconf 90' lang='lat' dir='ltr'><strong>ipso</strong></span> <span class='ocrx_word' id='word_1_343' title='bbox 2072 5659 2213 5730; x_wconf 88' lang='lat' dir='ltr'><strong>ballone</strong></span> <span class='ocrx_word' id='word_1_344' title='bbox 2235 5663 2332 5749; x_wconf 87' lang='lat' dir='ltr'><strong>passi</strong></span> <span class='ocrx_word' id='word_1_345' title='bbox 2356 5663 2414 5730; x_wconf 88' lang='lat' dir='ltr'><strong>bi·</strong></span> 
     </span>
    </p>
   </div>
   <div class='ocr_carea' id='block_1_9' title="bbox 560 5810 2408 5907">
    <p class='ocr_par' dir='ltr' id='par_1_9' title="bbox 560 5810 2408 5907">
     <span class='ocr_line' id='line_1_30' title="bbox 560 5810 2408 5907; baseline -0.001 -20"><span class='ocrx_word' id='word_1_346' title='bbox 560 5819 666 5907; x_wconf 86' lang='lat' dir='ltr'><strong>ginti:</strong></span> <span class='ocrx_word' id='word_1_347' title='bbox 691 5822 766 5889; x_wconf 85' lang='lat' dir='ltr'><strong>tota</strong></span> <span class='ocrx_word' id='word_1_348' title='bbox 789 5816 903 5886; x_wconf 86' lang='lat' dir='ltr'><strong>omnis</strong></span> <span class='ocrx_word' id='word_1_349' title='bbox 926 5813 1170 5904; x_wconf 89' lang='lat' dir='ltr'><strong>suprascripta</strong></span> <span class='ocrx_word' id='word_1_350' title='bbox 1192 5812 1378 5882; x_wconf 79' lang='lat' dir='ltr'><strong>mensuris</strong></span> <span class='ocrx_word' id='word_1_351' title='bbox 1400 5810 1447 5882; x_wconf 89' lang='lat' dir='ltr'><strong>ad</strong></span> <span class='ocrx_word' id='word_1_352' title='bbox 1471 5811 1566 5879; x_wconf 89' lang='lat' dir='ltr'><strong>iusto</strong></span> <span class='ocrx_word' id='word_1_353' title='bbox 1588 5829 1744 5899; x_wconf 85' lang='lat' dir='ltr'><strong>passum.</strong></span> <span class='ocrx_word' id='word_1_354' title='bbox 1769 5811 1860 5902; x_wconf 83' lang='lat' dir='ltr'><strong>Iden,</strong></span> <span class='ocrx_word' id='word_1_355' title='bbox 1885 5813 1978 5882; x_wconf 87' lang='lat' dir='ltr'><strong>sicut</strong></span> <span class='ocrx_word' id='word_1_356' title='bbox 1999 5812 2186 5905; x_wconf 87' lang='lat' dir='ltr'><strong>diximus,</strong></span> <span class='ocrx_word' id='word_1_357' title='bbox 2209 5816 2279 5906; x_wconf 91' lang='lat' dir='ltr'><strong>ipsi</strong></span> <span class='ocrx_word' id='word_1_358' title='bbox 2302 5834 2408 5887; x_wconf 79' lang='lat' dir='ltr'><strong>raeco</strong></span> 
     </span>
    </p>
   </div>
   <div class='ocr_carea' id='block_1_10' title="bbox 0 0 2712 7095">
    <p class='ocr_par' dir='ltr' id='par_1_10' title="bbox 0 0 2712 7095">
     <span class='ocr_line' id='line_1_31' title="bbox 0 0 2712 7095; baseline 0 0"><span class='ocrx_word' id='word_1_359' title='bbox 0 0 2712 7095; x_wconf 95' lang='lat' dir='ltr'><strong> </strong></span> 
     </span>
    </p>
   </div>
  </div>
 </body>
</html>
