5370 7104
956 504 1071 575 neon
1099 501 1153 572 on
1182 497 1465 571 retineamus
2051 505 2072 574 o

322 739 353 809 la
380 736 516 806 cintura
543 732 605 803 clre
633 733 705 825 gira
727 730 871 802 ‘intorno
891 726 922 797 ai
940 724 1013 796 loro
1040 720 1179 804 franchi,
1208 719 1307 792 viane
1326 744 1344 790 a
1362 721 1484 792 cadere
1504 725 1558 794 sul
1577 723 1714 796 davanti
1730 747 1794 798 con
1814 726 1920 798 molto
1938 727 2065 798 decoro
2084 731 2122 816 ¹).

322 893 347 963 ll
375 901 496 987 quarto
523 889 628 984 loglio
656 893 673 959 e
700 885 900 960 lolalmente
927 882 1078 964 blanca,
1107 902 1143 950 se
1170 901 1238 950 non
1265 877 1328 949 ohe
1355 903 1373 950 a
1399 903 1512 953 mezzo
1538 880 1561 951 il
1589 882 1683 956 detto
1721 883 1827 979 loglio
1864 909 1957 958 verso
1984 886 2012 956 si
2039 885 2125 956 vade

270 1147 721 1165 ,--..,..-..------..----

273 1335 386 1412 x-ll,
403 1351 446 1395 xx
458 1334 528 1404 -ll,
552 1349 616 1392 xxx
629 1330 708 1398 -M‚
724 1344 812 1388 xxxx
824 1325 903 1393 -N,
920 1323 1026 1390 L-il,
1045 1319 1092 1378 Lx
1104 1351 1132 1362 -
1144 1315 1181 1388 Ο,
1222 1333 1321 1392 quum
1339 1319 1479 1396 primam
1502 1319 1668 1400 alphabeti
1694 1322 1824 1386 literam
1842 1326 1996 1389 intimare
2021 1331 2127 1409 cupis,

274 1469 346 1554 Lxx
359 1489 438 1564 -Π,
462 1489 593 1551 Lxxx-
606 1487 642 1558 P,
668 1502 725 1547 c-
739 1481 773 1553 C,
791 1496 830 1542 cc
842 1479 917 1548 -T,
936 1492 995 1539 ccc
1007 1472 1080 1546 -Υ,
1104 1488 1184 1534 cccc
1222 1490 1324 1532 unum
1341 1491 1439 1533 manu
1456 1480 1579 1535 teneto.
1598 1478 1703 1549 Quum
1720 1478 1911 1552 secundam,
1929 1479 2004 1543 duo.
2022 1483 2129 1556 Quum

279 1679 307 1692 -
321 1643 359 1716 Φ,
383 1660 442 1702 Β,
453 1661 486 1725 χ,
510 1657 551 1702 DC
564 1637 639 1710 ,qt¹
663 1653 725 1698 DCC
736 1669 763 1681 ,,
775 1654 814 1706 ω,
837 1649 933 1694 DCCC,
949 1629 1114 1692 Similiter
1130 1629 1185 1688 ha.
1223 1616 1365 1686 tertiam,
1391 1621 1466 1680 tria.
1484 1657 1511 1696 ε-
1528 1623 1567 1682 Et
1591 1625 1640 1684 sic
1657 1645 1697 1684 ex
1712 1626 1828 1686 ordine
1846 1636 2007 1690 caeteras.
2025 1632 2128 1694 Verbi

278 1787 361 1851 hent
385 1789 448 1848 ista
470 1794 538 1849 tres
561 1785 643 1846 alias
660 1790 860 1855 caracteres,
878 1780 1082 1842 unadicitur
1102 1778 1185 1857 apud
1223 1764 1348 1836 &saliat
1374 1767 1402 1826 Sl
1427 1769 1568 1832 amicum
1593 1775 1681 1834 intel
1710 1776 1921 1839 insidiam&
1954 1787 2098 1860 POSitum
2121 1833 2129 1857 ‚

279 1945 354 2006 ipos
378 1945 567 2026 Epyspmom
593 1944 689 2006 cuius
713 1943 819 2019 figura
841 1946 893 2000 esp
914 1939 1009 2009 haec,
1035 1943 1068 1997 ep
1095 1935 1188 2015 poni.
1214 1905 1259 1975 ¹ut
1281 1924 1376 1977 caute
1400 1937 1471 1978 rem
1495 1929 1580 1999 agat,
1605 1925 1781 1988 admonere
1798 1927 1991 1993 desideras:
2017 1933 2129 2011 digitis

283 2099 337 2154 tur
361 2093 394 2152 in
418 2109 557 2151 numero
579 2109 637 2170 pro
660 2107 731 2150 sex.
754 2088 863 2148 Aliam
886 2086 1002 2147 dicunt
1024 2086 1115 2165 Cepi,
1133 2102 1188 2146 cu·
1203 2071 1206 2101 ¹
1223 2068 1373 2139 θὸῐθΰᾶθ,
1392 2072 1613 2148 Tertiam-c,
1628 2079 1771 2141 Primam
1784 2118 1809 2128 -
1823 2086 2130 2165 a‚Vigesimam-u‚

279 2243 333 2319 jus
358 2241 464 2317 ligura
485 2239 568 2299 haec
591 2246 666 2308 est,
698 2243 731 2298 et
762 2236 897 2316 ponitur
929 2237 963 2294 in
997 2235 1185 2310 nonaginta.
1225 2228 1518 2300 Decimnonam-t,
1544 2233 1764 2310 quintam-e,
1791 2237 1996 2312 Primam-a,
2021 2242 2130 2322 Septi-

282 2396 429 2457 Tertiam
454 2396 625 2456 nominant
646 2396 743 2472 (deest
773 2389 927 2470 nomen),
953 2390 1048 2450 cuius
1083 2388 1186 2466 ligura
1226 2399 1373 2458 mam-g,
1398 2383 1616 2455 Quintam-e.
1641 2388 1746 2466 Hujus
1770 2409 1911 2469 namque
1935 2394 2061 2454 ordinis
2094 2397 2132 2456 li-

281 2539 364 2613 haec
389 2557 451 2622 esp,
477 2557 511 2610 ep
531 2555 664 2630 ponitur
688 2553 720 2613 jn
747 2569 885 2610 „umero
907 2567 966 2628 pro
990 2535 1186 2624 nungentos,
1225 2539 1330 2602 terae,
1356 2534 1457 2595 Caute
1482 2553 1553 2612 age,
1577 2539 1778 2615 significant.
1804 2546 1917 2606 Potest
1940 2554 1974 2607 et
1990 2549 2133 2612 itascri-

282 2698 345 2773 Qui
369 2704 403 2758 et
426 2698 500 2759 ideo
524 2716 597 2758 mox
621 2713 776 2756 numeros
799 2693 919 2771 digitos
936 2693 1126 2770 significare
1142 2692 1190 2752 di·
1225 2683 1272 2754 bi,
1297 2687 1325 2744 si
1349 2705 1448 2747 causa
1470 2693 1634 2751 secretior
1658 2695 1778 2770 exigat.

287 2855 434 2918 dicerint
456 2855 548 2915 nulla
572 2855 751 2915 intestante
775 2869 866 2912 mora
899 2850 1028 2911 litteras
1062 2871 1190 2930 quoque
1268 2839 1333 2899 Sed
1355 2841 1438 2901 haec
1460 2841 1660 2934 Graecorum
1685 2853 1836 2924 computo
1859 2846 2035 2928 literisque
2053 2853 2135 2914 saei.

286 3009 412 3084 pariter
429 2968 534 3068 isdem
551 3006 715 3086 perficere
729 3005 847 3065 sciant.
864 3003 986 3062 Verum
1003 3003 1087 3064 haec
1104 3009 1192 3064 acte·
1227 2990 1291 3049 lius
1315 2989 1398 3049 disci
1422 2990 1521 3049 simul
1545 2997 1642 3069 atque
1668 2993 1719 3068 agl
1742 3003 1902 3072 Ρθθὲῑῑῦῑ»
1927 2999 1984 3075 qui
2008 3019 2072 3060 ¹10ss
2095 3010 2131 3063 ul

284 3175 358 3216 nus.
392 3159 488 3219 Nune
518 3158 556 3216 ad
580 3162 727 3237 tempora
743 3161 901 3234 quantum
918 3155 988 3234 ipse
1006 3160 1190 3235 temporum
1227 3142 1334 3214 latini,
1359 3144 1474 3222 paucis
1498 3146 1683 3223 iisdemque
1707 3150 1884 3223 geminatis
1909 3170 1986 3212 suos
2019 3175 2136 3220 nume-

286 3308 436 3368 conditor
459 3307 692 3384 ordinatorque
722 3305 875 3366 dominus
899 3305 1055 3364 adiuvare
1081 3304 1191 3381 digna·
1227 3321 1280 3362 ros
1303 3303 1412 3378 solent
1434 3307 1622 3386 exprimere
1647 3306 1776 3382 literis3
1802 3330 1918 3392 verum
1943 3315 2136 3394 totoalpha-
2219 3375 2220 3379 ,

284 3470 374 3532 bitur
397 3467 589 3548 exponenda
612 3466 796 3527 veniamus.
1227 3465 1295 3525 heti
1309 3467 1360 3525 sui
1378 3465 1574 3527 charactere
1593 3467 1625 3526 in
1643 3487 1859 3528 numerorum
1876 3471 1997 3546 figuras
2015 3490 2136 3552 expen-

1227 3639 1287 3693 so,
1313 3627 1381 3680 tres
1406 3621 1461 3698 qui
1484 3620 1559 3699 plus
1583 3627 1661 3680 sunt
1683 3640 1839 3682 numeros
1874 3623 1957 3682 votis
1991 3623 2134 3700 singulis

1227 3772 1420 3850 depingunt,
1436 3773 1578 3832 eundem
1595 3791 1680 3851 pene
1699 3775 1828 3833 numeri
1842 3774 2016 3851 figurandi,
2034 3793 2134 3853 quern

1227 3933 1396 3994 scribendi
1421 3932 1588 4012 alphabeti
1612 3931 1763 3993 ordinem
1780 3940 1972 4011 sequentes,
1989 3933 2051 3994 hoc
2067 3953 2137 3996 mo·

1228 4080 2133 4172 do:a-1‚d-rr,q-1rt,'d-nn,a-v‚5-vt,

1227 4239 1359 4320 ζ-νιι,
1382 4246 1690 4322 q-xur,t-v1111,
1717 4264 1806 4318 t-x,
1836 4263 1961 4316 x-xx,
1984 4245 2131 4321 l-xxx,

328 4391 350 4472 ¹)
365 4391 447 4452 Vedi
461 4391 640 4452 lac-simile
654 4392 731 4452 Tav.
749 4390 774 4450 Ι.
792 4391 835 4451 La
848 4389 1083 4471 Paltoqraphie
1095 4391 1194 4454 Fran·
1228 4404 1283 4466 μ·
1296 4403 1394 4456 xxxx,
1417 4404 1473 4446 ν-
1485 4407 1515 4460 u,
1539 4387 1596 4462 ξ-
1608 4407 1671 4461 ux,
1706 4409 1765 4451 a-
1776 4407 1852 4460 xxx,
1877 4409 1934 4470 φ-
1948 4407 2001 4463 xo,
2026 4411 2081 4473 ρ-
2093 4409 2133 4466 c,

286 4544 373 4622 caiae
400 4545 434 4606 T.
456 4545 511 4608 111
532 4545 708 4626 riproduoe
733 4553 949 4609 esattamente
973 4539 1089 4626 queste
1113 4550 1195 4628 figu-
1229 4561 1286 4603 0-
1299 4559 1337 4604 CC
1352 4590 1359 4615 ‚
1383 4559 1436 4602 τ·
1450 4561 1520 4617 000,
1535 4565 1591 4606 tl·-
1604 4564 1696 4619 cccc,
1718 4546 1781 4629 ψ-
1792 4565 1824 4619 D,
1837 4567 1897 4633 χ·
1909 4565 1960 4618 De,
1989 4565 2132 4629 φ-Βῦῦ,

287 4718 337 4771 re,
356 4700 417 4762 ohe
442 4699 516 4761 dice
541 4701 725 4781 esprimere
749 4699 873 4760 diversi
897 4701 1028 4760 numeri
1051 4700 1192 4762 secondo
1229 4711 1396 4768 ot-nccc,
1413 4697 1429 4768 ζ
1444 4712 1597 4758 -ucoce

287 4858 320 4920 la
349 4857 570 4938 disposizione
594 4857 770 4918 dillerente
801 4874 819 4915 e
849 4855 1071 4916 determinata
1105 4855 1192 4917 delle
1271 4847 1332 4919 Qui
1357 4855 1391 4908 θῑ
1412 4847 1486 4910 ideo
1510 4869 1585 4910 mox
1607 4859 1644 4913 ul
1661 4872 1818 4915 numeros
1834 4854 1947 4932 digitis
1970 4859 2135 4934 signitica-

288 5008 356 5069 dita
378 5008 467 5070 della
484 5027 584 5070 mano
608 5010 756 5069 sinistra,
793 5031 808 5066 q
841 5009 903 5070 Les
930 5014 1045 5086 quatre
1070 5009 1192 5086 figures
1230 5019 1266 5061 re
1292 5001 1498 5075 didicerint,
1525 5005 1617 5064 nulla
1640 4983 1839 5069 interstante
1874 5028 1989 5084 mora,
2015 5011 2137 5074 titteris

290 5187 304 5222 o
329 5165 384 5242 qui
409 5164 541 5225 suivent
557 5164 743 5244 expriment
758 5181 816 5242 par
832 5162 1088 5239 l’arrangement
1102 5163 1195 5224 dine-
1230 5185 1359 5245 quoque
1383 5169 1509 5246 pariter
1532 5169 1651 5231 iisdem
1668 5173 1854 5251 praefigere
1871 5177 1993 5237 sciunt.
2010 5178 2133 5240 Verum

290 5340 305 5376 o
330 5322 451 5378 rentet
467 5316 653 5379 determine
672 5316 729 5377 des
746 5316 852 5393 doigts
866 5314 905 5375 de
923 5312 998 5397 leur
1014 5315 1102 5374 main
1118 5332 1195 5391 gau·
1231 5323 1314 5383 haee
1338 5323 1511 5385 haetenus,

291 5495 305 5529 «
331 5472 418 5542 che,
451 5471 508 5532 des
532 5471 687 5533 nombres
711 5473 886 5532 diverses:
922 5489 959 5532 ce
983 5489 1120 5550 passage
1145 5481 1195 5534 est
1272 5479 1367 5541 Nunc
1391 5479 1430 5538 ad
1454 5488 1625 5561 tempora,
1651 5489 1809 5562 quantum
1843 5485 1914 5564 ipse
1948 5491 2135 5564 temporum

292 5653 306 5686 o
332 5648 373 5690 en
391 5629 470 5690 ellet
484 5629 526 5688 du
543 5630 693 5710 chapitre
717 5629 757 5690 de
775 5628 939 5705 l’ouvrage
957 5628 996 5689 de
1013 5629 1102 5691 Bede
1120 5630 1195 5691 inti·
1232 5631 1381 5691 conditor
1405 5630 1641 5713 ordinatorque
1665 5637 1822 5696 Dominus
1846 5634 2000 5714 adjuvare
2025 5636 2137 5715 digna·
2239 5657 2247 5664 ·

292 5810 306 5842 «
331 5789 411 5848 tuld:
437 5784 484 5847 De
505 5793 650 5865 computo
671 5787 722 5848 vel
743 5787 870 5865 loquela
891 5787 1068 5866 digitorum
1093 5811 1121 5848 a.
1232 5787 1334 5858 bitur,
1358 5785 1553 5864 exponenda
1574 5786 1757 5846 veniamus.

444 5936 512 5990 rou.
536 5951 553 5987 r
1970 5935 1986 5986 b
