5466 7106
1030 581 1427 662 lllPLOMATlCUS
2044 595 2109 666 iil

304 805 481 876 dictione.
506 802 656 894 Ideoque
679 824 745 894 ego
767 809 892 893 petrus
915 808 1089 896 presbiter
1112 809 1206 880 filius
1229 809 1373 901 falconi,
1397 814 1465 883 heo
1487 813 1580 901 quod
1595 814 1693 886 intus
1716 815 1861 888 civitate
1866 866 2049 886 .......
2075 823 2160 888 ante

316 955 514 1045 subscripti
538 956 620 1028 testi
645 957 749 1027 testis
773 961 866 1031 bona
888 961 1021 1030 etenim
1045 981 1124 1034 mea
1147 964 1342 1036 bolumtate
1365 985 1429 1054 per
1452 967 1556 1038 firma
1578 969 1719 1039 cartula
1742 971 1955 1042 tradidimus
1970 977 2081 1062 atque
2103 976 2162 1043 be·

310 1111 561 1182 numdedimus
584 1112 653 1182 tibi
676 1113 853 1202 guinardo
875 1117 939 1202 qui
959 1167 1143 1186 .......
1160 1135 1276 1186 meum
1301 1118 1340 1188 in
1364 1117 1490 1189 inclita
1512 1119 1737 1192 medietatem
1760 1122 1803 1190 de
1827 1140 1902 1192 una
1917 1123 2102 1196 clausuria
2118 1125 2161 1194 de

310 1267 412 1334 terra
431 1311 592 1334 ......
619 1283 690 1352 que
713 1270 798 1336 ante
820 1287 858 1336 os
881 1284 995 1340 annos
1017 1273 1148 1340 emtam
1171 1272 1299 1342 babuit
1321 1272 1368 1344 da
1390 1274 1551 1344 stefanus
1571 1324 1748 1343 .......
1775 1277 1853 1364 ipsa
1876 1277 2019 1348 cartula
2042 1283 2162 1350 vestra

306 1419 492 1508 continet,
517 1439 586 1508 que
609 1423 693 1490 abet
715 1421 800 1490 finis
822 1427 858 1494 et
880 1425 1066 1494 mensuris
1089 1429 1128 1494 at
1149 1443 1293 1512 passum
1316 1427 1409 1496 iusto
1430 1426 1585 1497 hominis
1609 1435 1829 1500 mensurata:
1854 1430 1902 1500 da
1924 1431 2075 1502 orientis
2091 1433 2162 1501 fine

300 1570 432 1664 'limite
456 1572 671 1646 decernente
694 1581 731 1646 et
753 1577 846 1665 sepis
870 1575 1038 1647 edificata
1061 1576 1155 1646 inter
1178 1589 1243 1647 nos
1265 1583 1300 1651 et
1324 1579 1402 1668 ipsa
1425 1583 1532 1652 binea
1555 1583 1597 1652 de
1621 1583 1694 1652 filio
1718 1583 1888 1672 sikelhit,
1906 1589 1943 1654 et
1958 1591 2043 1656 sunt
2065 1591 2161 1674 passi

310 1724 611 1813 quinquaginta:
636 1748 659 1798 a
683 1729 770 1816 pede
792 1729 864 1798 fine
888 1728 966 1817 ipsa
989 1748 1081 1818 rupa
1104 1735 1140 1800 et
1162 1730 1234 1801 fine
1256 1733 1392 1818 nostra,
1408 1735 1444 1799 et
1467 1736 1551 1801 sunt
1573 1733 1669 1820 passi
1692 1734 1847 1822 triginta
1870 1739 1973 1804 tres:
2002 1735 2047 1806 da
2070 1736 2163 1804 oeci-

314 1879 436 1950 dentis
459 1879 531 1950 flne
555 1881 634 1968 ipsa
657 1901 762 1970 rupa,
786 1888 823 1952 et
846 1887 931 1952 sunt
954 1883 1050 1970 passi
1071 1931 1310 1952 .........
1331 1905 1353 1954 a
1377 1884 1494 1972 capite
1516 1885 1588 1954 fine
1610 1885 1781 1973 quomodo
1804 1887 1896 1976 sepis
1913 1893 1967 1958 est
1982 1889 2162 1982 edificata,

309 2039 347 2106 et
363 2035 446 2104 inde
461 2039 546 2104 sunt
569 2036 665 2124 passi
683 2036 839 2125 triginta
861 2037 931 2106 duo
953 2040 989 2106 et
1013 2039 1207 2128 coniungat
1222 2055 1261 2106 se
1276 2057 1358 2106 oum
1373 2038 1490 2126 priore
1507 2040 1578 2110 tine
1602 2045 1638 2110 et
1661 2045 1714 2110 est
1733 2091 1889 2112 ......
1908 2045 2080 2114 inlocum
2096 2050 2159 2136 qui

307 2188 442 2260 dicitur
459 2188 673 2278 palumbara
687 2190 819 2259 finibus
834 2189 993 2277 predicta
1008 2189 1170 2277 cibitate3
1185 2189 1279 2260 infra
1296 2189 1370 2276 ipse
1386 2189 1469 2257 finis
1483 2193 1520 2260 et
1535 2193 1718 2262 mensuria
1733 2211 1850 2281 neque
1866 2194 1968 2264 nobis
1984 2197 2162 2266 nominati

312 2344 510 2432 benditori,
524 2362 638 2431 neque
655 2347 788 2431 quarta
806 2345 928 2414 uxoris
944 2349 1076 2431 nostre,
1093 2361 1208 2430 neque
1223 2347 1261 2413 at
1273 2345 1406 2412 nostris
1420 2344 1741 2434 heredibus,neque
1756 2349 1966 2436 cuicumque
1983 2351 2164 2420 ominibus

311 2495 405 2564 nihil
430 2495 514 2566 inde
536 2496 800 2567 reserbabimus
823 2514 938 2585 neque
961 2495 1113 2564 dicimus
1136 2495 1246 2566 alicui
1270 2515 1456 2567 remanere
1479 2500 1696 2588 sortionem‚
1718 2504 1773 2570 set
1796 2521 1818 2570 a
1840 2501 2002 2571 funditus
2026 2508 2062 2572 et
2091 2507 2166 2572 tra-

313 2653 450 2722 saotibo
472 2651 617 2720 nomine
640 2653 770 2721 inclita
793 2652 871 2740 ipsa
895 2651 1066 2722 medietas
1089 2653 1132 2721 de
1157 2652 1327 2722 iamdicta
1350 2654 1531 2724 clausuria
1555 2655 1598 2723 de
1622 2655 1730 2726 binea
1753 2674 1833 2722 cum
1857 2657 1979 2726 omnia
2006 2655 2104 2725 intro
2128 2676 2166 2726 se

313 2807 519 2897 abentibus,
543 2811 683 2877 etcum
708 2808 896 2878 arboribus
918 2807 1078 2894 pomiferi
1103 2815 1138 2875 et
1162 2806 1377 2895 inpomiferi,
1395 2811 1526 2876 etcum
1550 2805 1682 2876 trasita
1705 2812 1741 2876 et
1763 2809 1863 2878 exita
1887 2828 1969 2897 sua,
1996 2811 2061 2879 tibi
2087 2831 2167 2898 pre-

316 2964 413 3034 dicto
435 2961 615 3052 guinardo
637 2961 852 3032 tradidimus
875 2963 985 3046 atque
1007 2959 1299 3028 benumdedimus
1323 2966 1361 3029 at
1384 2979 1522 3048 semper
1539 2961 1741 3031 habendum
1757 2966 1797 3030 tu
1814 2967 1850 3032 et
1872 2964 1944 3032 tuis
1969 2964 2163 3034 heredibus

307 3116 577 3207 possidendum,
601 3085 870 3202 dominandum,
895 3112 1137 3201 residendum,
1164 3112 1398 3183 laborandum
1421 3117 1457 3181 et
1481 3113 1724 3202 frudiandum,
1742 3119 1778 3182 et
1794 3116 1914 3187 omnia
1931 3117 2015 3186 inde
2030 3118 2164 3188 facien-

310 3269 398 3340 dum
421 3267 549 3360 quibus
572 3269 640 3337 tibi
664 3267 840 3337 nominati
865 3263 1036 3354 guimardi
1061 3262 1189 3351 tuique
1221 3265 1412 3334 heredibus
1435 3265 1634 3354 placuerit,
1667 3268 1745 3337 sine
1779 3268 1875 3336 omni
1910 3270 2167 3341 contrarietate

319 3429 502 3497 nostrast
525 3426 568 3494 de
591 3421 935 3492 nostrisheredibus
959 3425 1023 3490 aut
1048 3417 1353 3509 quorumcumque
1377 3421 1576 3491 hominum.
1600 3422 1700 3490 Unde
1724 3439 1786 3510 pro
1810 3440 1879 3491 anc
1893 3441 1972 3494 mea
1996 3423 2167 3492 benditi0-

309 3596 398 3650 nem
421 3581 490 3651 tibi
516 3577 808 3650 stabiliscendum
832 3583 868 3646 et
892 3597 962 3646 uno
984 3581 1114 3646 testum
1139 3576 1277 3645 cartule
1301 3575 1614 3661 confirmandum,
1645 3593 1742 3644 nunc
1766 3577 1805 3644 in
1829 3580 1993 3663 presente
2017 3595 2083 3665 ego
2107 3577 2168 3664 qui

314 3753 426 3822 supra
449 3736 655 3804 nominatus
678 3737 800 3820 petrus
824 3732 998 3819 presbiter
1022 3731 1142 3817 recepi
1158 3749 1180 3800 a
1196 3733 1230 3798 te
1247 3728 1415 3799 iamdicto
1430 3727 1609 3818 guinardo
1624 3747 1835 3818 germanum
1851 3749 1968 3799 meum
1991 3734 2165 3798 statutum

314 3889 490 3978 pretium,
514 3890 606 3960 idest
628 3888 760 3978 biginti
784 3889 855 3958 tari
880 3887 981 3957 aurei
1005 3888 1088 3955 boni
1113 3885 1152 3952 in
1176 3885 1273 3952 omni
1297 3885 1566 3972 deliberatione,
1591 3884 1696 3952 finita
1720 3888 1843 3952 nostra
1870 3883 2052 3972 banditio,
2076 3885 2169 3953 sicut

318 4045 544 4134 dictumest,
568 4047 746 4132 quatenus
769 4062 792 4112 a
816 4040 994 4129 presentis
1017 4040 1092 4109 dies
1116 4037 1283 4109 habeatis
1308 4043 1345 4108 et
1368 4037 1533 4125 quicquit
1557 4037 1742 4107 bolueritis
1766 4037 1920 4108 faciatis.
1948 4037 1991 4106 de
2024 4057 2093 4126 quo
2117 4059 2171 4106 re-

317 4197 560 4286 promittimus
582 4213 647 4263 nos
668 4193 846 4264 nominati
870 4191 1046 4262 benditori
1072 4191 1193 4278 vestri,
1216 4195 1251 4258 et
1266 4189 1467 4276 obligamus
1490 4208 1554 4258 nos
1577 4194 1612 4258 et
1636 4190 1768 4259 nostris
1791 4190 1956 4259 eredibus
1972 4191 2040 4260 tibi
2057 4192 2170 4259 nomi-

315 4351 394 4421 nati
411 4350 597 4438 guinardi,
613 4367 722 4436 quam
744 4353 781 4416 et
804 4351 842 4416 at
864 4348 937 4416 tuis
960 4344 1161 4430 heredibus
1186 4345 1229 4412 de
1251 4342 1457 4430 supradicta
1479 4347 1601 4413 nostra
1623 4343 1794 4432 benditi0,
1819 4343 1910 4430 quod
1934 4363 1997 4412 nos
2020 4345 2088 4412 tibi
2112 4346 2170 4412 be-

316 4505 584 4593 numdedimuS,
608 4505 655 4573 ab
678 4503 840 4571 omnibus
855 4501 1033 4570 ominibus
1045 4501 1211 4587 omnique
1227 4497 1390 4586 partibus
1406 4497 1581 4565 antistare
1598 4499 1634 4565 et
1648 4496 1849 4584 defendere,
1868 4499 1947 4584 quit
1973 4499 2004 4566 si
2021 4499 2169 4568 minime

309 4661 552 4748 potuerimus,
577 4662 639 4728 aut
662 4655 691 4724 si
718 4655 873 4742 nosipsi
897 4653 1063 4724 forsitans
1085 4672 1147 4741 per
1169 4649 1294 4738 quobis
1317 4648 1464 4736 ingenio
1487 4649 1666 4718 remobere
1690 4654 1753 4718 aut
1775 4648 1998 4737 dirrumpere
2022 4669 2086 4720 seu
2110 4672 2168 4721 re-

315 4818 438 4884 troare
462 4810 711 4901 quesierimus
734 4814 817 4911 ante
840 4808 959 4876 omnia
982 4809 1121 4894 questio
1144 4809 1267 4874 nostra
1291 4802 1404 4871 modis
1428 4803 1592 4869 omnibus
1616 4801 1745 4870 exinde
1770 4804 1885 4871 bacua
1909 4803 1955 4870 sit
1979 4809 2014 4872 et
2038 4823 2165 4892 supra-

320 4967 456 5034 dictum
482 4965 639 5052 pretium
663 4961 875 5049 indeptum
898 4946 962 5027 nos
985 4959 1082 5026 uobis
1106 4975 1314 5044 componere
1338 4954 1550 5042 obligamus,
1574 4958 1609 5022 et
1634 4954 1726 5041 quod
1749 4957 1837 5041 aput
1861 4957 1921 5022 bos
1937 4955 2167 5027 remeliorata

317 5117 483 5206 paruerit
507 5136 547 5185 ee
569 5119 695 5184 nostra
718 5113 875 5183 banditio
901 5109 939 5178 in
963 5110 1233 5198 qualiscumque
1258 5110 1378 5178 labore
1396 5108 1449 5175 vel
1468 5105 1620 5194 edificio,
1638 5109 1703 5175 sub
1719 5106 1945 5177 estimatione
1963 5098 2073 5196 pretii
2087 5111 2169 5178 illut

315 5271 415 5340 robis
451 5271 713 5356 restituamus,
744 5268 786 5336 de
809 5265 961 5334 colludio
985 5269 1105 5332 autem
1129 5261 1323 5331 secundum
1348 5261 1460 5348 legem
1485 5280 1548 5328 nos
1580 5261 1676 5328 vobis
1701 5259 1989 5331 satisfaciamus:
2024 5265 2169 5351 insuper

314 5443 382 5513 ego
409 5425 471 5512 qui
494 5443 603 5510 supra
625 5422 829 5490 nominatus
853 5425 973 5506 petrus
996 5417 1170 5503 presbiter
1196 5417 1287 5485 bona
1311 5434 1390 5484 mea
1413 5414 1606 5482 bolumtatc
1630 5415 1764 5502 guadia
1788 5415 1854 5484 tibi
1879 5416 2057 5504 guinardo
2080 5437 2166 5505 ger-

312 5595 463 5650 manum
493 5595 608 5646 meum
631 5573 789 5644 dedimus
812 5577 848 5641 et
871 5571 1100 5640 mediatorem
1136 5569 1202 5637 tibi
1228 5567 1329 5656 posui
1353 5567 1458 5636 lando
1482 5568 1597 5636 filium
1622 5567 1800 5655 adelferi,
1827 5573 1865 5638 ut
1889 5586 1953 5638 nos
1975 5575 2011 5639 et
2039 5571 2171 5638 nostris

316 5729 508 5800 heredibus
531 5728 762 5798 defendamus
796 5724 863 5794 tibi
896 5727 932 5791 et
956 5728 993 5792 at
1016 5722 1088 5790 tuis
1111 5723 1300 5790 heredibus
1324 5723 1362 5790 in
1387 5723 1512 5792 inolita
1536 5722 1614 5810 ipsa
1638 5721 1805 5792 medietas
1838 5723 1880 5791 de
1905 5730 1979 5796 tota
2005 5727 2083 5815 ipsa
2113 5747 2172 5796 su·

318 5861 482 5973 predicta
506 5881 688 5953 clausuris
712 5882 754 5950 de
778 5886 912 5949 terram
936 5899 1015 5948 cum
1040 5878 1159 5960 binea,
1184 5875 1278 5943 sicut
1301 5877 1463 5963 superius
1487 5875 1671 5945 declarata
1688 5880 1754 5963 est,
1775 5882 1810 5945 et
1826 5897 1889 5965 per
1914 5881 1995 5949 finis
2010 5873 2172 5952 ¹circum-
