5466 7106
598 537 667 611 its
1252 533 1426 607 coubx
1458 534 1723 611 cavensis

549 761 694 832 scandit
717 761 830 851 ipsius
852 760 1073 848 monasterii,
1097 762 1134 830 et
1156 758 1241 828 inde
1264 763 1349 828 sunt
1371 761 1468 847 passi
1491 760 1696 850 sexaginta,
1727 765 1840 830 totum
1862 759 1909 832 ad
1932 761 2026 830 iusto
2049 777 2193 848 passum
2215 760 2326 829 omini
2350 765 2406 830 est

550 915 812 984 mensuratum.
830 915 878 982 De
894 932 934 983 ec
950 931 1033 982 vero
1049 913 1153 980 ambe
1164 909 1368 998 supradicte
1383 910 1481 998 pecie
1497 911 1737 999 pertinentem
1762 911 1874 1001 ipsius
1889 912 2100 982 monasterii
2116 930 2197 980 cum
2210 913 2332 984 omnia
2348 913 2404 980 in-

549 1069 606 1136 tro
630 1085 668 1137 se
691 1068 884 1138 abentibus
906 1071 943 1137 et
966 1066 1042 1134 suis
1065 1064 1294 1152 pertinentiis
1320 1082 1387 1152 ego
1410 1063 1523 1152 ipsius
1547 1064 1752 1152 supradicto
1775 1065 1923 1134 iohanni
1947 1064 1993 1134 ad
2016 1064 2210 1134 nuendum
2241 1068 2277 1134 et
2308 1065 2405 1135 lavo-

552 1221 709 1290 randum
732 1219 897 1309 tradidit,
920 1220 960 1286 ln
984 1237 1024 1287 oc
1047 1217 1220 1304 ordinem,
1237 1221 1276 1286 ut
1290 1217 1415 1286 amodo
1438 1221 1475 1286 et
1497 1235 1636 1305 semper
1659 1221 1732 1287 tote
1756 1221 1794 1286 et
1815 1217 1940 1287 inclite
1963 1218 2212 1306 supradictum
2232 1221 2299 1298 est,
2325 1219 2404 1306 ipsa

416 1389 419 1402 ’
552 1373 724 1444 tradictio
747 1373 793 1444 ad
816 1391 882 1442 sua
905 1376 942 1440 et
965 1372 1009 1442 de
1032 1371 1107 1438 suis
1129 1369 1296 1438 eredibus
1319 1372 1393 1439 sint
1416 1374 1589 1458 potestate
1614 1369 1697 1438 illut
1722 1370 1914 1439 tenendum
1937 1373 1974 1438 et
1989 1370 2239 1458 lavorandum,
2255 1375 2292 1440 et
2306 1371 2405 1440 lobea

550 1531 587 1598 et
614 1526 730 1595 omnis
751 1543 815 1594 suo
839 1525 1010 1596 utilitatis
1034 1528 1130 1596 iusta
1153 1527 1330 1596 rationem
1347 1523 1417 1594 ille
1441 1525 1572 1594 ibidem
1595 1525 1743 1595 saciant.
1762 1527 1807 1594 Et
1830 1527 1956 1595 amodo
1978 1529 2014 1595 et
2036 1545 2175 1614 semper
2200 1526 2333 1596 ibidem
2347 1545 2404 1597 ro-

551 1679 668 1748 sidere
692 1683 731 1748 et
757 1680 899 1750 abitare
922 1681 1100 1768 deveant,
1122 1643 1161 1748 et
1185 1679 1267 1749 illut
1289 1679 1436 1750 cludant
1458 1683 1494 1748 et
1517 1678 1655 1748 clusum
1677 1681 1834 1767 abeant,
1857 1684 1893 1748 et
1915 1683 1992 1749 tota
2015 1680 2223 1767 supradicta
2254 1685 2307 1749 est
2330 1685 2407 1751 tra*

552 1833 678 1920 dictio,
702 1851 771 1920 que
794 1836 848 1902 est
871 1835 971 1901 terra
994 1851 1072 1900 cum
1097 1833 1254 1900 arbustis
1278 1833 1402 1901 vitatis
1425 1851 1488 1919 per
1512 1839 1626 1900 omnis
1648 1850 1785 1903 annum
1813 1835 1896 1902 abto
1919 1835 2078 1918 ternpore
2101 1832 2144 1901 de
2168 1852 2275 1920 super
2299 1837 2336 1902 et
2357 1832 2402 1903 de

551 1991 678 2056 subtus
700 1987 783 2056 illut
807 1988 1014 2057 lavorarent
1036 1992 1072 2056 et
1094 1991 1286 2075 operarent
1300 1992 1336 2056 et
1351 1989 1531 2057 cultarent
1554 2004 1698 2074 vonum,
1714 1989 1763 2072 et,
1781 1987 1843 2053 ubi
1867 1986 2053 2074 meruerit,
2087 1989 2233 2056 arbores
2256 1989 2292 2055 et
2315 1987 2407 2056 vites

560 2138 693 2208 ibidem
715 2138 937 2226 plantarent,
962 2143 998 2208 et
1020 2139 1315 2226 propaginarent,
1332 2141 1368 2206 et
1382 2137 1599 2225 studiarent,
1615 2141 1652 2207 et
1668 2141 1820 2226 surgant
1846 2137 1941 2226 illut,
1966 2140 2061 2207 sicut
2084 2137 2258 2208 meruerit
2275 2156 2406 2206 vonum

553 2311 630 2363 esse
653 2295 841 2364 arbustum
866 2295 905 2362 in
930 2295 1007 2382 ipso
1032 2292 1161 2377 locum,
1186 2295 1227 2360 ut
1249 2311 1313 2379 per
1335 2291 1451 2361 omnis
1474 2310 1610 2362 annum
1626 2294 1821 2381 perfectum
1837 2297 1964 2380 pareat
1980 2298 2165 2381 operatum
2178 2299 2214 2362 et
2230 2293 2408 2362 cultatum

553 2444 598 2515 de
622 2463 728 2532 super
751 2449 788 2514 et
809 2445 852 2513 de
876 2447 998 2512 subter
1020 2447 1095 2513 tota
1118 2443 1197 2530 ipsa
1220 2443 1399 2532 tradictio,
1423 2449 1601 2531 quatenus
1625 2445 1831 2514 annualiter
1854 2447 2018 2533 proficiat
2032 2449 2069 2514 et
2084 2464 2156 2514 non
2172 2445 2352 2533 dispereat
2366 2453 2405 2518 et

554 2595 696 2666 salbum
721 2597 803 2666 illut
827 2597 987 2684 faciant,
1011 2598 1105 2667 sicut
1128 2598 1301 2666 meruerit
1324 2603 1360 2666 et
1382 2597 1517 2665 iustum
1540 2597 1660 2666 suerit.
1686 2599 1816 2684 nuper
1840 2597 1955 2664 omnis
1979 2614 2117 2665 annum
2142 2616 2204 2684 per
2228 2599 2405 2670 vindemie

555 2769 620 2837 per
644 2753 727 2821 abto
750 2755 909 2840 tempore
933 2752 1071 2821 saciant
1094 2770 1150 2820 me
1173 2751 1266 2820 scire
1289 2750 1344 2817 vel
1368 2768 1588 2832 successores
1610 2767 1717 2824 meos,
1740 2753 1780 2818 ut
1796 2748 1928 2818 ibidem
1951 2749 2153 2837 dirigamus
2177 2749 2325 2820 missum
2348 2770 2411 2820 no-

556 2909 684 2990 strum,
708 2910 744 2974 et
767 2905 828 2974 ille
850 2907 887 2973 et
910 2905 989 2974 eius
1013 2905 1135 2974 eredes
1159 2902 1374 2973 adiubarent
1399 2906 1444 2972 ad
1468 2903 1703 2972 conciandum
1726 2920 1884 2990 organea
1907 2903 1953 2971 da
1977 2903 2116 2990 vinum,
2141 2905 2234 2990 quod
2250 2923 2335 2991 pars
2354 2906 2408 2995 ip-

558 3058 634 3126 sius
657 3060 866 3128 monasterii
891 3063 974 3129 abet
996 3061 1042 3128 ad
1065 3057 1212 3127 cellario
1235 3061 1355 3125 nostro
1378 3058 1500 3146 ibique
1525 3060 1564 3126 in
1588 3060 1667 3144 ipsa
1683 3061 1846 3144 curte,et
1861 3057 2068 3126 conciarent
2082 3061 2118 3126 et
2134 3057 2409 3129 studiarentvo·

557 3232 657 3298 num,
682 3214 776 3282 sicut
791 3213 963 3282 meruerit
978 3230 1175 3300 organeum
1190 3212 1320 3300 ipsum,
1339 3214 1398 3280 ubi
1415 3212 1494 3300 ipsa
1510 3214 1698 3283 medietate
1716 3213 1829 3300 ipsius
1846 3214 2058 3282 monasterii
2074 3213 2117 3281 de
2134 3215 2252 3301 ipsum
2269 3216 2408 3302 vinum,

559 3367 653 3454 quod
677 3367 723 3436 ad
741 3368 858 3455 ipsum
874 3365 1048 3453 evenerit,
1065 3367 1212 3433 missum
1235 3369 1396 3433 nostrum
1420 3365 1571 3434 midtere
1591 3365 1783 3435 debuerint
1796 3341 1835 3436 et
1849 3365 2060 3437 ordinarent
2084 3366 2158 3454 ipso
2182 3371 2408 3456 horganeum

559 3519 599 3586 in
625 3521 741 3608 ipsum
759 3520 920 3608 cellario,
935 3521 1029 3589 sicut
1044 3519 1228 3588 meruerit.
1246 3520 1292 3587 Et
1308 3519 1368 3587 ille
1384 3524 1420 3589 et
1434 3539 1515 3588 suos
1531 3522 1653 3590 eredes
1669 3543 1733 3610 per
1751 3525 1866 3592 omnis
1883 3542 2019 3593 annum
2042 3523 2307 3593 bindemiarent
2332 3531 2412 3595 tota

513 3733 521 3748 .
557 3675 764 3762 supradicta
787 3677 841 3741 est
866 3673 1044 3743 tradictio.
1077 3673 1122 3739 Et
1144 3689 1284 3759 pomam
1306 3671 1336 3738 si
1361 3672 1517 3761 abuerit,
1543 3673 1606 3744 illa
1629 3675 1814 3762 colligant.
1841 3677 1887 3743 Et
1910 3675 1952 3743 de
1976 3675 2092 3742 omnis
2117 3675 2242 3743 vinum
2266 3681 2302 3744 et
2329 3679 2410 3766 ipsa

558 3845 698 3916 pomam
712 3825 843 3895 exinde
855 3823 1061 3896 annualiter
1085 3824 1215 3894 inclita
1238 3825 1425 3894 medietate
1448 3845 1511 3913 per
1535 3829 1649 3897 omnis
1672 3847 1810 3898 annum
1833 3830 1917 3898 inde
1940 3829 2049 3898 deant
2065 3830 2110 3900 ad
2127 3831 2246 3919 ipsum
2263 3831 2413 3898 missum

559 3987 735 4051 nostrum.
756 3983 800 4050 Et
818 3980 956 4068 reliqua
978 3979 1058 4068 ipsa
1081 3979 1273 4048 medietate
1296 3978 1379 4046 inde
1403 3977 1476 4046 illis
1499 3979 1569 4048 sivi
1592 3983 1738 4052 abeant.
1757 3983 1802 4051 Et
1816 3984 1894 4070 ipsa
1918 3983 2107 4052 medietate
2130 3983 2174 4052 de
2198 3985 2274 4070 ipso
2289 3985 2413 4054 vinum

559 4136 761 4230 predictum
777 4139 830 4204 est
846 4135 958 4223 ipsius
981 4135 1191 4204 monasterii
1215 4153 1278 4219 per
1294 4135 1409 4202 omnis
1432 4153 1581 4225 annum,
1605 4139 1697 4224 quod
1721 4141 1767 4208 ab
1785 4139 1861 4226 ipso
1878 4138 2027 4206 missum
2050 4143 2212 4206 nostrum
2235 4141 2411 4230 evenerit,

521 4377 524 4382 Ι
559 4308 641 4356 cum
658 4307 726 4356 suo
739 4288 915 4376 expendio
932 4287 1014 4356 illut
1029 4291 1214 4376 portarent
1230 4287 1275 4356 ad
1291 4287 1407 4374 ipsum
1431 4287 1575 4358 cellario
1599 4288 1712 4376 ipsius
1736 4290 1946 4358 monasterii
1963 4239 2165 4359 etmidtere
2182 4291 2265 4359 illut
2281 4291 2319 4358 in
2338 4291 2417 4378 ipso

562 4443 786 4530 horganeum
802 4441 895 4528 quod
911 4441 994 4508 illut
1010 4439 1266 4526 conoiaberint,
1278 4439 1323 4509 ad
1335 4439 1536 4509 faciendum
1551 4459 1636 4529 pars
1650 4441 1802 4529 predicti
1818 4441 2027 4511 monasterii
2043 4443 2136 4530 quod
2153 4444 2349 4514 voluerint.
2371 4448 2415 4513 Et

564 4595 608 4666 de
632 4597 724 4684 quod
748 4596 955 4668 annualiter
980 4596 1104 4666 amodo
1126 4600 1163 4664 et
1185 4613 1323 4683 semper
1346 4597 1385 4663 in
1409 4594 1571 4682 predicta
1594 4595 1807 4664 tradictione
1823 4595 2094 4683 seminaberint,
2119 4597 2228 4667 deant
2245 4598 2330 4668 inde
2348 4602 2422 4669 ter-

563 4751 718 4818 raticum
742 4749 788 4818 ad
813 4749 889 4837 ipso
913 4749 1063 4818 missum
1086 4749 1208 4836 ibique
1231 4750 1271 4817 in
1288 4749 1366 4836 ipsa
1390 4749 1512 4834 rebus,
1535 4747 1731 4816 secundum
1754 4747 2047 4817 consuetudinem
2070 4750 2112 4819 de
2130 4751 2206 4837 ipso
2223 4750 2353 4838 locum3
2378 4759 2415 4822 et
2445 4794 2454 4814 .

566 4923 677 4990 usque
700 4903 785 4972 dum
808 4905 1017 4974 annualiter
1041 4905 1117 4992 ipso
1140 4907 1287 4972 missum
1309 4923 1373 4990 pro
1397 4901 1477 4990 ipsa
1503 4900 1684 4971 vindemia
1708 4901 1759 4969 ibi
1779 4902 1933 4990 steterit,
1947 4902 2028 4972 illut
2043 4905 2239 4993 nutrirent,
2255 4906 2349 4975 sicut
2365 4907 2423 4974 iu-

566 5061 663 5124 stum
686 5057 797 5126 tuerit
818 5058 1013 5126 secundum
1037 5075 1141 5126 suam
1165 5055 1449 5144 possivilitatem.
1480 5057 1526 5124 Et
1548 5075 1612 5143 per
1635 5055 1751 5124 omnis
1775 5075 1911 5126 annum
1935 5057 2193 5143 palmentatica
2228 5059 2338 5129 deant
2374 5061 2420 5130 ad

569 5215 686 5304 ipsum
709 5213 858 5281 missum
882 5217 1043 5282 nostrum
1066 5213 1261 5282 secundum
1284 5211 1577 5282 consuetudinem
1600 5213 1643 5281 de
1669 5211 1744 5300 ipso
1769 5211 1896 5280 locum.
1925 5210 2025 5281 Unde
2049 5213 2088 5279 in
2111 5231 2152 5282 eo
2181 5216 2330 5284 hordine
2356 5235 2420 5303 per

567 5386 662 5437 vona
685 5367 937 5438 convenientia
960 5369 1095 5464 guadio
1117 5367 1218 5437 nobis
1241 5367 1318 5455 ipse
1342 5366 1516 5436 iohannes
1539 5365 1649 5454 dedit,
1665 5369 1701 5434 et
1717 5364 1946 5434 mediatorem
1969 5367 2072 5435 nobis
2095 5369 2214 5454 posuit
2237 5371 2416 5440 iohannes

565 5521 663 5592 filius
685 5522 876 5592 venerandi
899 5523 1111 5592 abitatorem
1134 5521 1178 5590 de
1201 5520 1277 5608 ipso
1302 5520 1416 5588 locum
1439 5519 1598 5606 nucerio,
1616 5517 1677 5587 ubi
1701 5517 1835 5586 dicitur
1859 5519 2020 5598 turricle;
2046 5524 2083 5589 et
2100 5540 2163 5610 per
2182 5521 2260 5610 ipsa
2286 5523 2420 5612 guadia

414 5699 470 5734 ..2-
564 5675 740 5764 obligavit
764 5693 802 5744 se
825 5677 861 5772 et
883 5678 958 5767 suis
982 5675 1070 5770 liliis
1092 5678 1128 5743 et
1151 5673 1286 5764 eredes:
1312 5675 1448 5762 preter,
1471 5673 1578 5761 quale
1601 5679 1757 5761 tempore
1781 5675 1859 5762 ipsa
1882 5673 2049 5744 tradictio
2073 5677 2112 5744 in
2136 5677 2336 5774 predictum
2361 5695 2418 5745 or-

565 5826 689 5924 dinem
709 5829 794 5924 illut
817 5833 940 5924 tenere
957 5831 1008 5922 et·
1020 5827 1184 5924 lavorare
1199 5842 1271 5894 non
1295 5824 1486 5918 voluerint,
1502 5828 1539 5922 et
1562 5827 1614 5924 sic
1632 5825 1713 5924 inde
1737 5827 1782 5898 ad
1805 5845 1901 5926 pars
1914 5827 2065 5926 predicti
2082 5828 2292 5928 monasterii
2317 5829 2422 5926 adin-2

2711 6559 2723 7070 l
