5466 7106
1042 500 1440 576 DIPLOMATICUS
2079 499 2126 573 95

319 731 447 804 abbati
471 733 508 800 et
531 729 575 798 de
596 729 859 798 successoribus
882 725 969 814 tuis,
994 727 1054 814 qui
1081 725 1120 794 in
1137 727 1212 815 ipso
1228 727 1445 798 monasterio
1468 727 1683 816 prefuerint.
1709 727 1923 816 Paritarque
1947 725 2175 797 concedimus

319 881 391 952 tibi
413 879 620 970 supradicto
642 878 770 948 domno
793 877 957 948 adelferii
983 877 1128 967 abbati,
1153 877 1320 950 licentias
1343 879 1483 950 abeatis
1505 899 1568 968 per
1591 883 1698 950 rebus
1721 880 1836 950 nostri
1859 879 1987 970 palatii
2016 880 2072 950 vel
2096 900 2177 948 suc-

322 1049 506 1102 cessorum
528 1033 731 1100 nostrorum
754 1047 815 1098 vos
838 1034 874 1099 et
896 1032 1102 1118 monachos,
1125 1031 1162 1097 et
1179 1027 1264 1117 ipsis
1281 1030 1364 1100 aliis
1380 1032 1508 1100 vestris
1532 1031 1749 1120 hominibus,
1773 1051 1837 1121 per
1860 1034 1946 1102 totis
1974 1035 2174 1103 montaneis

325 1184 530 1274 lignamina
555 1185 751 1272 abscidere,
776 1183 972 1272 attollere,
996 1189 1033 1253 et
1055 1187 1197 1270 portare
1222 1183 1282 1250 ubi
1307 1182 1505 1270 volueritis,
1522 1201 1587 1272 pro
1610 1184 1841 1273 utilitatibus,
1865 1191 1901 1254 et
1923 1203 1992 1274 que
2015 1204 2178 1274 congrua

322 1341 408 1408 sunt
430 1336 584 1426 predicti
608 1334 821 1407 monasterii
847 1335 1062 1422 iaciendum,
1087 1334 1242 1422 qualiter
1265 1333 1454 1403 voluerint.
1473 1334 1587 1411 Quam
1603 1339 1639 1405 et
1651 1337 1875 1406 concedimus
1890 1341 1959 1407 tibi
1975 1337 2180 1426 supradicto

328 1493 458 1590 domno
481 1489 629 1560 adelicri
651 1489 775 1560 abbati
798 1506 919 1558 omnes
941 1507 1000 1556 res
1024 1507 1071 1558 cx
1093 1491 1316 1556 mortuorum
1338 1493 1375 1557 et
1398 1490 1504 1558 rebus
1527 1490 1641 1558 nostri
1665 1491 1808 1578 palatii,
1831 1493 1894 1580 qui
1910 1493 2008 1562 inira
2031 1499 2067 1562 et
2089 1511 2178 1580 erga

330 1645 437 1712 rebus
461 1641 574 1730 ipsius
598 1640 810 1710 monasterii
833 1644 919 1710 sunt
940 1641 994 1709 vel
1019 1639 1167 1728 suerint,
1187 1643 1228 1708 ut
1242 1658 1326 1728 pars
1350 1641 1464 1727 ipsius
1489 1643 1698 1712 monasterii
1721 1645 1895 1714 securiter
1919 1643 2007 1713 illud
2029 1647 2179 1733 habeat,

239 1757 241 1762 7
327 1795 531 1867 faciendum
554 1794 647 1884 quod
670 1793 861 1864 voluerint.
887 1793 985 1861 Etsi
1008 1793 1278 1882 qualiscumque
1300 1803 1458 1882 tempore
1482 1795 1653 1866 acciderit
1675 1815 1758 1885 pars
1781 1797 1932 1884 predicti
1961 1800 2176 1868 monasterii

327 1952 556 2020 sacramenta
579 1947 665 2017 dare
688 1947 731 2017 de
753 1965 978 2034 quacumque
1001 1966 1053 2036 re,
1078 1964 1149 2015 non
1173 1952 1316 2036 possant
1339 1967 1399 2017 vos
1422 1949 1475 2017 vel
1500 1967 1720 2020 successores
1743 1953 1899 2040 vestros,
1921 1968 1986 2020 nos
2009 1955 2075 2022 aut
2098 1971 2180 2021 suc·

328 2119 486 2174 cessores
508 2108 659 2190 nostros,
682 2121 749 2172 nec
773 2102 1045 2189 qualiscumque
1068 2118 1200 2172 umana
1223 2119 1375 2189 persona
1397 2105 1543 2174 abbates
1558 2103 1614 2172 vel
1630 2106 1821 2174 monachos
1842 2103 1953 2192 ipsius
1969 2105 2182 2175 monasterii

331 2259 379 2330 ad
402 2261 628 2329 sacramenta
645 2223 724 2345 ipsa
740 2257 898 2327 dandum
922 2273 1126 2344 provocare,
1149 2259 1214 2325 aut
1229 2273 1388 2345 coegere,
1406 2260 1470 2326 aut
1485 2255 1558 2326 illis
1574 2237 1776 2344 molestarc;
1794 2263 1848 2328 set
1859 2277 1923 2346 per
1946 2276 2067 2328 omnes
2089 2257 2186 2328 vices

331 2410 407 2481 illis
430 2409 534 2482 laicis
558 2409 776 2498 hominibus,
804 2410 867 2496 qui
891 2409 930 2477 in
954 2409 1031 2495 ipso
1053 2407 1267 2477 monasterio
1288 2411 1327 2478 et
1349 2407 1389 2475 in
1412 2407 1518 2476 rebus
1541 2407 1653 2494 ipsius
1677 2410 1886 2480 monasterii
1910 2415 1994 2479 sunt
2026 2411 2081 2480 vel
2105 2411 2181 2478 sue-

336 2567 425 2644 rint,
450 2565 574 2654 quales
597 2584 643 2634 ex
666 2564 739 2632 illis
761 2581 845 2651 pars
870 2561 982 2649 ipsius
1005 2561 1218 2630 monasterii
1244 2561 1439 2648 voluerint,
1457 2567 1684 2632 sacramenta
1701 2563 1777 2651 ipsa
1794 2563 1915 2635 iurare
1931 2563 2081 2653 faciant,
2100 2584 2188 2652 qua·

334 2719 415 2790 liter
438 2720 491 2789 eis
514 2737 577 2807 per
601 2718 716 2806 legem
740 2715 936 2786 iudicatum
960 2717 1107 2800 fuerint,
1127 2721 1162 2786 et
1177 2734 1315 2802 semper
1339 2717 1482 2783 firmum
1504 2715 1740 2805 stabilemque
1763 2723 2010 2804 permaneant.
2038 2721 2086 2786 As
2113 2736 2188 2784 om-

333 2873 442 2941 nibus
464 2869 680 2958 supradictis
702 2867 1001 2946 concessionibus,
1026 2867 1183 2955 qualiter
1198 2887 1308 2955 supra
1332 2868 1477 2957 legitur,
1498 2872 1550 2936 Tu
1571 2867 1796 2956 supradictus
1818 2869 1968 2939 domnus
1991 2870 2186 2940 adelferius

337 3033 376 3098 et
399 3043 621 3098 successores
646 3027 735 3115 tuos,
764 3025 826 3112 qui
852 3025 892 3093 in
909 3023 986 3112 ipso
1008 3024 1223 3094 monasterio
1249 3026 1373 3092 sancte
1395 3020 1575 3092 trinitatis
1597 3021 1825 3109 prefuerint,
1852 3021 1941 3090 illud
1964 3021 2189 3110 habendum,

335 3179 611 3269 dominandum,
635 3177 885 3268 possidendum
908 3183 944 3246 et
966 3176 1087 3247 omnia
1110 3175 1242 3244 exinde
1267 3172 1470 3243 faciendum
1493 3172 1586 3260 quod
1608 3171 1808 3262 volueritis,
1832 3177 1868 3242 et
1891 3193 1914 3243 a
1937 3173 2036 3243 nullo
2059 3193 2107 3244 ex
2131 3194 2193 3242 no

344 3336 431 3404 stris
455 3333 652 3419 iudicibus,
678 3332 881 3420 comitibus,
913 3329 1091 3417 sculdaiS,
1116 3329 1324 3416 castaldeiS,
1348 3329 1405 3395 vel
1430 3348 1453 3397 a
1475 3327 1758 3414 quibuscumque
1786 3327 1977 3415 agentibus
2002 3329 2193 3416 patiamini

341 3487 425 3556 inde
448 3485 711 3557 molestationes
735 3489 798 3555 aut
820 3484 1118 3570 contrarietates;
1141 3486 1195 3551 set
1219 3481 1343 3550 amodo
1374 3484 1410 3550 et
1433 3479 1600 3566 deinceps
1631 3499 1694 3566 per
1728 3497 1797 3547 unc
1820 3485 1983 3549 nostrum
2005 3484 2193 3551 roboreum

341 3645 548 3730 preceptum
568 3644 715 3710 cunctas
731 3637 956 3726 supradictas
971 3639 1113 3703 nostras
1141 3632 1385 3701 concessiones
1412 3630 1586 3697 securiter
1609 3629 1771 3698 habeatis
1796 3631 1834 3696 in
1857 3630 2017 3717 predicta
2039 3633 2192 3700 ratione.

336 3795 438 3874 Quod
461 3812 547 3864 vero
570 3799 773 3882 preceptum
808 3789 1044 3860 concessionis
1079 3808 1126 3858 ex
1161 3785 1378 3855 iussionibus
1401 3784 1685 3872 supradictorum
1718 3783 1956 3872 gloriosorum
1990 3783 2193 3872 principum

337 3949 473 4037 scripsi
497 3965 563 4036 ego
587 3946 811 4035 aceprandus
833 3944 1035 4013 clericus·
1048 3943 1088 4009 In
1103 3957 1199 4012 auno
1221 3939 1401 4009 tricesimo
1424 3941 1574 4026 septimo
1597 3939 1823 4028 principatus
1849 3939 2046 4028 supradicti
2070 3939 2193 4011 domni

341 4105 457 4173 nostri
480 4102 663 4193 guaimari
678 4104 714 4172 et
729 4102 878 4190 septimo
893 4117 989 4171 anno
1000 4097 1224 4188 principatus
1242 4068 1289 4184 †)
1304 4095 1500 4184 supradicti
1515 4095 1635 4165 domni
1652 4096 1835 4184 guaimari
1848 4097 1926 4167 cius
1943 4097 2017 4165 lilio
2030 4098 2196 4186 gloriosis

343 4257 581 4346 principibus.
607 4258 654 4324 De
681 4272 801 4325 mense
817 4254 970 4324 martius
986 4255 1138 4322 hoctaba
1163 4251 1360 4320 indictione
1385 4252 1423 4335 ¹).

340 4545 782 4561 -—--——————

387 4731 434 4848 †)
454 4761 544 4827 Loco
566 4756 678 4846 sigilli
701 4755 827 4826 coerei.
852 4754 944 4823 Vide
969 4750 1163 4822 fac-simile
1179 4752 1219 4820 in
1242 4751 1313 4819 fine
1339 4747 1557 4818 Voluminis

385 4912 409 4994 ⁴)
430 4913 481 4976 Ab
504 4930 589 4976 anno
611 4911 712 4975 huius
734 4909 928 4992 Diplomatis
951 4906 1082 4987 decepti
1105 4904 1306 4967 Muratorius
1329 4907 1363 4964 et
1383 4899 1597 4964 Mahillonius
1622 4899 1684 4962 hoc
1708 4916 1792 4960 anno
1805 4903 1962 4960 asserunt
1984 4896 2196 4963 aedificatum

342 5061 581 5124 Monasterium
604 5059 762 5131 Curense,
786 5054 873 5137 quod
893 5073 973 5118 saue
996 5072 1081 5116 anuo
1104 5051 1183 5116 1011
1209 5048 1381 5112 fundatum
1404 5046 1545 5124 legimus
1570 5047 1605 5108 in
1630 5044 1873 5108 vetustioribus
1897 5044 2067 5128 chronicis
2083 5049 2199 5112 aDivo

339 5205 519 5289 'Alpheriu
