5466 7106
623 539 687 608 tto
1275 545 1444 617 COllEX
1488 545 1754 619 Cnvdbsls

564 764 644 850 ipsa
666 783 747 850 sepe
770 768 862 853 passi
888 772 1031 836 centum
1054 769 1196 838 decem:
1222 789 1246 838 a
1268 788 1353 856 pars
1375 771 1629 858 septentrionis
1651 771 1722 839 dne
1746 771 1806 839 via
1828 768 1996 857 pulvlica,
2021 773 2104 836 sunt
2129 767 2212 838 inde
2227 767 2322 855 passi
2349 785 2415 834 no·

563 918 667 984 bem:
694 935 717 985 a
740 936 824 1006 pars
848 917 1042 988 occidentis
1065 919 1136 989 dne
1159 920 1277 992 media
1299 939 1393 1010 sepe,
1417 925 1503 991 sunt
1525 920 1608 992 inde
1629 920 1723 1010 passi
1747 920 1990 1009 quadraginta
2005 923 2188 1008 quattuor,
2205 921 2243 989 et
2257 923 2305 989 ab
2322 919 2406 990 inde

564 1069 806 1140 rebolbentem
829 1069 925 1141 circa
950 1070 1027 1157 ipsa
1051 1088 1133 1158 sepe
1156 1070 1195 1140 in
1218 1091 1303 1160 pars
1325 1073 1519 1144 occidentis
1542 1074 1640 1164 passi
1663 1075 1783 1144 decem
1806 1079 1842 1145 et
1864 1077 2023 1162 septem:
2048 1073 2180 1142 iterum
2203 1092 2226 1142 a
2248 1089 2334 1160 pars
2356 1090 2414 1142 oc·

562 1221 720 1291 cidentis
744 1241 845 1292 secus
868 1242 950 1310 sepe
973 1223 1070 1311 passi
1093 1223 1270 1314 tridecim,
1295 1231 1330 1295 et
1353 1227 1483 1298 abinde
1506 1231 1711 1310 rebolbente
1735 1229 1773 1296 in
1797 1243 1882 1316 pars
1904 1224 2054 1296 orientis
2078 1223 2173 1296 iusta
2199 1242 2283 1313 sepe
2312 1226 2409 1314 passi

568 1375 747 1456 undecim,
773 1381 808 1446 et
831 1375 960 1448 abinde
983 1377 1188 1446 rebolbente
1212 1378 1251 1446 in
1274 1398 1359 1466 pars
1381 1381 1530 1451 meridie
1553 1385 1649 1452 iusta
1671 1401 1753 1470 sepe
1775 1381 1872 1470 passi
1895 1381 2029 1470 viginti
2053 1382 2138 1468 trec,
2155 1383 2191 1448 et
2206 1378 2339 1450 abinde
2355 1399 2411 1448 re·

562 1527 732 1597 bolbente
757 1530 795 1597 in
819 1551 902 1618 pars
926 1532 1117 1602 occidentis
1140 1531 1236 1602 circa
1260 1550 1341 1620 sepe
1363 1533 1457 1620 passi
1483 1533 1707 1622 vigintiduo
1730 1552 1841 1621 usque
1865 1535 1904 1601 in
1928 1532 1987 1602 via
2009 1532 2175 1620 pulbica:
2201 1549 2224 1602 a
2246 1549 2331 1620 pars
2353 1551 2412 1602 oc-

565 1682 720 1751 cidentis
743 1685 813 1752 fine
838 1684 897 1754 via
920 1687 1016 1774 ipsa,
1041 1684 1124 1755 inde
1147 1687 1242 1772 passi
1267 1685 1411 1774 triginti
1435 1705 1517 1755 sex:
1543 1708 1566 1756 a
1588 1705 1671 1774 pars
1695 1686 1843 1756 meridie
1866 1687 1959 1756 sicut
1981 1684 2131 1754 rebolvit
2154 1685 2225 1754 fine
2249 1685 2328 1772 ipsa
2350 1685 2411 1756 via

562 1835 718 1924 pluvica,
745 1836 828 1907 inde
852 1837 946 1926 passi
970 1839 1126 1926 triginta
1149 1842 1250 1906 octo:
1276 1858 1299 1908 a
1322 1858 1406 1926 pars
1428 1839 1578 1910 orientis
1601 1842 1698 1911 circa
1720 1842 1793 1911 alia
1816 1859 1897 1929 sepe
1913 1840 2007 1928 passi
2024 1839 2156 1928 viginti
2180 1843 2271 1927 octo,
2295 1841 2333 1908 et
2348 1841 2409 1908 ab·

564 1991 651 2060 inde
675 1991 880 2060 rebolbente
904 2009 1005 2062 secus
1029 2010 1110 2081 sepe
1133 1993 1172 2060 in
1195 1992 1358 2078 partibus
1381 1995 1529 2065 orientis
1553 1999 1646 2084 passi
1669 1997 1828 2083 sidecim,
1851 1997 1894 2066 de
1918 1996 1993 2066 alia
2015 2001 2118 2084 parte
2142 2013 2205 2082 per
2229 1991 2291 2064 via
2313 1993 2409 2080 passi

562 2145 854 2230 quadtuordecim
877 2152 913 2215 et
930 2148 1102 2235 medium,
1129 2153 1240 2219 totum
1264 2155 1510 2220 mensuratum
1534 2151 1578 2219 ad
1603 2151 1694 2219 iusto
1717 2168 1861 2237 passum
1884 2147 2009 2235 omini;
2033 2150 2076 2218 de
2100 2168 2169 2218 ano
2193 2165 2276 2217 vero
2292 2146 2411 2216 clusu-

564 2299 620 2370 ria
643 2319 706 2387 per
731 2301 956 2388 supradictas
980 2302 1069 2370 lines
1092 2307 1128 2372 et
1151 2320 1336 2372 mensuras
1361 2303 1487 2372 inclita
1510 2301 1700 2372 medietate
1731 2320 1797 2390 ego
1820 2302 2046 2389 supradictus
2076 2303 2270 2372 musandus
2291 2302 2416 2373 diaco·

565 2473 632 2521 nus
655 2473 833 2523 unacum
858 2455 974 2542 ipsum
999 2455 1190 2525 adbocator
1215 2455 1328 2543 ipsius
1352 2457 1526 2544 mirandi,
1557 2459 1652 2526 sicut
1675 2457 1911 2546 dictumest,
1935 2457 1980 2528 ad
2004 2457 2240 2527 laborandum
2262 2455 2413 2527 tradidi·

563 2627 654 2677 mus.
680 2610 720 2676 ln
744 2628 784 2676 oc
808 2609 947 2697 ordine,
974 2613 1014 2678 ut
1037 2609 1161 2678 amodo
1184 2612 1220 2678 et
1241 2627 1370 2696 senper
1395 2609 1469 2696 ipse
1494 2610 1679 2682 mirandus
1702 2619 1737 2683 et
1761 2632 1841 2682 suos
1863 2614 1998 2700 aradae,
2015 2615 2117 2681 natos
2141 2616 2338 2697 nascentes,
2362 2610 2408 2678 ad

564 2781 687 2832 eorum
714 2763 761 2832 sit
784 2767 994 2851 potestatem
1019 2765 1097 2851 ipsa
1121 2763 1325 2852 medietate,
1343 2764 1435 2850 quod
1461 2783 1583 2833 eorum
1605 2767 1817 2835 tradidimus
1839 2765 2030 2853 abendum,
2058 2771 2094 2834 et
2118 2766 2216 2834 lovee
2238 2769 2275 2834 et
2295 2762 2411 2830 omnis

564 2937 626 2987 sue
651 2918 823 2987 utilitatis
847 2916 944 2986 iusta
966 2918 1144 2987 rationem
1168 2916 1300 2984 ibidem
1325 2915 1540 3003 laciendum,
1555 2921 1591 2984 et
1614 2935 1698 2987 casa
1722 2916 1853 2986 ibidem
1876 2917 2011 2986 saciant
2025 2920 2061 2984 et
2077 2914 2209 2983 ibidem
2225 2913 2407 2984 resideant

563 3076 600 3142 et
623 3072 776 3160 abitent,
801 3077 837 3141 et
861 3071 1070 3140 annualiter
1095 3073 1179 3156 apto
1201 3074 1359 3155 ternpore
1382 3072 1458 3137 tota
1475 3075 1511 3138 ot
1527 3069 1654 3139 inclita
1679 3069 1756 3157 ipsa
1780 3068 1961 3154 cradictio,
1985 3067 2079 3154 quod
2101 3068 2267 3156 superius
2282 3066 2317 3136 ei
2334 3069 2414 3134 tra-

563 3226 732 3313 didimuS,
757 3229 818 3313 qui
842 3228 896 3293 est
918 3225 1050 3291 bonum
1073 3224 1270 3308 arbustum,
1294 3226 1407 3290 totum
1430 3222 1598 3311 bitatum,
1615 3227 1651 3292 et
1667 3226 1807 3291 surtum
1831 3228 1866 3292 et
1887 3223 2086 3309 operatum,
2111 3221 2153 3289 de
2176 3225 2342 3308 superet
2365 3219 2410 3287 de

565 3381 705 3462 subter,
731 3381 805 3445 tota
830 3377 908 3463 ipsa
931 3373 1098 3444 tradictio
1121 3379 1268 3463 sperent
1292 3379 1328 3442 et
1351 3373 1491 3444 enitent
1513 3394 1576 3463 per
1599 3378 1714 3444 omnis
1737 3394 1874 3444 annum
1889 3379 1924 3443 et
1940 3373 2109 3460 studient,
2126 3377 2174 3459 et,
2191 3373 2251 3441 ubi
2274 3391 2415 3441 merue-

565 3532 625 3619 rit,
652 3533 797 3601 arbores
820 3535 856 3600 et
879 3531 970 3599 vites
994 3529 1066 3599 illis
1090 3530 1171 3599 illut
1195 3528 1325 3597 ibidem
1341 3528 1506 3615 plantent
1522 3537 1557 3598 et
1573 3531 1823 3618 propaginent,
1840 3532 1877 3597 et
1894 3526 1975 3596 illut
1998 3527 2157 3596 studiant
2180 3529 2217 3594 et
2239 3532 2409 3614 surgant,

563 3691 601 3756 et
627 3689 737 3755 totum
763 3684 845 3754 illut
868 3685 920 3753 sic
942 3687 1102 3772 opereat,
1127 3683 1228 3752 utin
1254 3685 1384 3751 bonum
1406 3681 1594 3769 proficiant
1616 3686 1653 3749 et
1677 3699 1746 3747 non
1770 3681 1961 3768 dispereat,
1985 3685 2021 3748 et
2045 3680 2247 3767 peremnis
2271 3698 2409 3748 annum

565 3859 629 3928 per
654 3840 835 3908 vindemie
859 3859 922 3927 per
946 3847 1025 3909 acto
1048 3843 1204 3926 tempore
1228 3837 1363 3907 saciant
1386 3835 1478 3904 scire
1502 3853 1558 3902 me
1581 3833 1807 3921 supradictus
1831 3833 2025 3902 musandus
2048 3833 2232 3921 diaconuS,
2249 3835 2303 3902 vel
2329 3851 2413 3920 pars

564 3993 676 4082 ipsius
700 3993 845 4063 ecclesie
869 3994 985 4062 sancti
1009 3991 1176 4080 maximi,
1196 3995 1234 4060 ut
1251 3989 1383 4058 ibidem
1399 4006 1465 4076 ego
1479 3985 1707 4075 supradictus
1723 3986 1918 4056 musandus
1933 3984 2103 4054 diaconus
2119 3984 2252 4053 ibidem
2268 3984 2411 4071 badam,

556 4150 618 4219 ,vel
644 4149 790 4216 missum
816 4147 931 4236 ipsum
956 4145 1088 4215 ibidem
1112 4145 1331 4232 dirigamus,
1356 4163 1421 4233 ego
1444 4144 1498 4210 vel
1521 4162 1606 4230 pars
1629 4142 1740 4229 ipsius
1763 4142 1933 4228 ecclesie,
1957 4143 1994 4208 et
2019 4139 2078 4209 ille
2108 4139 2162 4208 vel
2185 4141 2264 4209 eius
2287 4139 2410 4208 eredes

565 4309 640 4374 tota
662 4305 741 4392 ipsa
765 4303 933 4374 tradictio
957 4301 1189 4386 vindemient,
1206 4304 1242 4368 et
1258 4298 1373 4366 omnis
1388 4317 1492 4386 poma
1515 4299 1596 4367 inde
1620 4299 1791 4385 colligant
1813 4317 1876 4385 per
1900 4297 2016 4365 omnis
2039 4314 2189 4383 annum,
2214 4301 2250 4364 et
2272 4295 2315 4363 de
2337 4311 2414 4362 om-

568 4457 629 4524 nis
651 4473 757 4543 poma
780 4461 816 4523 et
839 4457 960 4522 vinum
985 4451 1116 4520 exinde
1140 4452 1260 4539 ibique
1284 4451 1411 4520 inclita
1432 4451 1621 4520 medietate
1641 4449 1743 4517 nobis
1758 4450 1881 4535 deant,
1897 4454 1933 4518 et
1950 4449 2024 4518 alia
2040 4448 2229 4518 medietate
2246 4449 2329 4518 inde
2342 4449 2410 4516 sivi

565 4612 707 4697 abeant,
732 4609 931 4678 faciendum
955 4608 1047 4694 quod
1072 4606 1262 4692 buluerint,
1285 4610 1321 4673 et
1344 4624 1407 4690 per
1430 4603 1545 4670 omnis
1568 4621 1703 4672 annum
1727 4621 1793 4689 ego
1817 4603 2043 4689 supradictus
2074 4604 2268 4672 musandus
2292 4605 2409 4673 diaco

566 4784 649 4853 nus,
674 4767 728 4834 vel
753 4783 837 4853 pars
861 4762 974 4850 ipsius
998 4761 1157 4845 ecclesie,
1182 4760 1438 4846 adsingnemus
1454 4774 1576 4825 eorum
1594 4772 1792 4842 organeum
1808 4753 1856 4822 da
1870 4755 1993 4821 vinum
2017 4755 2064 4823 ad
2086 4753 2275 4823 cellarium
2295 4755 2410 4842 predi·

574 4927 629 4990 cte
654 4919 799 4990 ecclesie
823 4919 869 4987 da
892 4918 919 4985 li
942 4917 1067 5005 parili,
1094 4913 1152 4983 ubi
1177 4932 1261 5018 pars
1277 4915 1388 5002 ipsius
1402 4911 1549 4980 ecclesie
1572 4909 1688 4978 sancti
1713 4910 1861 4978 maximi
1885 4907 2074 4979 cellarium
2097 4911 2194 4996 abet,
2212 4909 2272 4977 ubi
2288 4915 2414 4996 posant

570 5081 645 5162 ipsa
667 5075 854 5143 medietate
876 5074 920 5143 de
944 5073 1020 5161 ipso
1043 5073 1180 5157 vinum,
1204 5071 1296 5158 quod
1320 5069 1366 5136 da
1391 5066 1461 5134 illis
1486 5067 1587 5134 nobis
1612 5065 1749 5133 benerit
1772 5065 1928 5150 mittere,
1953 5067 1988 5132 et
2011 5063 2082 5131 illis
2106 5083 2169 5151 per
2198 5064 2314 5132 omnis
2343 5085 2410 5134 au·

567 5247 655 5296 num
680 5245 875 5315 organeum
900 5225 1016 5313 ipsum
1040 5227 1171 5292 bonum
1195 5221 1372 5308 concient,
1389 5226 1424 5290 et
1444 5221 1579 5308 labent,
1602 5225 1639 5289 et
1655 5219 1827 5307 studient,
1851 5219 1944 5287 sicut
1968 5219 2152 5308 meruerit,
2176 5223 2213 5288 et
2236 5226 2413 5308 reponant

568 5385 648 5468 ipso
671 5397 870 5467 organeum
894 5377 993 5447 intus
1016 5377 1093 5464 ipso
1116 5373 1302 5444 cellarium
1331 5373 1374 5440 cle
1398 5373 1423 5439 li
1448 5374 1583 5460 pariti,
1611 5375 1669 5440 ubi
1692 5390 1756 5440 nos
1779 5391 1900 5440 eorum
1931 5374 2221 5444 mostraberimus
2235 5423 2245 5461 ,
2280 5380 2316 5444 et
2349 5393 2413 5461 per

567 5535 684 5603 omnis
708 5551 844 5602 annum
868 5531 944 5619 ipse
968 5530 1152 5602 mirandus
1175 5527 1226 5595 vel
1253 5527 1326 5595 suis
1349 5525 1472 5594 eredes
1495 5547 1576 5595 cum
1594 5545 1657 5594 suo
1673 5527 1839 5614 espcndio
1863 5533 2006 5614 portent
2031 5533 2141 5598 totum
2166 5531 2242 5618 ipso
2274 5529 2409 5618 vinum,

567 5689 658 5774 quod
682 5690 724 5756 dc
748 5687 822 5756 illis
845 5687 946 5754 nobis
969 5687 1007 5752 iu
1031 5691 1126 5751 sorte
1151 5679 1290 5749 benerit
1313 5699 1375 5767 per
1400 5701 1547 5769 annum,
1564 5685 1600 5749 ct
1617 5681 1762 5750 mittant
1785 5681 1867 5750 illut
1891 5683 1929 5750 in
1955 5682 2070 5770 ipsum
2093 5700 2290 5771 organeum
2313 5687 2409 5772 quod

569 5844 639 5910 illis
664 5839 920 5926 corrciaborint,
944 5843 982 5906 et
1005 5837 1178 5904 faciamus
1200 5833 1331 5902 exinde
1348 5835 1439 5919 quod
1457 5835 1685 5922 buluerimus3
1703 5835 1785 5902 etsi
1803 5853 1873 5904 non
1891 5833 2055 5906 subiiciet
2072 5854 2182 5904 unum
2197 5855 2413 5927 organeum,
