5422 7102
1013 558 1418 635 olPLOMA'llClls
2021 565 2091 640 235

289 785 392 874 pccia
419 785 462 853 dc
485 786 590 853 rebus
613 782 716 852 nobis
739 783 915 852 dederunt
937 787 973 852 et
996 783 1235 871 tradiderunt,
1260 790 1300 854 ut
1323 786 1448 857 amodo
1472 791 1508 855 et
1532 805 1645 874 usque
1669 787 1877 858 iamdictum
1901 793 2137 861 constitutum

290 935 493 1024 conpletum
517 939 638 1004 nostre
663 934 711 1003 sit
734 933 920 1022 potestatis
943 938 980 1004 et
1002 936 1045 1005 de
1067 935 1200 1004 nostris
1234 937 1505 1006 eredibusillos
1537 943 1660 1009 tenere
1695 945 1732 1010 et
1764 941 1977 1032 dominare,
2001 947 2038 1015 et
2062 945 2138 1032 ipse

292 1094 376 1164 nuci
400 1096 437 1162 et
459 1091 555 1161 mela
576 1090 728 1178 euitare,
751 1093 788 1157 et
811 1089 878 1177 ipsi
901 1089 1062 1158 castanei
1085 1092 1250 1160 ensetare
1272 1089 1486 1178 palumbuli,
1511 1093 1546 1159 et
1569 1090 1612 1160 de
1635 1096 1808 1179 quantum
1835 1113 1989 1165 vacuum
2010 1095 2141 1164 exinde

289 1215 359 1336 est,
381 1247 574 1316 debeamus
597 1243 783 1332 pastinare
806 1241 1027 1330 nucillitum,
1044 1245 1121 1312 uta
1139 1243 1337 1331 predictum
1354 1245 1586 1320 constitutum
1603 1246 1815 1334 completum
1839 1250 2009 1318 abeamus
2025 1251 2141 1336 ipsum

292 1404 530 1475 castanietum
552 1403 750 1470 ensetatum
773 1397 969 1492 palumbuli
994 1401 1031 1466 et
1054 1398 1182 1467 cultati
1205 1401 1241 1466 ct
1263 1397 1414 1466 studiati
1438 1397 1538 1486 voni,
1561 1398 1654 1470 sicut
1676 1399 1758 1468 voni
1782 1400 1983 1486 palumbuli
1999 1419 2139 1471 merue-

291 1557 354 1643 rit,
378 1559 415 1624 et
439 1555 514 1642 ipso
537 1572 689 1622 vacuum
713 1553 883 1622 abeamus
906 1549 1127 1638 pastinatum
1151 1548 1356 1620 nucillitum
1381 1568 1512 1619 vonum
1534 1556 1571 1621 et
1593 1553 1731 1640 prisum
1753 1557 1789 1622 et
1810 1553 2014 1641 cultatum,
2041 1555 2133 1623 sicut

291 1727 422 1779 vonum
447 1707 653 1776 nucillitum
676 1703 860 1792 meruerit,
884 1705 1019 1792 etipse
1042 1705 1127 1774 nuci
1149 1707 1186 1773 et
1209 1705 1287 1792 ipsa
1310 1705 1404 1774 mela
1427 1701 1596 1774 abeamus
1620 1705 1755 1776 cultata
1777 1723 1879 1788 vona,
1904 1709 1941 1774 et
1955 1705 2079 1774 amodo
2094 1713 2130 1779 et

291 1883 403 1952 usque
428 1861 636 1930 iamdictum
661 1858 894 1952 constitutum
918 1857 1128 1946 completum
1152 1859 1344 1928 debeamus
1367 1875 1431 1926 nos
1453 1861 1489 1926 et
1512 1858 1645 1926 nostris
1673 1857 1837 1928 eredibus
1871 1859 1940 1946 ipsi
1973 1862 2137 1931 castanei

293 2021 328 2087 et
351 2017 431 2103 ipsa
453 2032 557 2102 poma
580 2013 720 2083 salbum
744 2013 864 2082 facere
890 2011 986 2082 iusta
1007 2010 1168 2082 ordinem
1190 2015 1226 2080 et
1250 2009 1446 2098 colligere,
1469 2015 1505 2080 et
1527 2009 1630 2079 daret
1654 2011 1785 2081 exinde
1814 2031 1937 2080 eorum
1970 2017 2006 2083 el
2029 2013 2074 2083 ad
2099 2017 2144 2084 il·

294 2171 410 2237 lorum
434 2167 599 2236 eredibus
621 2165 875 2252 medietatem,
900 2164 1039 2250 reliqua
1062 2162 1287 2234 medietatem
1309 2165 1412 2232 nobis
1435 2166 1605 2233 abeamus
1624 2185 1635 2253 3
1659 2168 1696 2234 et
1719 2165 1762 2234 de
1795 2170 1969 2252 quantum
1999 2165 2134 2237 ibidem

292 2321 586 2406 laboraberimus,
610 2319 735 2388 damus
758 2315 889 2386 exinde
912 2335 1035 2386 eorum
1065 2321 1201 2386 terrem
1224 2317 1316 2403 quod
1340 2317 1384 2386 de
1405 2316 1528 2386 decem
1553 2319 1659 2387 sortis
1681 2335 1756 2388 uua
1783 2323 1913 2388 sortem
1937 2340 1960 2390 a
1982 2321 2143 2408 predicto

291 2478 483 2546 constituto
506 2477 716 2563 completum
740 2478 854 2544 totam
878 2473 956 2561 ipsa
979 2473 1080 2560 pccia
1102 2473 1145 2541 de
1162 2475 1267 2541 rebus
1281 2476 1370 2560 aput
1384 2473 1454 2559 ipsi
1469 2476 1506 2541 et
1521 2471 1597 2540 suis
1612 2473 1779 2544 eredibus
1796 2475 2043 2544 remittamus:
2062 2483 2142 2547 tan·

290 2636 367 2699 tum
383 2629 513 2699 exinde
552 2627 845 2714 exceptuabimus
869 2626 946 2712 ipsa
969 2625 1195 2711 labandara,
1219 2625 1312 2712 quod
1336 2642 1485 2694 comune
1509 2628 1619 2696 abere
1642 2626 1809 2697 debemus
1832 2644 1897 2696 nos
1938 2632 1974 2696 et
2008 2633 2143 2700 nostris

289 2782 454 2852 eredibus
484 2801 565 2850 cum
590 2779 658 2869 ipsi
681 2783 717 2849 et
739 2797 820 2848 cum
844 2777 987 2846 illorum
1003 2777 1180 2865 eredibus,
1196 2777 1259 2866 qui
1275 2781 1328 2846 est
1343 2781 1422 2866 ipsa
1439 2780 1639 2850 labandara
1655 2799 1718 2868 per
1735 2783 1919 2852 mensuria
1935 2783 1980 2852 ab
1996 2785 2141 2872 agirum

288 2937 385 3023 passi
404 2935 537 3022 decem,
555 2933 703 3022 proinde
719 2933 886 3001 debemus
909 2932 988 3018 ipsa
1003 2931 1105 3018 pecia
1121 2931 1164 2999 de
1180 2932 1286 3000 rebus
1300 2934 1486 3018 pastinare
1502 2938 1538 3002 et
1553 2934 1704 3022 culture,
1720 2936 1813 3004 sicut
1828 2936 2062 3026 prediximus,
2078 2957 2146 3025 pro

289 3089 381 3174 quod
404 3087 578 3158 dederunt
592 3087 696 3155 nobis
719 3103 793 3154 una
815 3085 917 3172 pecia
941 3086 984 3153 de
1006 3087 1113 3154 rebus
1128 3085 1250 3174 ibique
1266 3088 1452 3175 coniunta,
1470 3088 1565 3157 sicut
1581 3105 1657 3158 una
1671 3089 1812 3160 cartula
1828 3094 1951 3159 nostra
1967 3093 2144 3180 continet;¹

287 3247 548 3329 verumtamen,
571 3239 602 3308 si
626 3238 695 3326 ipsi
719 3237 870 3326 predicti
894 3242 1016 3325 petrus
1038 3237 1214 3324 presbiter
1237 3243 1273 3308 et
1297 3239 1471 3308 iohannes
1494 3240 1572 3326 ipsa
1588 3241 1761 3311 iamdicta
1777 3243 1880 3330 pecie
1893 3243 1936 3312 de
1953 3201 2059 3314 rebus
2076 3264 2144 3334 per

287 3394 459 3463 iamdicto
482 3393 565 3462 finis
588 3397 652 3461 aut
675 3393 817 3462 illorum
840 3389 1004 3460 eredibus
1019 3391 1187 3461 daturam
1203 3391 1360 3480 abuerit,
1375 3395 1427 3461 sic
1443 3397 1663 3481 statuerunt,
1683 3401 1723 3464 ut
1739 3395 1849 3464 nullis
1865 3397 2043 3466 ominibus
2061 3399 2142 3470 illut

289 3547 375 3617 dare
399 3547 527 3616 debere
550 3551 670 3634 preter
693 3545 795 3614 nobis
810 3547 847 3614 et
863 3545 908 3613 ad
925 3543 1057 3613 nostris
1073 3545 1239 3614 eredibus
1255 3545 1347 3614 iusto
1362 3567 1385 3616 a
1401 3563 1465 3614 nos
1480 3547 1695 3636 recipientes
1711 3551 1883 3637 pretium,
1900 3551 1995 3638 quod
2010 3533 2142 3639 adpre-s

288 3701 398 3770 tiatus
421 3701 530 3768 suerit
552 3719 614 3786 per
638 3697 942 3785 doctos'omines,
965 3699 1137 3767 facientes
1160 3717 1224 3768 nos
1247 3699 1339 3769 scire
1362 3719 1424 3787 per
1449 3702 1568 3770 tribus
1593 3704 1669 3772 dies
1699 3705 1796 3774 inter
1831 3705 2063 3774 constitutum
2094 3715 2132 3777 et

288 3852 523 3922 constitutum
545 3853 620 3921 dies
644 3851 839 3939 duodecim,
862 3869 930 3939 que
953 3852 1045 3919 fiunt
1066 3851 1220 3940 triginta
1242 3855 1278 3921 et
1301 3871 1383 3940 scx3
1408 3857 1643 3945 postmodum,
1667 3860 1699 3927 si
1723 3858 1944 3928 noluerimus
1976 3865 2039 3930 aut
2062 3881 2135 3932 non

288 4008 507 4093 potuerimus
531 4007 610 4076 illos
633 4023 778 4095 emere,
803 4007 1011 4094 potestatem
1044 4008 1176 4076 abeant
1210 4007 1278 4095 ipsi
1311 4001 1359 4075 et
1382 4008 1525 4075 illorum
1547 4009 1713 4078 eredibus
1741 4011 1830 4081 dare
1861 4013 1920 4080 cui
1953 4015 2134 4103 voluerit,

287 4161 365 4229 sine
387 4161 705 4232 contradictionem
728 4167 849 4234 nostra
870 4165 911 4268 et·
929 4161 972 4230 de
994 4161 1125 4231 nostris
1148 4161 1324 4247 eredibus,
1349 4165 1385 4230 et
1407 4163 1537 4232 amodo
1561 4167 1597 4230 et
1622 4181 1735 4249 usque
1762 4164 1978 4234 tamdictum
2009 4169 2143 4239 consti·

287 4319 404 4384 tutum
439 4316 641 4403 conpletum
665 4316 745 4385 illut
767 4315 870 4386 nobis
893 4335 964 4384 nou
987 4315 1132 4404 tollere,
1157 4333 1271 4405 neque
1294 4322 1490 4406 contrare,
1513 4336 1579 4388 nec
1602 4318 1741 4388 nullam
1766 4321 1917 4388 sortiam
1942 4322 2045 4389 nobis
2068 4323 2141 4392 ibi-

285 4468 365 4537 dem
387 4485 459 4537 non
482 4471 618 4540 faciant
639 4485 706 4540 uec
729 4471 811 4559 ipsi,
834 4487 900 4538 uec
925 4469 1065 4538 illorum
1088 4469 1280 4548 eredibus,
1305 4489 1371 4540 nec
1396 4488 1473 4538 omo
1496 4489 1561 4558 pro
1585 4470 1730 4540 illorum
1753 4473 1919 4560 partibus
1939 4524 1950 4562 ,
1973 4479 2009 4545 et
2024 4455 2135 4547 'iusta

286 4621 402 4712 legem
426 4579 505 4691 illos
528 4623 629 4692 nobis
651 4623 699 4693 da
721 4641 842 4692 omnes
865 4625 1000 4692 omines
1022 4623 1217 4693 defensare:
1235 4623 1279 4690 de
1295 4621 1419 4691 taliter
1442 4624 1546 4692 nobis
1568 4623 1767 4711 conplenda
1782 4625 1905 4695 omnia
1921 4626 1960 4694 in
1976 4627 2055 4714 ipso
2072 4647 2138 4696 or·

285 4777 433 4864 dinem,
457 4778 549 4846 sicut
571 4779 735 4865 superius
758 4769 918 4866 legitur,
941 4793 1036 4846 vona
1059 4794 1181 4845 eorum
1203 4774 1423 4845 voluntatem
1445 4775 1581 4864 guadia
1606 4775 1709 4846 nobis
1740 4777 1918 4848 dederunt
1938 4783 1974 4848 et
1998 4781 2140 4850 media-

287 4935 381 4998 tores
403 4935 598 5018 posuerunt
619 4949 656 4999 se
681 4930 748 5018 ipsi
774 4948 814 4998 oc
838 4931 1004 5001 tinorem.
1029 4929 1180 5006 Quodsi
1203 4946 1243 4996 ec
1266 4927 1400 5014 omnia,
1424 4927 1518 4994 sicut
1540 4931 1703 5013 superius
1727 4925 1873 5016 legitur,
1898 4930 1968 5019 ipsi
1995 4936 2032 5001 et
2055 4935 2137 5004 illo·

286 5103 368 5151 rum
392 5084 557 5153 eredibus
579 5085 682 5152 nobis
705 5089 741 5153 et
764 5083 809 5153 ad
831 5083 963 5150 nostris
985 5081 1149 5150 eredibus
1172 5098 1244 5148 non
1268 5043 1537 5170 adinpleberit,
1565 5087 1629 5151 aut
1652 5083 1683 5150 si
1707 5086 1894 5160 retornare
1928 5090 1992 5156 aut
2024 5106 2141 5157 remo·

287 5240 369 5308 bere
393 5238 596 5326 quesierit,
631 5236 764 5324 biginti
792 5237 892 5304 aurei
915 5234 1018 5305 solidi
1040 5235 1261 5306 constantini
1283 5235 1385 5304 nobis
1408 5253 1619 5324 componere
1643 5237 1922 5328 obligaberunt,
1946 5245 1983 5309 et
2004 5247 2135 5314 cuncta

286 5409 354 5478 que
376 5391 575 5480 prelegitur
602 5389 761 5477 conplire
790 5389 891 5477 nobis
914 5405 978 5474 per
1001 5387 1125 5456 inbitis
1147 5405 1210 5476 per
1233 5389 1442 5477 supradicta
1464 5387 1617 5480 guadia,
1640 5397 1676 5462 et
1707 5411 1745 5462 sc
1770 5393 1839 5482 ipsi
1862 5394 2075 5463 mediatores
2099 5399 2135 5464 et

285 5565 379 5632 pena
402 5547 572 5634 obligate.
596 5547 642 5611 Et
663 5543 739 5633 Ego
762 5541 906 5630 guelfus
928 5539 1269 5612 archisubdiaconus
1292 5548 1328 5612 et
1351 5548 1513 5616 notarius
1535 5565 1582 5616 oc
1600 5549 1708 5617 brebe
1731 5547 1874 5636 scripsit
1897 5553 1933 5618 et
1956 5547 2135 5618 interfuit.

330 5671 470 5786 †seo
493 5697 633 5767 ricco

333 5827 363 5942 †
388 5855 462 5942 Ego
487 5853 647 5924 ioannes.
