5306 7140
81 5983 104 6184 l

55 6191 90 6364 l

988 513 1398 587 lllPLOMATlCUS
2028 513 2073 586 57

266 735 376 806 clesie
399 735 502 806 nobis
523 755 596 808 non
620 739 867 828 adimpleberit
889 746 925 809 61
949 740 1080 829 aliquit
1103 743 1186 814 inde
1208 741 1498 831 contradixerit,
1533 760 1596 830 per
1630 740 1709 830 ipsa
1743 740 1877 830 guadia
1908 759 2121 831 componere

268 887 446 980 obligavit
478 911 515 961 66
542 892 618 980 1666
645 894 756 963 abbas
778 895 905 982 suique
928 897 1190 964 successoribus
1213 901 1249 965 et
1272 915 1356 984 pars
1379 895 1490 984 ipsius
1512 893 1659 966 ecclesie
1683 895 1773 964 milri
1798 895 1977 964 nominati
2002 895 2118 986 angili

269 1049 306 1112 et
330 1043 376 1112 ad
400 1045 488 1112 meis
512 1047 703 1115 heredibus
726 1047 858 1136 biginti
882 1049 961 1116 auri
985 1047 1088 1116 solidi
1114 1049 1320 1118 costantini.
1344 1051 1603 1118 Verumtamen
1627 1052 1663 1118 et
1688 1049 1802 1118 licead
1833 1049 1931 1116 omni
1964 1051 2121 1136 tempore

269 1219 353 1286 pars
376 1201 490 1289 ipsius
513 1203 660 1272 ecclesie
684 1203 801 1272 fodere
825 1223 887 1290 per
911 1221 982 1271 nno
1005 1203 1092 1290 loce,
1116 1203 1211 1272 unde
1234 1207 1358 1291 aptum
1381 1206 1556 1293 paruerit,
1581 1225 1643 1293 per
1667 1207 1746 1293 ipsa
1767 1205 1964 1275 traditione
1980 1204 2023 1273 de
2039 1205 2116 1292 ipso

273 1359 461 1424 arbustum
486 1374 549 1443 pro
573 1356 759 1426 arcaturia
781 1356 824 1424 de
847 1356 1019 1424 molinum
1042 1360 1078 1426 et
1101 1376 1197 1444 aqua
1222 1358 1305 1426 inde
1327 1361 1529 1428 ammittere
1553 1361 1598 1429 ad
1622 1361 1738 1447 ipsum
1763 1359 1949 1448 molinum,
1973 1363 2010 1426 et
2032 1356 2119 1428 ada-

271 1528 383 1596 quare
414 1514 536 1578 ortora
571 1529 640 1596 que
678 1511 773 1580 sacta
796 1512 906 1580 suerit
934 1509 979 1580 ad
1003 1510 1080 1598 ipso
1103 1511 1285 1578 olibetum.
1310 1512 1407 1588 Quod
1431 1513 1558 1600 scripsi
1582 1531 1647 1601 ego
1671 1512 1899 1600 supradictus
1922 1487 2119 1598 myrand‘us

271 1665 445 1734 notarius.

319 1790 350 1907 †
375 1821 450 1907 ligo
473 1819 535 1906 qui
560 1838 670 1908 supra
694 1820 787 1890 maio
810 1820 986 1905 presbiter
1010 1823 1045 1887 et
1067 1822 1177 1889 abbas

316 1943 348 2060 †
372 1973 448 2060 Ego
471 1977 594 2061 petrus
616 1974 793 2061 presbiter
816 1979 851 2043 et
874 1973 1099 2062 primicerius

316 2097 348 2214 †
375 2127 451 2214 Ego
474 2127 631 2196 friderisi
655 2128 830 2215 presbiter

318 2250 350 2368 †
375 2281 451 2368 Ego
474 2280 633 2350 ademari
658 2281 824 2380 notarius
848 2300 903 2348 me
927 2280 1119 2369 subscripsi

315 2407 346 2523 †
371 2436 447 2522 Ego
470 2433 661 2503 radoaldus
684 2451 740 2500 me
764 2433 968 2520 subscripsi.

1003 2681 1408 2694 ———..-...-........

1063 2965 1340 3047 DCCXLI.

1048 3219 1103 3296 Α.
1131 3217 1182 3303 Ι).
1208 3217 1339 3300 1022.

318 3463 355 3603 †
379 3514 419 3581 ln
443 3513 588 3580 nomine
611 3511 745 3579 domini
761 3530 856 3584 anno
871 3515 1052 3584 tricesimo
1075 3517 1203 3601 quarto
1223 3513 1445 3601 principatus
1461 3513 1582 3582 domni
1598 3515 1712 3583 nostri
1729 3515 1925 3603 guaimari,
1943 3520 1979 3585 et
1995 3521 2126 3604 quarto

275 3687 371 3737 anno
393 3667 619 3756 principatus
641 3666 762 3741 domni
785 3667 966 3756 guaimari
991 3667 1068 3735 eius
1091 3665 1194 3754 lilio,
1219 3665 1364 3753 gloriosi
1387 3666 1625 3754 principibus,
1649 3685 1769 3736 mense
1793 3673 1968 3762 agustus,
1994 3669 2122 3756 quinta

277 3821 481 3890 indictione.
507 3824 799 3892 memoratorium
823 3823 957 3889 sactum
980 3839 1003 3888 a
1027 3821 1129 3887 nobis
1152 3820 1258 3888 bocco
1274 3820 1349 3887 fllio
1364 3821 1543 3907 quondam
1567 3823 1717 3890 iohanni
1735 3826 1770 3891 et
1785 3827 1907 3910 petrus
1922 3821 1997 3890 filio
2013 3840 2127 3910 quon-

276 3975 356 4044 dam
382 3973 622 4066 oonstantini,
647 3977 708 4064 qui
741 3992 863 4042 sumus
887 3973 1082 4060 congusti,
1115 3993 1156 4042 eo
1187 3974 1279 4060 quod
1309 3979 1393 4044 ante
1416 3975 1606 4062 subscripti
1632 3979 1764 4063 166166,
1796 3978 1916 4044 tamen
1939 3994 2006 4064 ego
2036 3978 2126 4046 iam-

274 4128 390 4196 dictus
412 4125 536 4215 petrus
558 4131 636 4200 vioe
660 4150 739 4199 mea
762 4132 799 4198 et
822 4128 899 4197 vioe
923 4145 1062 4215 gemme
1086 4145 1177 4196 uxor
1200 4147 1281 4196 mea
1303 4127 1381 4196 fllia
1404 4127 1601 4216 supradicti
1625 4129 1778 4198 iohanni
1800 4129 2045 4198 coniunsimus
2061 4146 2128 4200 nos

272 4302 351 4351 cum
374 4292 500 4376 petrus
524 4284 676 4354 clericus
698 4282 794 4350 filius
818 4282 997 4369 quondam
1021 4280 1127 4368 petri.
1145 4278 1207 4350 llle
1232 4284 1351 4350 autem
1375 4282 1523 4350 admisit
1547 4285 1588 4351 et
1612 4281 1710 4352 dedit
1734 4282 1777 4352 de
1799 4287 1898 4352 terra
1915 4301 1981 4352 sua
1996 4284 2127 4354 baciba

272 4435 439 4514 deintus
469 4441 564 4507 banc
587 4435 846 4506 salernitanam
869 4433 1027 4521 cibitate,
1050 4434 1097 4505 ad
1121 4437 1240 4502 ortum
1264 4453 1461 4524 mangnum
1486 4435 1531 4505 de
1558 4435 1710 4504 latitudo
1733 4436 1916 4506 semmisse
1939 4452 2065 4525 unum,
2087 4441 2125 4506 et

271 4561 341 4662 nos
365 4593 539 4679 amboque
563 4591 709 4678 congati
733 4587 943 4659 admisimus
966 4592 1002 4656 et
1024 4586 1185 4656 dedimus
1209 4588 1252 4658 de
1275 4593 1375 4660 terra
1398 4594 1524 4661 nostra
1546 4589 1675 4660 baciba
1699 4589 1742 4658 de
1766 4589 2049 4682 intuspredicta
2072 4592 2126 4658 ci·

275 4752 388 4820 bitate
414 4749 536 4834 ibique
559 4719 770 4814 coniuratum
795 4744 837 4812 de
862 4741 1014 4812 latitudo
1037 4740 1212 4810 semmissi
1235 4746 1321 4830 tres,
1346 4741 1391 4812 ad
1414 4743 1508 4811 iusto
1530 4742 1656 4830 pedem
1678 4761 1826 4812 manum
1849 4743 1985 4812 homini
2007 4747 2122 4813 totum

273 4905 343 4974 suit
365 4905 638 4987 mensuratum3
663 4903 699 4969 et
722 4899 871 4968 fecimus
894 4898 979 4966 duos
1002 4896 1108 4984 pedes
1130 4895 1173 4964 de
1197 4893 1348 4964 latitudo
1372 4897 1408 4963 et
1430 4913 1493 4981 per
1518 4895 1701 4983 longitudo
1724 4895 1766 4964 de
1790 4894 1979 4965 handitum
2002 4914 2125 4966 comu-

272 5077 319 5126 ne
343 5059 405 5144 qui
429 5061 482 5126 est
504 5075 527 5125 a
549 5074 633 5143 pars
656 5053 816 5141 meridie,
841 5057 877 5121 et
900 5070 1011 5138 usque
1034 5049 1200 5118 streotola
1223 5065 1409 5116 commune
1433 5047 1496 5134 qui
1518 5052 1572 5116 661
1595 5067 1618 5114 a
1641 5047 1804 5135 partibus
1828 5049 2124 5135 septemtrionis,

274 5219 312 5283 in
336 5213 402 5285 tali
429 5213 553 5281 ordine
586 5216 706 5298 partes
729 5209 889 5296 partium
913 5209 991 5294 ipsa
1015 5212 1113 5276 terra
1136 5205 1230 5273 inter
1254 5223 1318 5274 nos
1341 5204 1579 5292 admisimus,
1605 5207 1643 5270 ut
1668 5205 1744 5290 ipse
1766 5210 1888 5291 petrus
1912 5204 2063 5273 clericus
2086 5211 2123 5276 et

271 5387 355 5436 suos
388 5367 509 5435 eredes
544 5366 588 5436 ad
619 5366 735 5433 omnis
757 5382 860 5430 suum
885 5361 1090 5448 espendium
1115 5361 1300 5440 mitterent
1324 5363 1360 5427 et
1383 5358 1563 5428 fabricare
1586 5360 1625 5426 in
1651 5362 1755 5428 ambo
1779 5359 1847 5446 ipsi
1870 5359 1951 5447 pedi
1974 5360 2018 5430 de
2042 5360 2121 5448 ipsa

276 5527 377 5590 terra
393 5539 457 5607 per
472 5518 623 5589 latitudo
645 5519 819 5605 parietem
843 5533 974 5604 vonum
989 5514 1033 5584 ad
1050 5517 1148 5600 petre
1172 5516 1208 5580 et
1230 5511 1377 5582 calceet
1400 5511 1539 5599 pumice
1555 5528 1699 5599 vonum,
1716 5513 1809 5580 siout
1832 5512 2016 5600 meruerit,
2040 5532 2122 5582 cum

277 5674 551 5744 tundamentum
575 5690 651 5760 suo,
676 5669 768 5739 siout
792 5671 977 5757 meruerit,
1001 5670 1043 5737 de
1068 5668 1218 5738 latitudo
1241 5667 1414 5773 parietem
1439 5669 1554 5756 ipsum
1577 5667 1683 5754 pedes
1706 5667 1776 5736 duo
1798 5671 1835 5736 et
1857 5685 1920 5756 per
1936 5667 2123 5756 longitudo

277 5831 325 5899 da
350 5831 427 5917 ipso
452 5828 617 5900 anditum
642 5843 791 5895 comune
815 5831 849 5894 et
873 5843 985 5912 usque
1010 5824 1088 5910 ipsa
1111 5822 1278 5894 streotola
1301 5841 1450 5892 comune
1473 5823 1535 5908 qui
1558 5829 1639 5910 est,
1664 5822 1756 5891 sicut
1778 5822 1965 5909 diximus,
1993 5841 2016 5890 a
2037 5840 2123 5910 pars

1915 5975 1930 6030 o
