5466 7106
610 535 679 608 170
1200 579 1204 596 ι
1251 539 1429 609 cousi
1472 533 1737 608 cll'sn'sis

560 760 750 832 venientia
774 761 948 852 obligavit
971 780 1009 832 se
1032 763 1108 850 ipse
1131 761 1225 831 maio
1248 763 1360 833 abbas
1381 767 1418 830 et
1441 777 1660 831 successores
1682 777 1763 828 suos
1784 758 1909 831 amodo
1930 763 1966 828 et
1989 777 2127 847 semper
2149 757 2407 830 defensandum

556 915 669 1003 ipsius
692 916 848 1004 iaquinti
873 917 929 985 vel
953 916 999 986 ad
1022 915 1099 984 eius
1122 915 1244 986 eredes
1267 916 1346 1003 ipsa
1370 920 1501 1003 quarta
1521 915 1564 985 de
1580 915 1741 1004 predicta
1764 919 1880 1002 curte,
1904 913 1998 1001 quod
2021 912 2186 1000 superius
2201 912 2236 982 ei
2254 911 2404 982 tradidi·

555 1086 648 1158 mus,
673 1089 755 1138 cum
778 1071 854 1141 vice
877 1070 920 1139 de
944 1070 1003 1138 via
1025 1089 1091 1140 sua
1105 1070 1287 1140 da'omues
1304 1071 1465 1138 homines
1489 1069 1655 1156 omnique
1679 1067 1853 1158 partibus:
1879 1069 2012 1154 preter,
2036 1066 2142 1154 quale
2165 1071 2323 1156 tempore
2348 1084 2408 1132 su-

556 1221 724 1308 pradicta
745 1220 939 1292 traditione
965 1223 1003 1289 in
1028 1221 1198 1291 iamdicto
1221 1220 1346 1289 ordine
1370 1221 1493 1289 tenere
1524 1225 1560 1290 et
1583 1219 1747 1290 laborare
1778 1237 1850 1286 non
1874 1219 2078 1307 boluerint,
2103 1220 2263 1288 autnon
2286 1221 2409 1305 potue-

557 1373 651 1454 rint,
676 1380 762 1444 tunc
786 1377 862 1463 ipse
886 1375 1069 1462 iaquintus
1094 1376 1149 1444 vel
1173 1377 1250 1445 eius
1273 1376 1396 1445 eredes
1419 1380 1495 1445 tota
1511 1380 1547 1444 et
1567 1373 1696 1442 inclita
1719 1373 1928 1460 supradicta
1951 1372 2145 1442 traditione
2168 1372 2344 1460 laborata,
2370 1377 2405 1438 ct

557 1529 718 1613 operata,
741 1529 777 1594 et
800 1525 949 1612 cultata,
973 1531 1009 1594 et
1032 1527 1132 1596 clusa
1155 1525 1195 1594 in
1211 1526 1416 1596 iamdictam
1431 1527 1607 1595 rationem
1625 1527 1812 1596 remittant
1827 1528 1873 1596 ad
1888 1530 2095 1614 potestatem
2113 1526 2225 1613 ipsius
2239 1525 2410 1612 ecclesie,

556 1680 602 1749 ad
625 1679 825 1750 laciendum
847 1681 941 1768 quod
964 1681 1130 1767 boluerit,
1155 1686 1190 1750 et
1214 1681 1287 1768 ipse
1311 1681 1496 1768 iaquintus
1521 1681 1576 1749 vel
1599 1682 1677 1751 eius
1700 1682 1822 1750 eredes
1846 1679 1954 1749 liceat
1971 1679 2054 1748 inde
2070 1681 2171 1750 exire
2194 1701 2277 1784 cum
2293 1699 2403 1750 causa
2525 1706 2533 1725 κ

556 1853 623 1906 sua
646 1834 806 1922 movilia,
832 1835 977 1922 iterum,
1001 1839 1037 1904 et
1060 1835 1090 1904 si
1107 1835 1215 1906 talem
1230 1835 1354 1904 fecerit
1370 1833 1634 1921 culpam,unde
1650 1834 1807 1902 cecidere
1831 1834 1995 1920 debeant,
2020 1838 2084 1903 aut
2106 1835 2136 1902 si
2161 1833 2289 1904 dehac
2307 1837 2407 1904 terra

553 1982 725 2071 exierint,
750 1990 943 2074 autequam
967 1988 1045 2075 ipsa
1070 1987 1262 2057 traditione
1278 1987 1478 2075 remittant,
1494 1985 1658 2055 similiter
1675 1991 1751 2057 tota
1770 1988 1848 2075 ipsa
1872 1988 2066 2056 traditione
2090 1990 2129 2056 iu
2154 1989 2322 2060 iamdicto
2352 2009 2410 2056 or-

553 2137 638 2205 dine
661 2139 823 2209 laborata
846 2145 881 2209 et
904 2142 1041 2211 cultata
1065 2144 1268 2213 rebertatur
1285 2143 1330 2211 ad
1347 2147 1519 2228 potestate
1544 2143 1659 2230 ipsius
1682 2142 1845 2225 ecclesie,
1870 2141 1916 2209 ad
1939 2141 2143 2209 faciendum
2167 2141 2260 2229 quod
2285 2141 2408 2210 bolue-

556 2289 620 2359 rit.
646 2293 745 2362 Unde
768 2295 807 2362 in
832 2313 873 2364 eo
896 2295 1048 2366 hordine
1071 2315 1133 2382 per
1157 2297 1420 2364 cumvenientia
1443 2295 1578 2382 guadia
1603 2261 1706 2364 nobis
1731 2295 1807 2384 ipse
1834 2296 2019 2382 iaquintus
2054 2296 2151 2363 dedit
2177 2300 2214 2364 et
2237 2295 2413 2368 mediato-

562 2464 640 2514 rem
664 2447 767 2514 nobis
790 2449 908 2535 posuit
932 2450 1006 2535 ipse
1029 2449 1214 2536 iaquintus
1237 2469 1275 2528 so
1298 2451 1426 2536 ipsum3
1452 2455 1489 2518 et
1512 2467 1575 2538 per
1600 2451 1677 2538 ipsa
1700 2452 1836 2539 guadia
1858 2452 2032 2540 obligavit
2061 2470 2098 2520 se
2122 2453 2197 2539 ipse
2220 2449 2409 2538 iaquintus

557 2606 593 2671 et
616 2621 697 2670 suos
720 2603 856 2690 eredes,
882 2611 921 2672 ut
943 2605 971 2672 si
998 2579 1128 2692 aliquit
1150 2606 1193 2673 de
1216 2605 1461 2693 suprascripta
1489 2605 1778 2674 contradixerint
1800 2605 1854 2673 vel
1880 2623 2059 2673 removere
2082 2601 2289 2692 bolueriut,
2313 2623 2412 2672 corn·

556 2775 686 2844 ponere
709 2759 884 2848 obligavit
906 2779 944 2828 se
968 2761 1042 2847 ipse
1067 2760 1253 2847 iaquintus
1270 2765 1305 2829 et
1321 2779 1404 2828 suos
1420 2759 1542 2828 credes
1566 2759 1681 2845 nobie,
1706 2757 1759 2828 vel
1783 2758 1896 2846 ipsius
1919 2758 2057 2846 abbati,
2081 2764 2144 2827 aut
2165 2761 2209 2828 ab
2225 2777 2411 2829 successo-

562 2932 620 2983 res
645 2913 755 3001 illius,
781 2917 835 2984 vel
859 2915 898 2983 in
922 2935 1005 3004 pars
1028 2917 1141 3003 ipsius
1163 2915 1310 2985 ecclesie
1326 2914 1459 3002 bigiuti
1475 2897 1556 2982 auri
1574 2913 1676 2982 solidi
1699 2913 1934 2982 constantini.
1953 2915 1997 2983 Et
2014 2931 2077 3000 pro
2101 2913 2229 3000 quibus
2253 2914 2329 3001 ipse
2359 2916 2412 2982 ia-

556 3068 706 3153 quintus
729 3067 960 3137 mediatorem
984 3067 1101 3154 posuit
1124 3087 1161 3135 se
1185 3067 1315 3155 ipsum,
1332 3086 1395 3154 per
1419 3067 1671 3136 convenientia
1694 3068 1859 3153 apposuit
1881 3071 1917 3136 et
1938 3065 2113 3155 obligavit
2136 3085 2174 3136 se
2197 3073 2233 3137 et
2259 3085 2344 3136 suos
2370 3068 2412 3134 fi-

560 3216 626 3286 lios
649 3223 685 3287 et
708 3219 830 3288 eredes
852 3218 1160 3306 appignerandum
1184 3218 1285 3286 nobis
1308 3222 1343 3287 et
1367 3239 1388 3288 a
1411 3236 1495 3304 pars
1519 3217 1631 3305 ipsius
1654 3219 1800 3288 ecclesie
1822 3221 1936 3289 omnis
1960 3222 2065 3288 rebus
2089 3224 2125 3287 et
2148 3238 2294 3289 causam
2325 3219 2408 3287 illo-

559 3390 656 3458 rum,
679 3373 772 3458 quod
795 3373 956 3460 legitimo
976 3380 1011 3442 et
1036 3373 1235 3462 inlegitimo
1258 3378 1312 3442 est
1335 3374 1380 3443 ad
1402 3372 1705 3461 pinguerandum.
1731 3375 1774 3442 Et
1798 3375 1893 3442 hunc
1917 3374 2062 3460 brebem
2084 3375 2211 3460 scripsi
2235 3391 2302 3462 ego
2327 3375 2414 3444 adc-

558 3527 651 3596 mari
676 3527 853 3595 notarius.

606 3653 636 3769 †
662 3681 738 3768 Ego
762 3681 922 3751 ademari
948 3684 1109 3754 notarius
1131 3701 1187 3750 me
1210 3687 1405 3773 subscripsi

603 3807 633 3924 †
661 3838 738 3923 Ego
765 3836 939 3906 iohannes
962 3840 1127 3908 notarius
1150 3858 1205 3908 me
1229 3839 1435 3926 subscripsi.

1293 4093 1664 4104 —...—-—--—-—-

1336 4355 1632 4440 DGCGXII.

1341 4619 1396 4695 A.
1424 4617 1474 4694 D.
1504 4613 1631 4702 1029.

615 4853 716 4994 †ln
740 4908 886 4977 nomine
909 4907 1043 4978 domini
1071 4909 1258 4979 undecimo
1284 4926 1380 4978 anno
1407 4908 1632 4996 principatus
1666 4904 1785 4974 domni
1815 4904 1930 4976 nostri
1964 4904 2160 4993 guaimarii
2194 4903 2262 4972 filii
2294 4904 2416 4973 domni

564 5060 775 5148 guaimarii,
789 5064 933 5150 gloriosi
949 5063 1185 5152 principibus,
1202 5081 1321 5132 mense
1338 5063 1554 5150 februarius
1568 5063 1775 5134 duodecima
1791 5063 1997 5133 indictione.
2011 5061 2301 5132 Memoratorium
2315 5059 2415 5130 iactu

440 5216 448 5232 ‘
564 5233 587 5282 a
611 5216 713 5284 uobis
736 5214 922 5302 iaquintus
946 5219 982 5286 et
1007 5217 1113 5287 laudo
1136 5222 1172 5286 et
1195 5216 1300 5286 disiio
1323 5215 1530 5304 comitibuS,
1553 5218 1719 5302 germani
1743 5215 1808 5282 lilii
1831 5207 2010 5302 quondam
2043 5213 2153 5302 disigi
2189 5214 2341 5301 comiti,
2372 5230 2414 5280 eo

563 5367 659 5455 quod
682 5372 767 5438 ante
791 5368 985 5456 subscripti
1010 5374 1117 5440 testes
1139 5369 1353 5440 tradidimus
1381 5369 1469 5437 lusci
1494 5367 1683 5456 presbiteri
1708 5366 1781 5434 lilio
1804 5367 1921 5450 (decet
1944 5369 2095 5450 umueu)
2118 5365 2269 5437 ecclesia
2292 5370 2417 5435 nostra

562 5520 739 5588 bocabulu
762 5522 890 5590 sancta
914 5519 1029 5589 marie
1053 5525 1088 5589 et
1111 5521 1227 5590 sancti
1252 5517 1397 5606 nicolai,
1420 5539 1489 5606 que
1523 5537 1586 5588 nos
1619 5519 1777 5590 iamdicti
1806 5519 1971 5608 germani
1996 5518 2145 5589 ecclesia
2171 5521 2253 5607 ipsa
2275 5538 2297 5588 a
2320 5521 2412 5586 nobo

561 5671 770 5743 fundamine
795 5672 1089 5742 construnximus
1112 5673 1149 5740 in
1173 5674 1278 5741 rebus
1301 5677 1423 5743 nostra
1446 5672 1511 5743 illa
1534 5692 1616 5761 pars
1640 5678 1675 5743 et
1697 5673 1896 5762 propinquo
1922 5671 2029 5740 flubio
2051 5671 2165 5759 siler,
2189 5673 2253 5741 ubi
2288 5671 2414 5761 propio

560 5821 605 5890 ad
629 5823 871 5894 marcatellum
895 5824 1043 5912 dicitur,
1068 5824 1131 5912 qui
1153 5827 1207 5895 est
1233 5822 1329 5893 inira
1352 5826 1418 5892 hec
1441 5823 1536 5894 finis:
1563 5823 1749 5896 ameridie
1774 5825 1845 5894 fine
1870 5825 1976 5894 litore
2000 5824 2126 5912 maris,
2149 5828 2184 5894 et
2200 5825 2243 5894 de
2267 5823 2339 5896 alie
2366 5843 2416 5894 ex
