5466 7106
1263 549 1436 624 CODEX
1479 550 1741 628 OAVENSIS

1347 976 1648 1060 DCCLXV.

1352 1235 1406 1312 A.
1435 1231 1485 1310 D.
1514 1229 1644 1310 1025.

623 1469 723 1609 †1n
747 1522 891 1589 nomine
915 1522 1049 1590 domini
1075 1523 1254 1592 tricesimo
1276 1524 1427 1610 septimo
1461 1541 1556 1593 anno
1590 1522 1813 1610 principatus
1850 1522 1969 1591 domni
2007 1522 2120 1591 nostri
2157 1521 2368 1608 guaimari,
2392 1524 2430 1590 et

576 1673 725 1759 septimo
750 1691 846 1741 anno
869 1673 991 1741 domni
1014 1675 1197 1762 guaimari
1221 1675 1297 1743 eius
1319 1675 1400 1762 lilii,
1425 1673 1570 1762 gloriosi
1595 1673 1844 1761 principibus,
1869 1690 1988 1742 mense
2019 1671 2166 1759 aprelis,
2190 1671 2344 1738 hoctaba
2367 1670 2423 1738 in-

575 1825 744 1895 dictione.
778 1829 1066 1898 Memoratorium
1090 1831 1186 1898 sactu
1217 1851 1239 1899 a
1269 1849 1325 1898 me
1348 1830 1523 1898 iohannes
1547 1828 1619 1896 filio
1642 1827 1774 1897 stefani
1798 1826 1991 1912 cathenae,
2016 1843 2056 1893 eo
2092 1825 2185 1912 quod
2220 1828 2305 1894 ante
2341 1827 2426 1893 sub·

575 1983 701 2070 scripti
726 1983 864 2052 idoneis
888 1985 1092 2054 hominibus
1114 1986 1305 2053 coniuntus
1339 2003 1416 2052 sum
1453 2003 1533 2054 cum
1557 1983 1651 2053 maio
1675 1985 1786 2053 abbas
1810 1983 1960 2051 ecclesia
1984 1982 2101 2049 sancti
2133 1980 2314 2068 maximi,
2339 1998 2426 2068 quo-

575 2138 681 2206 niam
707 2143 792 2208 ante
816 2157 854 2205 os
878 2157 991 2209 annos
1014 2140 1110 2208 dedit
1132 2141 1221 2208 mihi
1237 2145 1274 2208 et
1289 2140 1477 2228 grimoaldi
1500 2139 1573 2208 filio
1596 2139 1727 2208 stefani
1746 2137 1885 2205 comitis
1901 2136 2026 2205 inclita
2043 2137 2232 2205 medietate
2248 2137 2291 2204 de
2306 2139 2422 2224 curte,

574 2290 667 2377 quod
692 2309 776 2377 pars
800 2291 913 2377 ipsius
936 2291 1083 2359 ecclesie
1107 2293 1189 2360 abet
1211 2291 1382 2358 inlocum
1401 2310 1527 2380 angre,
1552 2292 1613 2359 ubi
1638 2311 1720 2361 casa
1744 2290 1899 2362 amabile
1915 2291 2061 2378 dicitur,
2079 2290 2141 2376 qui
2157 2293 2210 2358 est
2226 2292 2326 2357 terra
2342 2308 2422 2358 cum

577 2444 733 2512 arbustis
757 2447 881 2513 bitatis
904 2449 940 2512 et
964 2447 1115 2513 bacuum
1142 2463 1212 2512 uno
1235 2445 1431 2514 tenienlem
1454 2445 1551 2514 inira
1574 2463 1614 2512 66
1637 2443 1721 2511 linis
1745 2447 1782 2511 61
1805 2461 2003 2512 mensuras:
2022 2463 2052 2516 a,
2068 2461 2151 2530 pars
2175 2443 2325 2510 orientis
2348 2442 2420 2510 fine

578 2596 691 2683 ipsius
715 2599 882 2687 ecclesie,
907 2599 1000 2667 unde
1023 2601 1082 2668 via
1104 2599 1172 2667 suit
1185 2649 1196 2687 ,
1220 2599 1303 2667 inde
1327 2598 1421 2687 passi
1446 2601 1589 2666 centum
1613 2597 1815 2684 nonaginta
1838 2600 1991 2684 quatuor
2013 2615 2126 2683 usque
2149 2595 2210 2664 bia
2233 2596 2294 2683 qui
2320 2593 2421 2662 modo

579 2768 615 2816 se
639 2749 776 2838 andat,
800 2755 836 2818 et
858 2770 920 2837 per
944 2750 1022 2837 ipsa
1045 2749 1105 2820 bia
1127 2751 1296 2820 habiente
1320 2751 1358 2820 in
1382 2769 1466 2836 pars
1489 2749 1637 2816 meridie
1661 2767 1770 2836 usque
1795 2750 1873 2836 ipsa
1897 2749 1972 2818 alia
1994 2749 2055 2817 bia
2080 2747 2224 2835 plubica
2255 2747 2418 2835 maiore,

579 2905 665 2970 sunt
689 2901 771 2970 inde
794 2903 888 2990 passi
913 2903 1156 2991 quadraginta
1180 2903 1350 2989 quinque:
1375 2923 1397 2970 a
1420 2921 1503 2989 pars
1527 2903 1675 2970 meridie
1698 2902 1768 2971 fine
1793 2901 1869 2989 ipsa
1892 2903 1952 2972 bia
1968 2902 2112 2988 plubioa
2128 2900 2264 2969 maiore
2287 2899 2349 2986 qui
2367 2899 2420 2968 di-

575 3054 672 3123 citur
697 3056 883 3143 stabiana,
916 3059 1001 3124 sunt
1024 3055 1106 3124 inde
1130 3056 1224 3142 passi
1249 3061 1391 3124 centum
1414 3054 1701 3142 quatuordecim:
1726 3075 1749 3123 a
1773 3057 1872 3140 parte
1896 3054 2089 3122 occidentis
2116 3057 2253 3122 rectum
2281 3070 2424 3123 mensu-

575 3211 650 3280 rati
675 3209 773 3296 passi
799 3211 1028 3296 septuaginta
1051 3227 1177 3295 unum,
1194 3208 1374 3298 ettabinde
1398 3209 1600 3277 rebolbente
1624 3209 1664 3276 in
1686 3229 1770 3296 pars
1785 3209 1977 3277 occidentis
1994 3212 2129 3277 rectum
2147 3208 2291 3276 exiente
2308 3227 2420 3296 usque

576 3363 616 3432 in
640 3363 711 3430 fine
735 3362 777 3430 de
801 3361 923 3430 eredes
946 3361 1065 3430 domni
1090 3359 1299 3446 radeghisi,
1324 3367 1408 3430 sunt
1432 3362 1514 3430 indo
1537 3363 1634 3450 passi
1658 3362 1857 3449 nonaginta
1881 3365 2063 3448 quatuor,
2087 3366 2123 3429 et
2146 3361 2276 3430 abinde
2301 3357 2415 3429 rebol·

574 3515 680 3581 bente
706 3511 743 3578 in
767 3531 850 3600 pars
874 3510 1137 3598 septemtrionis
1160 3516 1286 3580 eontra
1309 3511 1388 3598 ipsa
1411 3512 1539 3599 padule
1563 3514 1646 3582 inde
1668 3519 1752 3584 sunt
1767 3514 1861 3602 passi
1884 3515 2084 3600 nonaginta
2104 3518 2271 3600 quatuor:
2289 3533 2311 3582 a
2327 3531 2412 3599 pars

574 3664 840 3752 septemtrionis
864 3665 934 3732 line
958 3665 1035 3750 ipsa
1058 3664 1184 3750 padule
1208 3666 1269 3750 qui
1288 3666 1443 3750 pertinet
1458 3665 1570 3752 ipsius
1586 3667 1743 3755 ecclesie,
1761 3669 1843 3736 inde
1860 3673 1945 3736 sunt
1961 3669 2056 3754 passi
2069 3686 2179 3754 usque
2201 3667 2277 3753 ipsa
2293 3665 2412 3754 priore

572 3822 643 3888 fine
668 3826 810 3890 contum
835 3821 1064 3908 septuaginta
1087 3825 1264 3905 quatuor:
1300 3825 1412 3889 totum
1440 3825 1685 3890 mensuratum
1719 3822 1766 3890 ad
1790 3823 1883 3889 iusto
1906 3841 2048 3907 passum
2078 3823 2235 3888 ominum
2259 3840 2323 3907 per
2354 3821 2422 3890 iste

572 3973 656 4040 finis
679 3977 715 4041 et
739 3971 932 4057 mensurio,
958 3974 1050 4040 sicut
1073 3973 1208 4040 dictum
1231 3975 1296 4058 est,
1320 3971 1445 4040 inclita
1469 3973 1657 4042 medietate
1681 3974 1755 4060 ipse
1779 3975 1889 4042 abbas
1912 3972 2001 4041 milri
2025 3976 2062 4040 61
2092 3971 2202 4060 ipsius
2226 3971 2418 4062 grimoaldi

570 4125 616 4194 ad
639 4126 831 4194 tenendum
855 4129 891 4195 et
914 4125 1148 4194 laborandum
1171 4125 1344 4193 traditum
1367 4126 1468 4194 abuit
1491 4143 1602 4212 usque
1624 4124 1742 4194 decem
1758 4123 1846 4194 anni
1862 4124 2074 4214 completim,
2091 4127 2184 4194 sicut
2207 4125 2276 4213 ipsi
2294 4128 2415 4196 brebri

572 4281 778 4368 continunt,
802 4281 925 4368 scripti
951 4279 1072 4348 brebri
1096 4279 1165 4367 ipsi
1189 4297 1252 4367 per
1275 4278 1461 4346 mirandus
1484 4277 1661 4365 notariuS,
1686 4282 1723 4346 et
1746 4277 1878 4346 ibidem
1901 4277 2026 4363 scripti
2050 4279 2243 4348 roderisius
2274 4280 2313 4348 in
2339 4283 2420 4368 ipso

572 4435 717 4505 brebem
740 4437 912 4520 nostrum,
934 4436 970 4500 61
993 4431 1109 4518 ipsum
1132 4433 1256 4518 abbaS,
1279 4433 1315 4498 et
1338 4429 1523 4517 iaquintus
1545 4429 2121 4519 66161166,61(166161160161166,
2144 4437 2180 4501 et
2196 4439 2317 4520 postea
2333 4434 2411 4522 ipse

568 4583 788 4673 grimoaldus
812 4584 888 4671 ipsa
911 4602 976 4653 sua
999 4585 1100 4671 parte
1123 4581 1166 4650 de
1189 4583 1267 4670 ipsa
1291 4583 1408 4668 rebus,
1432 4582 1525 4669 quod
1548 4581 1609 4650 1116
1625 4601 1689 4668 per
1705 4583 1946 4669 supradictum
1965 4585 2105 4653 brebem
2121 4589 2279 4658 retinere
2305 4591 2420 4660 debet

571 4737 615 4808 ad
640 4737 889 4824 laborandum,
913 4736 1051 4804 remisit
1074 4735 1174 4804 illam
1198 4735 1269 4804 had
1291 4737 1502 4821 potestatem
1525 4735 1637 4822 ipsius
1661 4735 1835 4824 ecclesie,
1859 4737 1904 4805 ad
1927 4737 2127 4806 iaciendum
2151 4741 2234 4809 inde
2258 4761 2328 4830 que
2343 4709 2415 4811 'bo-

571 4891 692 4960 luerit.
720 4890 819 4958 Modo
843 4895 976 4977 autem,
1001 4887 1093 4958 61661
1114 4887 1249 4957 dictum
1272 4891 1339 4975 est,
1363 4905 1429 4974 ego
1452 4907 1533 4956 cum
1557 4888 1674 4975 ipsum
1698 4887 1791 4956 maio
1814 4891 1923 4959 abbas
1946 4889 2076 4960 exinde
2091 4847 2182 4960 sum
2211 4893 2407 4965 eoniuntus

558 5049 653 5142 ¹ante
677 5042 867 5130 subscripti
892 5041 1030 5111 idoneis
1051 5041 1241 5129 ominibus,
1264 5040 1383 5110 611116
1406 5059 1469 5128 per
1493 5043 1585 5108 bona
1608 5041 1870 5110 combeniontia
1892 5061 1956 5129 pro
1978 5063 2064 5131 pars
2080 5046 2237 5133 predicte
2254 5048 2407 5120 ecclesie

568 5197 615 5264 ad
637 5195 830 5264 tenendum
853 5199 888 5262 et
911 5195 1145 5264 laborandum
1168 5193 1318 5264 tradidit
1340 5194 1429 5262 mihi
1453 5193 1580 5262 inclita
1603 5197 1772 5280 quartam
1794 5198 1931 5281 partem
1954 5196 1997 5263 de
2022 5195 2099 5284 ipsa
2123 5203 2221 5270 terra
2243 5221 2325 5270 cum
2348 5221 2413 5272 ar·

567 5348 681 5418 bustis
706 5347 801 5434 inira
824 5347 1025 5436 supradicte
1049 5349 1132 5416 finis
1154 5351 1190 5416 61
1215 5346 1394 5414 mensurie
1418 5345 1510 5432 quod
1532 5349 1586 5414 est
1609 5349 1648 5415 in
1672 5366 1757 5435 pars
1778 5348 1941 5437 orientis,
1966 5351 2028 5437 qui
2051 5351 2121 5420 luit
2137 5353 2296 5424 sortione
2311 5355 2407 5442 quod

569 5501 645 5588 ipse
668 5501 886 5591 grimoaldus
909 5502 1074 5587 retinuit,
1100 5501 1138 5568 in
1161 5501 1226 5570 tali
1250 5498 1374 5567 ordine
1398 5497 1500 5568 illum
1524 5499 1613 5566 mihi
1630 5500 1791 5588 tradidit,
1807 5506 1847 5570 ut
1863 5503 1987 5571 amodo
2002 5508 2038 5572 et
2055 5525 2165 5593 usque
2181 5506 2302 5576 decem
2315 5509 2404 5579 anni

568 5657 770 5744 completim
793 5657 838 5726 ad
861 5675 940 5724 mea
962 5659 997 5722 et
1020 5655 1063 5723 de
1087 5654 1175 5722 meis
1197 5652 1363 5721 eredibus
1385 5651 1459 5719 sint
1481 5653 1665 5738 potestatis
1689 5653 1893 5740 supradicta
1918 5657 2097 5745 tradicti0,
2113 5661 2205 5746 quod
2226 5660 2286 5730 ille
2304 5665 2413 5734 modo

566 5811 655 5879 mihi
682 5811 807 5898 tradit,
833 5811 897 5878 illa
921 5809 1065 5878 tenendi
1089 5813 1125 5878 et
1148 5806 1368 5894 dominandi,
1393 5811 1428 5874 et
1452 5805 1548 5876 iobee
1571 5815 1606 5876 61
1629 5809 1743 5878 omnis
1775 5815 1894 5880 nostre
1918 5813 2087 5886 utilitatis
2111 5819 2208 5890 iusta
2231 5823 2414 5893 rationem
