5370 7104
1215 538 1327 608 BEDA
1354 533 1409 604 DE
1438 534 1718 609 TEMPORIBUS

851 773 1017 858 sequente
1036 771 1069 834 et
1083 759 1267 832 adiuvante
1283 755 1348 825 fide
1366 777 1467 848 quam

851 929 994 1002 habebat
1032 931 1067 999 in
1106 929 1144 1001 S.
1178 927 1219 997 R.
1249 924 1290 994 Ε.
1323 919 1471 1016 prelium

853 1101 966 1194 ipsum
992 1096 1090 1182 vicit,
1118 1105 1152 1168 et
1177 1093 1267 1164 saeta
1285 1091 1353 1162 fuit
1379 1098 1472 1160 tantu

852 1278 983 1364 strages
1025 1266 1203 1338 hominum
1252 1260 1470 1344 Consadini,

854 1433 945 1527 quod
971 1428 1233 1503 innumerabilis
1265 1427 1331 1500 suit
1352 1448 1473 1498 nume-

853 1624 912 1673 rus
930 1599 1133 1682 eorundem,
1155 1612 1189 1671 et
1203 1598 1261 1669 alii
1282 1620 1342 1690 pen
1367 1595 1473 1668 valles

856 1783 890 1844 et
916 1795 1058 1842 nemora
1083 1771 1273 1863 fugierunt.
1293 1768 1390 1855 Quod
1410 1769 1475 1839 Ro·

862 1960 985 2007 manus
1000 1934 1151 2029 Populus
1164 1933 1307 2004 audiens
1326 1931 1474 2002 eundem

860 2109 1037 2180 dominum
1078 2130 1192 2202 negem
1220 2105 1380 2176 Cannium
1407 2100 1476 2172 ele·

855 2289 981 2374 geount
1007 2279 1208 2349 Senatosem
1229 2297 1361 2344 eorum.
1378 2271 1477 2342 Post-

1796 761 1926 851 Quihus
1953 766 1988 837 in
2016 791 2077 840 sua
2103 777 2271 865 potestate
2289 770 2415 843 habitis

1799 947 1833 1008 et
1858 939 2008 1011 detentis
2036 950 2069 1014 et
2096 942 2254 1016 adductis
2281 945 2414 1016 adeum

1799 1108 1887 1201 apud
1903 1109 2124 1203 Genaganum
2138 1111 2160 1206 ²)
2178 1111 2204 1206 α)
2224 1112 2271 1182 ibi
2285 1113 2416 1185 dictum

1799 1275 1969 1348 Comitem
1995 1277 2354 1375 Galvanum'ejusque
2381 1281 2419 1349 fi-

1682 1437 1684 1442 ’
1801 1447 1885 1519 lium
1914 1473 2029 1521 coram
2057 1449 2150 1521 omni
2169 1451 2292 1546 populo
2320 1451 2421 1524 deoa-

1803 1621 1901 1714 pitani
1930 1623 2044 1716 jussit.
2088 1625 2160 1710 Quo
2199 1624 2290 1696 iacto
2326 1623 2417 1696 idem

1803 1793 1963 1866 dominus
1990 1817 2049 1864 rex
2066 1794 2216 1865 contulit
2243 1817 2279 1866 se
2298 1795 2339 1866 ad
2356 1793 2421 1864 Ur-

1797 1969 1886 2040 bem.
1932 1971 2050 2043 Dictus
2088 1982 2202 2042 autem
2243 1970 2420 2062 Dompnus

1801 2132 1968 2204 Hemious
2007 2133 2088 2202 dum
2127 2133 2168 2202 de
2208 2134 2281 2228 ipso
2312 2131 2422 2226 prelio

1802 2301 1962 2372 similiter
1988 2300 2162 2396 fugisset,
2204 2304 2350 2373 accessit
2375 2305 2418 2374 ad

861 2447 1000 2517 modum
1029 2469 1109 2516 V01'0
1146 2469 1225 2516 Cum
1254 2467 1325 2538 ¹1³⁵e
1351 2445 1477 2514 1101113·
1802 2474 1968 2568 quoddam
1996 2476 2348 2570 Monasteriumquod
2367 2479 2421 2548 di-

862 2617 963 2687 dinus
995 2639 1062 2686 uua
1090 2641 1169 2686 cum
1197 2617 1285 2686 duce
1312 2614 1475 2700 Austris,
1803 2639 1893 2710 citur
1930 2640 1966 2711 s,
2001 2639 2270 2736 ὃδὴ-3101151111)
2310 2651 2343 2714 et
2370 2643 2417 2714 ihi

857 2783 1010 2876 predicto
1031 2782 1163 2854 Comite
1184 2783 1335 2854 Galvano
1355 2789 1388 2853 et
1408 2780 1478 2851 filio

1516 2890 1780 2901 musta-*-

859 2953 1013 3045 ejusdem
1042 2951 1187 3024 Comitis
1213 2951 1255 3021 de
1279 2951 1351 3043 ipso
1372 2947 1479 3042 prelio

1855 3048 2082 3110 MURATORI'

856 3123 1037 3222 fugissent,
1066 3125 1204 3196 iverunt
1228 3127 1411 3197 Austuram
1437 3123 1469 3215 1)

921 3296 927 3308 ,
975 3297 981 3310 ¹
1558 3227 1604 3304 ²).
1627 3271 1632 3282 .
1654 3272 1659 3282 .
1678 3229 1711 3283 et
1733 3224 1899 3294 detentis,
1936 3231 1968 3283 et
1997 3223 2146 3284 adductis
2170 3224 2209 3284 ad
2233 3243 2308 3288 eum
2331 3228 2419 3306 apud

857 3307 891 3368 ct
921 3322 983 3390 ipsi
1011 3298 1166 3368 volentes
1192 3319 1252 3391 pen
1279 3317 1371 3364 mane
1398 3316 1476 3364 eva-

1515 3389 1721 3463 Senaganum
1741 3433 1746 3444 .
1768 3432 1774 3444 .
1796 3433 1801 3445 .
1823 3433 1828 3443 .

860 3462 953 3548 dore,
971 3462 1016 3532 ibi
1044 3462 1132 3556 capti
1160 3462 1301 3533 suerunt
1318 3469 1352 3531 et
1371 3461 1477 3530 addu-

1516 3609 1780 3620 .-...--.-——--

854 3631 900 3702 cti
931 3631 971 3702 ad
998 3631 1128 3702 dietum
1154 3629 1335 3702 dominum
1352 3651 1466 3722 negem

851 3799 1008 3871 Carolum
1025 3800 1058 3869 in
1075 3823 1212 3872 cancere
1229 3800 1411 3894 mancipati
1435 3799 1470 3884 ¹).
1897 3764 2027 3824 PERTZ

1554 3919 1579 3999 ⁰)
1598 3968 1603 3979 .
1625 3967 1631 3978 .
1652 3966 1658 3979 .
1678 3925 1711 3979 et
1734 3919 1881 3982 adductis
1905 3919 1942 3979 ad
1967 3939 2041 3980 eum
2065 3921 2149 4000 apud
2167 3921 2418 3982 Genazanum...

571 4033 835 4052 μ’·

1510 4062 1551 4141 ιἰι
1569 4087 1648 4144 notu
1662 4116 1700 4126 -
1714 4082 1878 4144 Genzano.

917 4186 1133 4248 MURATORI

1510 4300 1775 4311 mun—-

607 4342 616 4376 ¹
647 4395 654 4409 .
675 4394 681 4407 .
702 4391 709 4406 .
728 4345 768 4406 de
791 4346 862 4425 ipso
883 4341 1011 4422 praelio
1028 4343 1203 4420 fugissent,
1224 4343 1357 4405 iverunt
1374 4345 1470 4405 Astu-

564 4522 631 4566 ram
670 4508 704 4564 et
726 4501 773 4563 ibi
796 4461 947 4561 vblentes
1511 4469 1526 4503 ι
1545 4449 1605 4506 tica
1624 4449 1697 4508 eittt
1715 4469 1768 4507 con
1787 4471 1827 4507 uu
1845 4451 1948 4523 piceio]
1969 4459 2058 4523 porto,
2078 4471 2093 4507 e
2113 4451 2191 4524 quivi
2204 4451 2339 4509 Cicerone
2354 4454 2417 4508 nel·

638 4551 645 4576 ι
966 4545 973 4560 .
994 4547 1000 4558 .
1022 4547 1027 4558 .

1508 4615 1524 4650 ιι
1545 4597 1596 4651 ΓΑ.
1609 4599 1643 4652 43
1658 4614 1701 4652 av.
1721 4597 1775 4652 ΙἙ.
1788 4598 1821 4652 V.
1834 4596 2000 4654 imbareossi
2013 4618 2065 4670 per
2079 4601 2186 4656 andare
2200 4601 2262 4655 alla
2275 4616 2328 4656 sus
2341 4597 2415 4654 vills

574 4724 838 4739 -οῠ-

1509 4765 1525 4800 ιι
1544 4745 1573 4800 di
1591 4746 1705 4802 Formio
1723 4747 1771 4802 nel
1790 4746 1889 4818 giorno
1908 4747 1962 4801 cho
1980 4765 2071 4803 venne
2096 4747 2199 4803 ucoiso.
2227 4745 2312 4816 univi
2337 4765 2410 4816 pure

600 4877 629 4949 *)
649 4897 664 4930 a
684 4879 799 4945 Astura,
818 4874 1014 4946 volgannente
1034 4873 1119 4929 Turre
1139 4877 1285 4947 d’Astura,
1304 4877 1408 4949 piceiol
1423 4899 1469 4935 cu·
1511 4889 1593 4944 «nel
1613 4891 1680 4946 1267
1701 4889 1732 4944 fu
1751 4889 1858 4946 trudito
1877 4891 1913 4946 od
1939 4898 2082 4948 arrestata>
2100 4890 2239 4948 l'infoliee
2260 4893 2413 4949 &oudino

563 5016 685 5074 «stello
705 5033 722 5070 a
741 5015 820 5070 metd
839 5014 968 5070 roviusto
986 5014 1016 5069 in
1034 5015 1097 5070 riva
1118 5017 1254 5088 almare,
1274 5040 1314 5076 un
1333 5019 1432 5094 miglio
1451 5041 1469 5078 a
1510 5031 1583 5086 «da
1601 5049 1640 5086 un
1659 5031 1853 5104 Frangipani‚
1873 5035 1999 5104 padrone
2018 5035 2045 5088 d'
2059 5036 2195 5092 Astura»
2215 5033 2248 5090 G.
2267 5035 2299 5089 Β.
2327 5035 2425 5088 Rem.

563 5181 578 5216 ι
597 5168 720 5236 ponente
740 5159 822 5213 dalla
841 5157 903 5214 foce
923 5161 990 5214 d'un
1003 5159 1169 5216 fiumioiello
1184 5165 1372 5235 ugunlmente
1386 5165 1464 5224 chia·
1509 5175 1588 5246 poldi
1608 5177 1861 5250 Corog.dell'1tal.
1881 5177 1942 5232 Vol.
1961 5178 1984 5233 1.
2000 5193 2066 5250 pag.
2087 5179 2146 5232 141.

561 5313 672 5362 «muto
689 5311 815 5375 Astura,
834 5323 933 5376 presso
953 5307 972 5359 l'
987 5307 1136 5365 estremitd
1156 5307 1184 5364 di
1204 5328 1243 5365 uu
1261 5312 1471 5406 Promontorim
1545 5323 1592 5396 **)
1612 5321 1637 5376 Il
1657 5319 1805 5378 Giannone
1819 5321 1860 5378 St.
1873 5321 1931 5378 Civ.
1951 5322 1997 5378 dcl
2011 5323 2043 5376 R.
2062 5323 2091 5378 di
2104 5325 2138 5379 N.
2151 5324 2213 5381 Vol.
2226 5325 2259 5379 V.
2279 5322 2328 5379 lib.
2347 5323 2414 5378 XIX

562 5471 578 5506 ι
598 5451 652 5508 ohe
672 5461 718 5508 sta
735 5452 817 5508 nella
829 5457 914 5522 parte
928 5449 977 5522 pid
991 5451 1171 5510 occidentale
1185 5452 1262 5509 delle
1275 5455 1382 5511 Patous·
1394 5457 1468 5512 Pon·
1508 5482 1570 5536 cap.
1590 5463 1649 5534 1v,
1667 5464 1730 5521 dice
1749 5465 1802 5520 eho
1821 5465 1854 5519 D.
1874 5463 1971 5520 Errico
1990 5464 2018 5520 di
2037 5464 2200 5538 Castiglia,
2218 5471 2293 5522 rotte
2312 5463 2340 5520 le
2359 5481 2412 5520 sue

566 5613 582 5646 a
601 5597 693 5666 uiuat>
707 5596 808 5670 miglis
822 5613 840 5652 o
853 5595 976 5652 scirocoo
989 5597 1019 5651 di
1029 5598 1166 5667 Nettuno,
1180 5607 1392 5670 appartenento
1407 5600 1468 5655 alla
1506 5615 1610 5681 trappe
1629 5609 1708 5665 dalle
1726 5605 1807 5682 genti
1825 5605 1855 5662 di
1874 5605 1958 5664 (turio
1977 5605 2001 5661 si
2019 5606 2098 5662 salvo
2124 5605 2271 5680 fuggcndo
2289 5625 2341 5679 per
2360 5609 2411 5663 be·

564 5755 581 5789 ι
602 5737 788 5809 delagazione
808 5739 839 5795 di
857 5739 1023 5810 Frosinouc,
1036 5743 1073 5796 du
1086 5739 1133 5796 cui
1147 5743 1163 5797 d
1177 5740 1304 5799 distante
1316 5745 1351 5806 30
1366 5741 1468 5816 miglia
1506 5750 1610 5810 neficio
1628 5751 1708 5809 della
1726 5757 1816 5807 nette.
1836 5750 1858 5805 Ε
1879 5749 2040 5822 soggiungc
2059 5768 2075 5803 ‹
2094 5748 2192 5805 alcuni
2211 5766 2335 5804 natrano
2354 5749 2407 5806 che

560 5909 577 5944 a
595 5908 676 5947 verso
689 5889 810 5947 libeccio
824 5909 839 5947 e
852 5895 886 5948 35
901 5911 919 5947 a
932 5891 1055 5949 scirocoo
1068 5896 1105 5948 ds
1120 5895 1215 5950 Romo.
1232 5895 1274 5951 nu
1288 5894 1339 5968 gis
1362 5897 1466 5950 un'au-
1506 5914 1521 5950 ι
1541 5891 1565 5950 si
1584 5893 1694 5950 ricovrd
1712 5891 1742 5947 in
1760 5893 1855 5950 Monte
1876 5892 1993 5950 Cassino
2006 5910 2081 5948 ece...
2095 5923 2130 5932 -—
2144 5893 2219 5950 nltri
2232 5891 2340 5961 dieouo,
2355 5894 2409 5949 che
