5414 7098
1238 538 1410 612 CODEX
1447 538 1713 614 CllVENSlS

1317 980 1654 1061 DCCXXXI.

1346 1244 1400 1320 A.
1428 1243 1478 1319 D.
1507 1242 1629 1324 1021.

591 1482 691 1623 †ln
729 1535 872 1602 nomine
907 1535 1042 1604 domini
1078 1533 1257 1602 tricesimo
1293 1535 1446 1602 secundo
1469 1553 1565 1604 anno
1588 1535 1811 1622 principatus
1834 1533 1955 1604 domni
1978 1532 2092 1602 nostri
2116 1533 2331 1620 Guaimarii,
2358 1535 2405 1602 Et

546 1689 656 1759 tertio
679 1708 775 1758 anno
798 1689 1026 1775 principatus
1051 1689 1170 1756 domni
1194 1686 1388 1775 guaimarii
1412 1687 1489 1758 eius
1512 1687 1599 1775 filio,
1624 1688 1770 1776 gloriosi
1787 1688 2026 1775 principibuS,
2042 1703 2163 1754 mense
2182 1686 2405 1776 februarius,

546 1851 677 1931 quarta
694 1821 901 1912 indictione.
919 1846 958 1910 ln
974 1845 1216 1914 sacratissimo
1241 1841 1460 1911 salernitano
1484 1841 1617 1928 palatio
1641 1845 1725 1910 ante
1750 1859 1806 1909 me
1830 1841 2029 1910 romoaldus
2045 1839 2154 1908 iudex
2175 1839 2393 1912 Coniunctus

548 2004 602 2067 cst
629 2000 724 2068 maio
751 1997 925 2085 presbiter
955 2001 992 2064 et
1016 1999 1126 2067 abbas
1157 1996 1302 2065 ecclesie
1327 1995 1442 2062 sancti
1466 1995 1616 2064 maximi
1650 2015 1729 2062 cum
1761 1993 1904 2062 alfanus
1928 1993 2024 2060 filius
2055 1992 2225 2081 visantii,
2257 1995 2400 2066 etcum

549 2151 773 2236 grimoaldus
796 2152 892 2218 filius
914 2149 1070 2219 mirandi
1094 2149 1305 2236 presbiteri,
1329 2153 1365 2216 et
1389 2168 1469 2215 curn
1493 2146 1625 2215 cicirus
1649 2147 1748 2216 filius
1775 2147 1884 2216 ciceri
1908 2152 1943 2216 et
1967 2166 2140 2235 generum
2163 2146 2311 2216 landoni
2335 2147 2402 2216 filii

548 2303 758 2392 orsengari,
781 2310 818 2373 et
841 2325 922 2374 cum
946 2305 1050 2376 lando
1073 2309 1109 2371 et
1132 2302 1222 2370 citro
1246 2303 1411 2390 germani
1436 2301 1502 2369 filii
1527 2301 1695 2390 radecisi,
1719 2306 1755 2368 et
1779 2301 1965 2371 roctardus
1989 2301 2085 2370 filius
2110 2301 2205 2390 ursi,
2232 2301 2292 2388 qui
2318 2306 2405 2372 sunt

549 2460 615 2526 toti
641 2459 818 2528 evitantes
841 2460 880 2526 in
905 2459 1017 2528 locum
1042 2460 1222 2543 aunitum,
1247 2461 1368 2524 tamen
1394 2474 1569 2526 unacum
1595 2459 1712 2544 ipsum
1735 2461 1901 2527 abbatem
1924 2457 2062 2526 adesset
2086 2457 2271 2526 mirandus
2295 2461 2398 2526 nota·

549 2615 628 2680 rius
650 2613 840 2682 advocator
864 2614 976 2698 ipsius
1000 2613 1172 2700 ecclesie,
1206 2618 1350 2700 propter
1380 2612 1472 2698 quod
1496 2612 1570 2680 iam
1594 2610 1777 2697 preteritis
1800 2609 1877 2698 ipse
1899 2613 2010 2680 abbas
2033 2629 2115 2678 cum
2139 2609 2211 2678 illis
2235 2612 2403 2682 causabit

549 2771 633 2834 ante
657 2766 857 2834 romoaldus
881 2766 1060 2835 castaldus
1082 2765 1242 2851 illorum,
1265 2770 1305 2832 nt
1328 2765 1423 2834 malo
1439 2765 1588 2832 hordine
1605 2764 1788 2833 introisset
1805 2764 1843 2831 iu
1857 2767 1962 2832 rebus
1979 2764 2218 2850 pertinentem
2233 2766 2398 2852 predicte

550 2919 714 3006 ecclesie,
739 2921 831 3005 quod
856 2921 940 2987 abet
964 2921 1002 2985 in
1028 2919 1142 2986 locum
1167 2919 1282 2986 forino
1306 2918 1399 2984 ulter
1423 2921 1499 3004 ipso
1525 2918 1631 2987 dubio
1655 2919 1784 3004 forino,
1809 2921 1871 2987 ubi
1894 2919 2064 2988 mairanu
2088 2919 2234 3006 dicitur,
2251 2925 2288 2988 et
2305 2922 2406 2992 tobee

549 3073 598 3139 ibi
626 3073 775 3148 lecisset,
800 3076 836 3138 et
859 3073 924 3139 viti
949 3076 986 3140 et
1009 3071 1130 3140 arbori
1148 3076 1183 3139 et
1197 3073 1272 3157 sepi
1297 3071 1379 3139 inde
1404 3071 1629 3158 abscidisset,
1647 3075 1682 3139 et
1699 3072 1857 3138 frudium
1872 3072 1954 3140 inde
1971 3072 2126 3160 tulisset,
2142 3079 2179 3142 et
2196 3077 2300 3142 rebus
2324 3076 2403 3162 ipsa

549 3225 595 3292 ad
618 3245 701 3312 pars
725 3226 881 3312 predicte
905 3224 1052 3293 ecclesie
1075 3228 1295 3310 contrasset;
1323 3228 1359 3292 et
1382 3245 1404 3310 y
1428 3226 1594 3294 omnibus
1617 3226 1852 3313 suprascripti
1876 3227 2072 3315 dixerant,
2106 3231 2145 3296 ut
2176 3229 2215 3295 in
2238 3228 2397 3318 predicto

552 3379 666 3448 locum
691 3381 813 3466 plures
837 3383 944 3448 rebus
968 3383 1142 3466 aberent,
1176 3384 1229 3447 set
1259 3379 1442 3447 nescirent
1472 3380 1515 3447 de
1539 3379 1643 3466 quale
1667 3399 1747 3447 cnm
1772 3377 1844 3448 illis
1867 3381 2052 3466 causabit3
2082 3385 2118 3448 et
2142 3399 2205 3468 per
2228 3381 2402 3450 iudicium

548 3533 663 3618 ipsius
686 3535 858 3604 romoaldi
882 3534 1036 3604 castaldi
1061 3535 1156 3602 inter
1179 3553 1216 3602 se
1240 3536 1385 3602 suerunt
1407 3533 1585 3622 guadiati,
1611 3539 1650 3602 ut
1672 3535 1810 3621 pariter
1833 3533 1919 3602 illuc
1942 3544 2135 3621 pergerent
2150 3554 2230 3606 cum
2246 3535 2401 3607 iudicem

551 3695 587 3757 ot
611 3691 773 3777 notario,
797 3694 833 3757 et
856 3709 940 3777 pars
965 3689 1076 3777 ipsius
1100 3689 1245 3757 ecclesie
1269 3693 1484 3756 monstraret
1507 3688 1669 3774 illorum,
1702 3688 1798 3756 unde
1821 3707 1902 3754 cum
1927 3686 2002 3754 illis
2025 3689 2212 3776 causabit,
2244 3695 2281 3759 et
2312 3711 2397 3778 pars

550 3845 711 3931 predicte
735 3845 884 3914 ecclesie
907 3847 1060 3933 plicaret
1083 3863 1120 3911 se
1144 3863 1224 3910 curn
1248 3863 1314 3912 sua
1338 3842 1528 3930 rationem,
1545 3847 1582 3910 et
1600 3843 1673 3910 illis
1695 3863 1776 3910 curn
1799 3860 1862 3911 sne
1879 3842 2094 3931 rationibus,
2110 3848 2147 3912 et
2163 3846 2260 3914 iusta
2283 3847 2398 3934 legem

552 4002 647 4069 inter
671 4021 708 4068 se
734 4001 815 4068 inde
838 4001 945 4068 finem
968 4001 1126 4069 lacerent
1148 4004 1211 4067 etc.

592 4176 610 4216 c
642 4153 737 4226 Quod
761 4156 930 4240 sequitur,
941 4154 1035 4221 went
1057 4157 1108 4220 cst
1132 4170 1174 4221 ac
1196 4155 1236 4220 tn
1263 4153 1478 4220 Membrana
1502 4154 1549 4220 N.
1575 4153 1741 4222 DCCXX
1747 4155 1777 4218 V
1791 4155 1860 4222 Aa.
1879 4155 1966 4222 Dnt.
1986 4155 2073 4223 1020
2087 4175 2196 4240 osque
2214 4158 2262 4225 ad
2277 4157 2401 4227 cerba:

547 4313 623 4400 Ego
646 4313 708 4398 qui
732 4329 842 4397 supra
864 4310 1090 4380 Romoaldus.
1116 4309 1247 4378 Postea
1268 4327 1352 4377 aero
1373 4312 1413 4374 nt
1435 4312 1543 4396 infra
1567 4333 1599 4378 ».

592 4467 741 4533 Etcum
764 4464 1010 4551 supradictum
1033 4463 1204 4550 scriptum
1228 4463 1297 4530 suit
1320 4464 1449 4534 lectum
1471 4514 1481 4552 ,
1504 4471 1540 4534 et
1563 4471 1795 4556 agnoscentes
1819 4467 1830 4534 i
1855 4467 2019 4536 omnibus
2042 4467 2280 4556 suprascripti
2313 4487 2398 4538 con·
2459 4455 2464 4463 ’

546 4624 675 4708 sortes,
693 4619 754 4707 qui
771 4625 857 4688 sunt
873 4621 1081 4704 avitatoreS,
1099 4625 1139 4688 ut
1162 4619 1333 4707 diximus,
1351 4619 1393 4687 de
1418 4620 1494 4707 ipso
1518 4620 1633 4689 locum
1657 4624 1800 4709 annitu,
1816 4627 1856 4692 ut
1878 4625 1984 4690 rebus
2008 4621 2086 4710 ipsa
2108 4642 2172 4710 por
2190 4623 2395 4712 supradicte

546 4776 629 4844 linis
650 4781 687 4845 et
710 4775 927 4863 mensuriis,
952 4795 1020 4861 que
1043 4775 1121 4862 ipsa
1145 4775 1291 4861 scriptio
1314 4775 1563 4843 conbenientie
1586 4795 1609 4843 a
1631 4795 1716 4863 pars
1739 4777 1851 4864 ipsius
1874 4776 2043 4864 episcopii
2073 4777 2255 4860 declarad,
2280 4779 2399 4867 perti·

546 4933 691 4998 nentem
715 4933 808 4998 esset
831 4929 944 5016 ipsius
966 4929 1136 5000 aecclesie
1160 4927 1274 4997 sancti
1298 4926 1449 4996 maximi
1473 4946 1536 5015 per
1560 4929 1763 5016 veritatem,
1780 4930 1887 4999 etiarn
1911 4934 1947 4998 et
1969 4949 2031 5018 per
2055 4935 2320 5002 sacramentum
2343 4933 2400 5020 ip-

549 5101 627 5150 sum
655 5083 737 5150 illut
761 5082 829 5151 sivi
856 5082 1036 5171 integrum
1062 5085 1242 5152 firmatum
1267 5085 1414 5170 aberet,
1440 5087 1480 5151 ut
1514 5083 1749 5170 dictumest,
1777 5102 1862 5170 pars
1885 5082 1996 5169 ipsius
2026 5084 2173 5154 ecclesie
2207 5088 2254 5156 ab
2280 5085 2397 5174 ipsum

549 5237 645 5304 risus
670 5235 767 5302 filius
790 5235 917 5322 agnini
944 5239 1142 5302 consortem
1167 5235 1320 5302 illorum.
1357 5235 1436 5302 Ideo
1457 5236 1668 5305 volomtarie
1692 5255 1754 5305 sue
1778 5235 1845 5322 ipsi
1872 5237 2108 5326 suprascripti
2140 5238 2296 5326 alfanus,
2320 5239 2399 5327 griss

546 5391 723 5478 noaldus,
748 5396 784 5458 et
806 5391 951 5478 cicirus,
963 5396 1001 5458 et
1025 5389 1144 5477 lando,
1161 5393 1198 5456 et
1212 5379 1316 5476 citro,
1329 5392 1365 5458 et
1388 5389 1585 5474 rodlandus,
1598 5390 1664 5457 toti
1681 5393 1872 5478 consortes,
1886 5391 2174 5462 conbenientiam
2189 5393 2402 5465 manifesta·

551 5547 680 5613 berunt
703 5563 741 5614 se
764 5543 939 5631 dicenteS,
964 5551 1004 5613 ut
1026 5548 1103 5612 tota
1126 5545 1232 5610 rebus
1255 5540 1333 5628 ipsa
1356 5561 1417 5628 per
1433 5542 1637 5630 supradicte
1654 5541 1736 5610 finis
1752 5547 1788 5610 et
1803 5543 2116 5632 mensuriiS,unde
2132 5553 2397 5617 sacramentum

549 5699 667 5785 ipsum
690 5699 812 5768 datum
837 5703 915 5786 est,
947 5697 1102 5785 qualiter
1126 5695 1369 5781 supradictum
1394 5696 1562 5784 scriptum
1586 5699 1769 5786 continet,
1793 5699 1904 5785 ipsius
1927 5699 2075 5769 ecclesie
2097 5701 2213 5771 sancti
2242 5702 2395 5773 maximi

543 5859 638 5920 esset
661 5851 894 5938 pertinentes3
919 5856 954 5918 et
977 5867 1091 5934 neque
1115 5867 1178 5934 per
1201 5851 1320 5933 testes,
1344 5866 1460 5934 neque
1482 5869 1545 5935 per
1569 5849 1761 5939 monimen,
1786 5870 1850 5920 nec
1874 5871 1937 5938 per
1961 5853 2061 5922 nulla
2079 5873 2220 5942 quoque
2244 5855 2401 5926 inventa
