5466 7106
1000 552 1429 634 ,ulrboulrluus
2035 559 2103 634 lsa

294 792 374 844 sum
397 773 441 843 de
465 775 548 862 ipsa
572 773 786 844 tradiclione
810 773 942 844 exinde
964 775 1101 863 deant,
1127 779 1220 847 sicut
1242 779 1487 868 supradictum
1511 787 1592 868 est,
1616 786 1652 851 et
1686 782 1807 852 omnia
1842 783 1886 852 de
1910 783 1987 871 ipso
2021 785 2146 854 vinum

294 928 506 1016 adinpleant
527 928 574 996 ad
596 946 680 1014 pars
705 927 817 1014 ipsius
849 930 1055 998 monasterii
1081 931 1384 1018 omnitempore,
1415 933 1509 1002 sicut
1532 951 1642 1021 supra
1667 931 1811 1022 legitur.
1838 936 1883 1002 lot
1918 935 1958 1004 in
1990 938 2146 1024 completi

295 1081 364 1170 ipsi
387 1081 571 1150 duodecim
594 1081 683 1150 anni
707 1081 788 1149 illut
812 1087 952 1150 surtum
975 1081 1193 1170 adsingnent
1215 1083 1260 1152 ad
1277 1102 1361 1169 pars
1379 1085 1491 1172 ipsius
1508 1087 1730 1174 monasterii,
1755 1088 1848 1156 sicut
1871 1107 1979 1175 supra
2002 1087 2151 1178 legitur,

295 1242 331 1306 et
355 1254 483 1322 senper
507 1235 590 1305 illut
612 1255 694 1304 cum
717 1235 794 1324 ipso
817 1235 921 1322 aliut,
947 1235 1039 1322 quod
1062 1253 1173 1322 supra
1195 1237 1229 1304 ei
1252 1236 1398 1322 tradidi,
1423 1241 1583 1325 teneant,
1609 1242 1645 1307 et
1667 1238 1751 1306 inde
1775 1239 1985 1326 adinpleant
2001 1239 2048 1310 ad
2066 1258 2151 1327 pars

299 1389 412 1477 ipsius
435 1389 644 1458 monasterii
670 1389 708 1456 in
732 1388 829 1456 omni
852 1387 976 1456 ordine
1001 1391 1036 1455 et
1059 1387 1213 1475 ratione,
1237 1387 1329 1458 sicut
1354 1389 1516 1477 superius
1541 1389 1689 1479 legitur,
1713 1395 1749 1459 et
1774 1410 1839 1480 ego
1862 1395 1899 1460 et
1926 1394 2151 1462 subcessores

300 1561 395 1612 meos
417 1544 514 1612 omni
538 1547 684 1629 tenpore
706 1547 781 1612 tota
805 1544 882 1630 ipsa
906 1541 1073 1612 tradictio
1096 1560 1177 1608 cum
1201 1542 1277 1609 bice
1302 1541 1344 1609 de
1368 1541 1430 1612 via
1454 1561 1519 1612 sua
1543 1545 1655 1631 ipsius
1679 1543 1828 1613 adelferi
1844 1549 1881 1613 et
1896 1545 1941 1614 ad
1954 1544 2053 1612 illius
2070 1565 2146 1614 ere-

301 1697 363 1766 des
379 1696 602 1766 defensemus
625 1697 672 1764 da
696 1714 817 1764 omnes
840 1696 975 1763 omines
991 1694 1156 1781 omnique
1173 1694 1348 1780 partibus.
1365 1695 1502 1780 Preter,
1519 1695 1625 1780 quale
1640 1697 1786 1782 tenpore
1808 1696 1854 1766 da
1870 1698 1938 1783 ipsi
1963 1697 2150 1766 duodecim

299 1849 389 1920 anni
413 1850 453 1918 in
477 1853 586 1918 antea
610 1845 817 1936 supradicta
839 1847 1006 1916 tradictio
1030 1852 1151 1914 tenere
1181 1855 1217 1913 et
1242 1845 1405 1914 laborare
1430 1847 1467 1912 in
1491 1847 1697 1932 supradicto
1720 1848 1843 1916 ordino
1867 1867 1938 1916 non
1964 1849 2150 1918 boluerint

303 2005 369 2070 aut
395 2019 468 2070 non
490 2001 689 2090 potuerint,
713 2005 799 2070 tunc
822 2004 897 2068 tota
921 1999 1128 2085 supradicta
1151 1999 1318 2066 tradictio
1343 1999 1380 2066 in
1404 2001 1607 2087 supradicto
1622 2001 1745 2070 ordine
1761 2003 1940 2090 laborata,
1956 2011 1993 2072 et
2009 2008 2158 2091 operata

302 2163 339 2228 et
363 2159 464 2228 clusa
488 2157 676 2226 remittant
700 2155 746 2224 ad
769 2157 981 2241 potestatem
1005 2173 1096 2240 mea,
1121 2152 1176 2221 vel
1199 2152 1241 2220 de
1265 2153 1354 2220 meis
1378 2153 1662 2240 successoribus,
1686 2155 1731 2224 ad
1754 2156 1957 2224 laciendum
1981 2158 2074 2243 quod
2098 2159 2159 2223 bo-

304 2313 429 2398 luerit,
454 2314 489 2378 et
514 2309 586 2378 illis
610 2308 724 2378 licead
748 2308 832 2376 inde
855 2309 958 2376 exire
981 2326 1060 2374 cum
1086 2325 1188 2376 omne
1211 2326 1278 2376 sua
1301 2329 1425 2398 causa,
1449 2314 1513 2379 aut
1536 2313 1567 2379 si
1591 2311 1701 2381 talem
1724 2309 1849 2379 fecerit
1864 2312 1981 2398 culpa,
2000 2313 2094 2382 unde
2112 2315 2159 2382 ad

309 2465 486 2553 palatium
510 2469 575 2534 aut
598 2461 723 2533 aliicui
749 2462 908 2531 cecidere
931 2461 1099 2546 debeant,
1125 2462 1293 2531 similiter
1316 2466 1393 2532 tota
1415 2465 1495 2551 ipsa
1518 2463 1686 2534 tradictio
1709 2467 1855 2550 operata
1872 2463 1911 2530 in
1927 2464 2087 2550 predicto
2103 2483 2161 2530 or-

305 2619 390 2688 dine
413 2622 621 2688 reuertatur
646 2617 690 2687 ad
708 2619 920 2704 potestatem
944 2615 1057 2702 ipsius
1080 2615 1304 2703 monasterii,
1330 2617 1376 2684 ad
1401 2616 1602 2686 laciendum
1626 2615 1718 2704 quod
1742 2616 1907 2685 boluerit.
1932 2617 2031 2686 Unde
2055 2618 2094 2685 iu
2120 2636 2162 2686 eo

304 2777 431 2846 ordine
453 2795 516 2862 per
541 2773 790 2842 conbenientia
812 2771 949 2860 guadia
972 2771 1079 2839 michi
1104 2771 1181 2857 ipse
1204 2770 1305 2839 alieri
1330 2770 1449 2858 dedit,
1473 2775 1509 2839 et
1532 2770 1762 2838 mediatorem
1798 2771 1907 2839 michi
1931 2773 2049 2858 posuit
2073 2789 2159 2838 urso

308 2934 381 3002 filio
405 2931 555 3001 iohanni
578 2931 734 3000 abitator
758 2929 800 2997 de
819 2929 895 3016 ipso
918 2929 1007 3014 loco;
1032 2933 1067 2996 et
1090 2946 1152 3015 per
1177 2927 1255 3014 ipsa
1278 2929 1412 3015 guadia
1436 2929 1611 3016 obligavit
1634 2947 1671 2998 se
1694 2930 1769 3016 ipse
1794 2929 1898 2998 alleri
1922 2935 1958 2999 et
1980 2947 2062 2998 suos
2086 2950 2163 2999 ere-

307 3087 382 3174 des,
407 3089 448 3153 ut
471 3083 503 3154 si
526 3083 668 3171 aliquit,
692 3083 736 3152 de
758 3101 829 3169 quo
854 3082 1018 3169 superius
1042 3081 1189 3168 legitur,
1206 3081 1402 3167 quesierint
1418 3081 1599 3149 remobere
1623 3084 1687 3148 aut
1703 3084 1883 3167 contrane,
1900 3084 1987 3148 tunc
2001 3100 2064 3167 per
2083 3081 2164 3168 ipsa

307 3241 441 3330 guadia
464 3256 672 3326 componere
695 3236 868 3325 obligavit
890 3256 927 3304 se
950 3239 985 3305 et
1007 3253 1089 3303 suos
1111 3235 1233 3302 eredes
1257 3231 1367 3301 michi
1391 3231 1532 3319 meique
1555 3233 1826 3319 supcepsoribus
1851 3233 1984 3322 viginti
2004 3233 2087 3322 auri
2108 3251 2165 3320 so-

310 3395 374 3464 lidi
398 3393 633 3479 constantini,
657 3395 694 3460 et
719 3409 789 3458 unc
814 3392 957 3458 brebem
980 3387 1105 3475 scripsi
1132 3405 1197 3474 ego
1221 3385 1365 3457 alderisi
1389 3383 1563 3454 notarius.

361 3521 392 3638 †
416 3550 492 3637 Ego
513 3545 760 3636 maghenollus
785 3563 841 3613 me
864 3542 1058 3630 subscripsi

360 3676 391 3792 †
416 3704 491 3789 Ego
513 3700 674 3774 ademari
696 3696 862 3768 notarius
886 3715 942 3765 me
965 3694 1171 3781 subscripsi.

1033 3918 1137 3926 —-..
1149 3915 1273 3922 ...—.-—--
1279 3914 1383 3920 ——--—
1390 3913 1425 3918 ...-
1432 3912 1439 3918 .

1122 4179 1348 4264 DCCVI·

1098 4441 1153 4519 A.
1181 4437 1231 4517 D.
1259 4435 1389 4520 1028.

358 4708 393 4848 †
419 4757 459 4822 ln
481 4753 624 4826 nomine
649 4745 783 4820 domini
807 4742 992 4814 undecimo
1015 4755 1109 4808 auno
1137 4732 1363 4822 principatus
1378 4727 1496 4798 domni
1517 4727 1629 4794 nostri
1642 4723 1823 4812 guaimari
1839 4723 1905 4791 filii
1923 4722 2044 4790 domni
2061 4723 2167 4809 guai-

313 4912 420 5000 mari,
444 4906 589 4999 gloriosi
614 4901 854 4994 principibus,
871 4913 990 4964 mense
1005 4890 1204 4972 december,
1228 4885 1437 4954 duodecima
1460 4881 1666 4950 indictione.
1684 4875 1975 4945 Memoratorium
1992 4875 2125 4944 sactum
2143 4895 2165 4944 a

312 5087 369 5136 me
389 5059 632 5134 machenolsus
655 5054 751 5122 dlius
773 5049 952 5138 quondam
974 5041 1171 5125 ricchardi,
1196 5039 1245 5104 Eo
1269 5036 1362 5122 quod
1384 5037 1468 5104 ante
1491 5029 1682 5118 subscripti
1708 5032 1815 5096 testes
1832 5045 1894 5113 per
1911 5023 2166 5092 convenientia

312 5221 358 5292 ad
382 5215 575 5288 tenendum
598 5216 633 5280 et
657 5203 888 5278 lavorandum
910 5195 1060 5269 tradidit
1075 5212 1141 5281 ego
1157 5190 1303 5262 landoni
1326 5185 1401 5274 lilio
1423 5183 1601 5272 quondam
1625 5180 1770 5267 andree,
1794 5181 1831 5247 et
1855 5178 2005 5246 iohanni
2028 5175 2167 5263 presbi-

315 5377 397 5462 teri,
422 5377 458 5444 et
481 5370 599 5457 alieri,
623 5371 659 5436 et
682 5361 854 5446 ademari,
880 5352 1063 5444 germanis
1087 5348 1173 5416 filiis
1196 5343 1376 5432 quondam
1399 5337 1563 5422 iohanni,
1590 5353 1662 5403 una
1685 5331 1786 5418 pecia
1802 5331 1845 5399 de
1861 5335 1960 5400 terra
1983 5347 2063 5398 mea
2086 5347 2168 5396 cum

314 5529 472 5604 arbustis
494 5525 617 5596 vitatis
639 5519 732 5608 quod
749 5519 835 5587 abeo
852 5514 889 5581 in
905 5509 1025 5578 eodem
1043 5506 1158 5572 locum
1174 5498 1332 5584 nucerio,
1351 5495 1412 5563 ubi
1429 5513 1451 5562 a
1467 5494 1503 5560 la
1518 5488 1596 5558 sala
1611 5486 1743 5555 dicitur
1760 5485 1957 5572 propinquo
1973 5481 2087 5550 cliulu
2106 5499 2169 5567 per

315 5708 356 5758 ec
379 5685 463 5754 finis
486 5686 522 5752 et
545 5693 743 5750 mensuras:
769 5673 816 5742 ab
838 5667 975 5737 oriente
999 5663 1069 5729 dne
1086 5659 1191 5725 rebus
1214 5650 1307 5742 petri
1331 5643 1454 5716 clerici
1478 5647 1513 5711 et
1538 5641 1662 5710 abbati
1685 5637 1845 5724 cabpella
1861 5637 1956 5705 sacri
1973 5635 2117 5723 palatii,
2134 5636 2171 5701 et

316 5841 493 5910 modicum
515 5839 689 5925 perlongo
713 5829 758 5900 ad
781 5825 853 5894 fine
875 5821 981 5888 rebus
1002 5806 1211 5883 monasterii
1234 5799 1348 5873 sancti
1374 5793 1559 5882 laurentii,
1584 5797 1620 5862 et
1643 5791 1726 5860 inde
1762 5791 1845 5859 abet
1868 5807 1988 5876 passos
2011 5789 2170 5876 quadra-
