5466 7106
1046 595 1444 672 DlPLOMATlGUS

1029 1006 1461 1134 pconxxxffl.

1094 1268 1150 1346 A.
1179 1265 1229 1346 D.
1258 1264 1386 1347 1026.

362 1509 398 1648 †
423 1561 463 1628 ln
479 1561 624 1630 nomine
643 1559 778 1630 domini
796 1559 976 1630 tricesimo
990 1561 1141 1628 hoctabo
1156 1576 1252 1629 anno
1267 1559 1492 1646 principatus
1507 1556 1628 1626 domni
1644 1557 1758 1626 nostri
1775 1559 1968 1647 guaimari,
1986 1563 2021 1628 et
2038 1563 2163 1629 octabo

319 1730 417 1782 anno
440 1713 561 1782 domni
584 1713 766 1801 guaimari
790 1713 868 1784 eius
891 1713 980 1801 filio,
1003 1711 1151 1802 gloriosi
1174 1709 1555 1798 principibus,‘mense
1572 1711 1818 1798 iunius,nona
1834 1711 2043 1782 indictione.
2069 1713 2167 1781 Ideo·

318 1886 388 1954 que
414 1885 480 1954 ego
503 1869 678 1937 iohannes
701 1868 798 1936 iilius
821 1867 1000 1956 quondam
1023 1867 1130 1956 petri,
1154 1866 1246 1935 sicut
1268 1864 1358 1933 mihi
1381 1881 1582 1952 congruum
1597 1867 1663 1950 est,
1682 1881 1762 1934 mea
1778 1867 1871 1934 bona
1885 1865 2082 1955 botuntate,
2099 1886 2166 1954 per

314 2038 385 2088 auc
409 2019 585 2089 cartulam
610 2022 697 2088 ante
720 2019 912 2106 subscripti
937 2018 1074 2088 idoneis
1096 2018 1301 2088 homiuibus
1324 2017 1474 2088 donabit
1498 2018 1613 2106 adque
1637 2017 1682 2087 ad
1706 2036 1844 2105 semper
1874 2019 2052 2089 abendum
2083 2039 2167 2091 con·

313 2168 475 2240 firmabit
497 2171 564 2239 tibi
589 2171 739 2240 iohanni
761 2171 834 2239 filio
857 2170 1036 2257 quondam
1052 2171 1145 2257 petri
1160 2186 1273 2239 unum
1289 2189 1432 2258 passum
1449 2170 1493 2239 dc
1509 2169 1659 2240 latitudo
1675 2171 1718 2240 de
1741 2173 1841 2240 terra
1856 2189 1951 2259 mea,
1968 2172 2060 2260 quod
2076 2120 2166 2242 abeo

318 2322 357 2390 in
383 2323 498 2392 locum
523 2323 703 2395 srecdaria
725 2323 857 2391 linibus
880 2322 1112 2410 salernitane,
1136 2328 1172 2393 ct
1193 2324 1237 2393 dc
1260 2321 1445 2412 longitudo
1467 2326 1513 2394 da
1535 2325 1615 2414 ipsa
1636 2327 1745 2394 rebus
1767 2330 1831 2396 tua
1852 2330 1889 2395 ct
1911 2344 2022 2414 usquc
2046 2328 2086 2394 in
2103 2326 2167 2398 bia

314 2481 379 2567 qui
403 2482 458 2547 est
481 2499 505 2548 a
526 2498 612 2567 pars
635 2479 799 2566 meridie,
826 2481 863 2546 et
884 2477 1032 2548 donabit
1046 2496 1113 2566 ego
1129 2481 1211 2552 illut
1226 2479 1297 2574 tibi
1309 2480 1355 2550 da
1370 2498 1455 2568 pars
1471 2480 1622 2550 orientis
1637 2498 1725 2569 erga
1741 2480 1813 2549 fine
1828 2478 1963 2568 pulcari
1980 2481 2047 2549 tilii
2063 2481 2162 2568 sergi

310 2633 470 2722 raibulu,
488 2635 533 2704 ad
549 2637 722 2706 securiter
746 2641 783 2706 et
805 2639 960 2707 firmiter
985 2636 1111 2706 amodo
1134 2639 1170 2705 et
1192 2653 1330 2722 semper
1352 2637 1394 2702 tu
1418 2633 1607 2704 iamdictus
1630 2633 1804 2704 iohannes
1820 2637 1856 2704 et
1872 2639 1952 2703 tuos
1968 2634 2092 2703 eredes
2111 2635 2167 2702 in-

308 2786 397 2858 clita
420 2787 629 2875 supradicta
653 2807 734 2860 mea
757 2789 949 2858 donatione
973 2787 1116 2875 abendi,
1140 2785 1358 2874 possidendi,
1384 2786 1605 2875 dominandi,
1629 2787 1749 2858 omnia
1773 2788 1904 2858 exinde
1919 2787 2074 2858 faciendi
2089 2808 2160 2876 que

305 2939 506 3027 bolueritiS,
530 2958 640 3027 asque
663 2939 759 3009 omni
782 2960 864 3010 mea
885 2946 921 3010 et
943 2941 987 3010 de
1009 2941 1098 3008 meis
1120 2939 1285 3008 eredibus
1307 2941 1600 3010 contrarietatem
1623 2940 1676 3009 vel
1702 2941 1947 3027 requisitione.
1973 2941 2073 3011 Unde
2090 2960 2156 3029 pro

306 3092 587 3166 confirmandam
604 3099 640 3165 et
655 3093 946 3166 stabiliscendam
961 3094 1169 3181 supradicta
1183 3112 1263 3164 mea
1277 3091 1480 3182 donatione,
1496 3111 1593 3162 nunc
1610 3113 1633 3162 a
1647 3093 1823 3180 presentis
1838 3093 1934 3165 iusta
1951 3095 2066 3183 legem
2083 3097 2161 3165 lau-

308 3249 425 3338 negilt
447 3269 470 3318 a
492 3253 529 3318 te
554 3248 748 3318 iamdictus
771 3250 945 3318 iohannes
969 3247 1101 3316 exinde
1123 3247 1260 3334 recepit
1283 3245 1495 3316 mantellum
1518 3264 1629 3314 unum
1661 3247 1701 3314 in
1720 3203 1846 3315 'omnis
1877 3244 2160 3337 deliberatione,

309 3399 405 3470 sicut
428 3402 613 3471 internos
636 3400 824 3468 combenit.
850 3399 893 3468 de
917 3417 988 3486 qua
1010 3418 1073 3487 per
1097 3401 1189 3468 bona
1212 3397 1474 3469 combenientia
1496 3417 1562 3487 ego
1587 3400 1815 3489 supradictus
1831 3402 2005 3470 iohannes
2022 3401 2161 3490 guadia

311 3553 379 3622 tibi
402 3553 574 3624 iamdicto
597 3552 697 3622 dedit
719 3555 755 3621 et
778 3551 1011 3622 mediatorem
1033 3551 1099 3620 tibi
1125 3550 1244 3639 posuit
1267 3551 1468 3637 meipsum3
1493 3554 1529 3620 et
1551 3569 1614 3638 per
1637 3550 1717 3639 ipsa
1739 3553 1875 3639 guadia
1898 3551 2018 3640 obligo
2040 3571 2097 3621 me
2121 3557 2158 3621 et

306 3723 402 3774 meos
425 3704 547 3774 credes
571 3703 696 3774 amodo
721 3706 758 3772 et
782 3721 920 3790 semper
943 3702 1195 3772 antistandum
1218 3707 1255 3772 et
1277 3703 1533 3774 defensandum
1548 3705 1613 3772 tibi
1629 3706 1756 3791 tuique
1773 3705 1938 3774 eredibus
1953 3706 2080 3777 inclita
2096 3727 2168 3776 su·.

306 3858 469 3946 predicta
492 3879 571 3929 mea
594 3860 786 3930 donatione
809 3823 1000 3931 da'omnes
1024 3859 1160 3928 omines
1182 3857 1351 3945 omnique
1373 3858 1550 3945 partibus;
1574 3857 1718 3944 quando
1742 3861 1864 3928 autem
1887 3863 1928 3929 tu
1942 3863 1979 3928 ct
1996 3861 2069 3930 iuis
2084 3878 2165 3930 ere-

306 4012 410 4082 dibus
433 4013 477 4082 de
500 4013 710 4101 supradicta
734 4034 814 4085 mea
838 4013 1029 4084 donatione
1051 4031 1115 4099 per
1139 4031 1201 4080 vos
1224 4012 1312 4101 ipsis
1334 4011 1520 4082 bolueritis
1551 4011 1634 4082 inde
1656 4017 1748 4082 esset
1772 4018 1954 4084 auctorem
1977 4018 2014 4085 et
2037 4015 2158 4087 delen·

238 4135 245 4148 ”
307 4183 399 4254 sore,
422 4168 634 4254 potestatem
658 4168 797 4238 abeatis
822 4166 901 4236 bice
923 4169 1060 4254 nostra,
1085 4183 1167 4234 curn
1190 4165 1263 4234 ista
1286 4164 1428 4236 cartula
1450 4169 1583 4234 etcum
1605 4165 1711 4253 quale
1735 4165 1811 4236 alia
1832 4165 1973 4236 ratione
1989 4170 2158 4256 quoinde

308 4322 414 4390 abere
438 4319 641 4407 potueritis,
667 4321 706 4388 in
731 4321 897 4389 omnibus
912 4321 996 4389 inde
1013 4337 1165 4389 causare
1180 4321 1217 4388 et
1231 4319 1339 4388 finem
1362 4319 1495 4407 facere,
1511 4318 1667 4408 qualiter
1682 4319 1881 4408 bolueritis3
1899 4338 1998 4410 nam,
2015 4324 2160 4410 quando

307 4493 364 4544 me
387 4465 423 4542 et
446 4491 542 4542 meos
565 4473 687 4543 eredes
711 4474 918 4562 quesieritis
942 4474 1073 4545 exinde
1097 4477 1205 4544 abere
1228 4476 1411 4544 auctorem
1433 4476 1471 4542 ct
1486 4471 1682 4560 defensore,
1698 4492 1764 4561 ego
1780 4477 1899 4544 autem
1914 4478 1951 4544 et
1967 4493 2064 4545 meos
2079 4495 2158 4546 crc-

310 4625 371 4694 des
395 4623 478 4694 illut
499 4625 599 4694 vobis
622 4626 858 4715 defensemur,
883 4627 978 4696 sicut
999 4628 1163 4713 superius
1186 4626 1335 4715 legitur.
1362 4624 1393 4693 si
1417 4628 1550 4713 autem,
1568 4626 1632 4692 etc.
1649 4625 1817 4710 Sequitur
1831 4629 1997 4696 consueto
2011 4629 2157 4714 formae

307 4781 363 4864 in;
387 4782 526 4848 ricinia
548 4781 683 4848 nrnletn
705 4781 822 4850 decern
845 4779 932 4848 anri
954 4778 1149 4847 solidornnn
1174 4779 1414 4848 Constantini.
1441 4780 1690 4847 verumtamen
1713 4795 1951 4848 memoramus
1975 4783 2011 4849 et
2033 4779 2155 4850 defeu-

305 4950 424 5002 semus
447 4934 580 5002 iterum
603 4932 685 5001 illut
710 4933 775 5002 tibi
799 4952 822 5002 a
843 4951 928 5020 pars
951 4933 1055 5001 uxori
1079 4949 1168 5001 mee.
1192 4931 1380 5004 Ettaliter
1405 4933 1561 5002 scribere
1584 4932 1791 5021 rogabimus
1814 4937 1850 5004 te
1873 4934 2061 5022 iaquintus
2093 4953 2158 5004 no-

301 5085 418 5156 tarius
442 5090 564 5156 actum
586 5086 740 5156 salerno.

343 5210 375 5326 †
400 5239 474 5328 Ego
495 5239 613 5325 pando

344 5362 374 5478 †
401 5392 475 5478 Ego
499 5391 672 5461 iohannes
698 5391 863 5460 notarius
887 5410 942 5460 me
966 5392 1172 5478 subscripsi.

1047 5709 1395 5724 ¹-U-—u—-u——n-ffl
