5306 7140
983 533 1393 608 DlPLOMATlCUS
2023 533 2069 606 57

261 755 371 828 clesie
394 757 496 827 nobie
518 776 590 828 non
615 760 862 849 adimpleberit
884 767 920 831 et
944 761 1075 851 aliquit
1098 763 1181 834 inde
1203 761 1493 852 contradixerit,
1528 781 1591 850 per
1625 761 1704 850 ipsa
1738 761 1872 850 guadia
1903 779 2116 851 componere

263 909 441 1001 obligavit
473 932 509 982 se
537 913 613 1000 ipse
641 916 751 984 abbas
774 916 900 1002 suique
923 918 1185 986 successoribus
1208 921 1244 986 et
1267 935 1352 1004 pars
1374 915 1486 1004 ipsius
1508 915 1654 987 ecclesie
1678 915 1768 984 mihi
1793 915 1973 986 nominati
1998 916 2113 1006 argili

264 1070 301 1134 et
324 1065 371 1135 ad
395 1066 483 1133 meis
507 1068 698 1135 heredibus
722 1068 852 1157 biginti
877 1070 955 1137 auri
980 1067 1083 1137 solidi
1109 1069 1315 1140 costantini.
1339 1071 1599 1139 Verumtamen
1622 1073 1659 1139 et
1683 1069 1797 1139 licead
1829 1070 1926 1136 omni
1959 1071 2117 1156 tempore

264 1241 348 1308 pars
371 1222 485 1309 ipsius
508 1224 655 1293 ecclesie
679 1224 796 1293 fodere
820 1243 883 1312 per
907 1243 977 1292 uno
1000 1224 1087 1313 loco,
1111 1224 1206 1294 unde
1229 1228 1353 1312 aptum
1377 1226 1552 1314 paruerit,
1576 1245 1639 1314 per
1663 1228 1741 1314 ipsa
1762 1225 1959 1296 traditione
1976 1224 2019 1293 de
2035 1226 2112 1312 ipso

268 1380 457 1446 arbustum
481 1395 544 1465 pro
568 1379 754 1448 arcaturia
776 1377 819 1445 de
842 1377 1014 1445 molinum
1037 1381 1073 1446 et
1096 1397 1192 1465 aqua
1218 1379 1300 1447 inde
1323 1381 1524 1450 ammittere
1548 1382 1593 1450 ad
1617 1383 1733 1468 ipsum
1759 1380 1944 1468 molinum,
1968 1383 2005 1448 ct
2027 1377 2114 1447 ada-

266 1549 378 1617 quare
409 1535 531 1599 ortora
566 1551 635 1619 que
673 1533 769 1602 sacta
791 1533 901 1601 suerit
929 1531 974 1601 ad
998 1531 1075 1618 ipso
1098 1532 1280 1600 olibetum.
1306 1533 1403 1608 Quod
1426 1533 1553 1621 scripsi
1577 1552 1643 1622 ego
1666 1532 1894 1620 supradictus
1917 1509 2115 1619 myrand'us

265 1686 441 1755 notarius.

314 1811 345 1928 †
370 1841 444 1928 Ego
468 1840 529 1926 qui
555 1860 665 1928 supra
689 1841 783 1911 maio
805 1841 981 1926 presbiter
1005 1846 1041 1909 et
1062 1843 1172 1910 abbas

311 1964 343 2081 †
367 1995 443 2079 Ego
466 1999 589 2081 petrus
612 1995 789 2083 presbiter
811 1999 847 2063 et
869 1994 1095 2082 primicerius

312 2118 343 2235 †
370 2149 446 2236 Ego
470 2147 626 2216 friderisi
650 2149 826 2236 presbiter

314 2271 345 2388 †
370 2301 445 2389 Ego
469 2302 628 2372 ademari
653 2302 819 2372 notarius
843 2320 898 2369 me
922 2301 1114 2389 subscripsi

310 2427 342 2544 †
367 2457 442 2542 Ego
465 2454 657 2528 radoaldus
679 2471 735 2522 me
759 2455 963 2541 subscripsi.

998 2702 1404 2714 ——-——.·———...—

1058 2987 1336 3067 DCCXLI.

1043 3238 1098 3316 A.
1127 3238 1178 3320 D.
1203 3235 1334 3320 1022.

314 3482 350 3623 †
374 3535 414 3602 ln
438 3534 583 3602 nomine
606 3531 741 3600 domini
757 3550 852 3604 anno
867 3535 1047 3604 tricesimo
1070 3539 1199 3622 quarto
1219 3533 1441 3622 principatus
1456 3533 1577 3602 domni
1594 3535 1707 3603 nostri
1724 3536 1920 3623 guaimari,
1938 3541 1974 3606 et
1990 3541 2122 3624 quarto

270 3707 366 3758 anno
389 3689 614 3777 principatus
636 3687 758 3760 domni
781 3688 962 3777 guaimari
986 3687 1064 3756 eius
1087 3687 1189 3775 filio,
1214 3686 1359 3774 gloriosi
1383 3686 1620 3774 principibus,
1645 3706 1765 3757 mense
1788 3693 1964 3782 agustus,
1989 3690 2117 3776 quinta

272 3841 476 3911 indictione.
502 3845 795 3914 memoratorium
819 3843 952 3910 lactum
975 3860 998 3909 a
1022 3841 1124 3908 nobis
1147 3841 1253 3908 bocco
1269 3840 1345 3907 fllio
1360 3840 1538 3927 quondam
1563 3843 1713 3911 iohanni
1730 3847 1766 3911 et
1780 3847 1902 3930 petrus
1918 3841 1992 3910 filio
2008 3860 2122 3930 quon·

271 3997 352 4065 dam
377 3994 618 4087 constantini,
643 3997 704 4085 qui
737 4013 858 4062 sumus
882 3994 1077 4081 congnati,
1110 4013 1151 4062 eo
1182 3994 1275 4081 quod
1304 4000 1389 4064 ante
1412 3995 1602 4082 subscripti
1627 3999 1760 4084 testeS,
1791 3999 1912 4064 tamen
1934 4013 2001 4084 ego
2031 3998 2121 4066 iam·

269 4149 385 4218 dictus
407 4153 532 4236 petrus
554 4151 632 4220 vice
655 4171 735 4220 mea
758 4152 794 4218 et
818 4149 894 4217 vice
918 4166 1057 4236 gemme
1081 4167 1172 4216 uxor
1196 4167 1276 4217 mea
1299 4148 1377 4217 filia
1399 4147 1596 4236 supradicti
1621 4149 1773 4218 iohanni
1795 4149 2041 4218 coniunsimuu
2056 4168 2123 4220 nos

268 4323 347 4372 cum
370 4312 496 4396 petrus
519 4305 671 4374 clericus
694 4303 790 4371 filius
814 4302 992 4390 quondam
1017 4301 1122 4389 petri.
1141 4300 1203 4370 llle
1227 4305 1347 4370 autem
1370 4302 1519 4370 admisit
1543 4305 1584 4371 et
1608 4302 1705 4371 dedit
1729 4302 1773 4372 de
1795 4307 1893 4373 terra
1910 4321 1976 4372 sua
1992 4304 2123 4374 baciba

268 4456 434 4530 deintus
465 4462 559 4528 hanc
583 4456 842 4528 salernitanam
864 4454 1022 4542 cibitate,
1046 4454 1236 4525 adortum
1259 4474 1457 4544 mangnum
1482 4455 1526 4525 de
1553 4455 1705 4525 latitudo
1729 4457 1911 4526 semmisse
1935 4472 2060 4545 unum,
2083 4461 2120 4526 et

266 4583 337 4683 nos
360 4614 535 4700 amboque
559 4612 705 4699 congati
729 4609 939 4679 admisimus
961 4612 997 4676 et
1020 4607 1181 4676 dedimus
1204 4610 1247 4678 de
1271 4613 1371 4680 terra
1393 4614 1519 4681 nostra
1541 4609 1671 4680 baciba
1694 4610 1738 4678 de
1761 4609 2045 4702 intuspredicta
2068 4612 2122 4679 oi-

271 4773 383 4840 bitate
410 4769 532 4855 ibique
555 4741 766 4835 coniuntum
790 4765 833 4832 de
858 4761 1010 4832 latitudo
1033 4761 1208 4830 semmissi
1231 4767 1317 4850 tres,
1341 4762 1386 4833 ad
1410 4764 1503 4832 iusto
1526 4763 1651 4850 pedem
1674 4781 1821 4832 manum
1844 4763 1980 4832 homini
2003 4767 2118 4833 totum

268 4927 338 4995 suit
361 4926 634 5008 mensuratum3
659 4925 695 4990 et
718 4920 866 4989 lecimus
889 4919 975 4986 duos
997 4917 1104 5004 pedes
1125 4916 1169 4985 de
1193 4914 1343 4985 latitudo
1368 4918 1404 4983 et
1426 4933 1488 5001 per
1514 4915 1697 5003 longitudo
1719 4915 1762 4984 de
1785 4914 1974 4985 handitum
1998 4934 2120 4986 comu-

268 5098 315 5147 ne
339 5080 401 5165 qui
424 5082 478 5146 est
499 5096 523 5146 a
545 5095 628 5164 pars
651 5074 812 5161 meridie,
836 5077 872 5142 et
895 5091 1007 5158 usque
1030 5069 1195 5139 strectola
1218 5086 1404 5136 commune
1429 5067 1491 5154 qui
1514 5071 1568 5136 est
1590 5087 1613 5135 a
1636 5067 1800 5154 partibus
1824 5070 2120 5156 septemtrioniS,

270 5239 307 5304 in
332 5234 398 5306 tali
424 5234 549 5302 ordine
582 5237 702 5319 partes
725 5229 885 5317 partium
909 5231 987 5315 ipsa
1011 5233 1109 5297 terra
1132 5227 1226 5294 inter
1250 5244 1313 5294 nos
1337 5223 1574 5312 admisimuS,
1600 5229 1639 5291 ut
1664 5225 1739 5310 ipse
1761 5230 1884 5311 petrus
1908 5224 2058 5294 clericus
2082 5231 2119 5296 et

268 5409 350 5458 suos
384 5387 505 5456 eredes
540 5388 584 5458 ad
615 5387 730 5454 omnis
753 5402 856 5452 suum
880 5382 1085 5470 espendium
1110 5381 1295 5461 mitterent
1319 5384 1355 5449 et
1379 5379 1558 5449 fabricare
1582 5379 1621 5446 in
1647 5383 1751 5448 ambo
1774 5379 1843 5467 ipsi
1865 5380 1947 5466 pedi
1970 5380 2014 5449 de
2038 5381 2117 5468 ipsa

273 5549 373 5612 terra
389 5560 452 5628 per
468 5539 619 5611 latitudo
641 5539 814 5626 parietem
838 5554 969 5624 vonum
985 5535 1029 5604 ad
1046 5539 1144 5621 petre
1168 5539 1204 5602 et
1226 5531 1321 5603 calce
1336 5535 1373 5602 et
1395 5531 1535 5619 pumice
1551 5549 1695 5620 vonum,
1712 5533 1804 5600 siout
1827 5532 2012 5620 meruerit,
2036 5552 2118 5602 cum

273 5695 546 5766 lundamentum
571 5711 647 5781 suo,
672 5691 764 5761 sicut
787 5691 972 5778 meruerit,
997 5691 1039 5758 de
1064 5690 1213 5758 latitudo
1236 5687 1410 5793 parietem
1434 5689 1549 5776 ipsum
1573 5687 1679 5774 pedes
1702 5688 1771 5757 duo
1794 5691 1831 5756 et
1853 5706 1916 5776 per
1932 5687 2119 5776 longitudo

273 5853 321 5920 da
346 5852 423 5938 ipso
448 5849 613 5920 anditum
637 5865 786 5916 comune
810 5852 845 5915 et
869 5864 980 5932 usque
1005 5845 1083 5932 ipsa
1107 5843 1273 5914 streotola
1296 5861 1446 5913 comune
1468 5843 1531 5928 qui
1554 5849 1635 5930 est,
1659 5843 1751 5912 sicut
1773 5842 1961 5929 diximus,
1989 5860 2119 5930 apars

423 6005 492 6061 Tou.
516 6021 543 6061 v.
645 6047 651 6060 .
1910 5995 1926 6050 8
