5414 7098
1270 543 1743 634 66661661611616

1374 995 1629 1080 DCCXV.

1365 1257 1418 1336 A.
1448 1256 1498 1334 D.
1526 1255 1649 1338 1019.

629 1496 665 1636 †
690 1549 731 1616 ln
754 1549 898 1616 nomine
921 1549 1058 1618 domini
1082 1551 1263 1618 tricesimo
1286 1548 1401 1636 primo
1425 1567 1521 1617 anno
1544 1549 1769 1636 principatus
1792 1550 1911 1617 domni
1934 1548 2048 1618 nostri
2072 1548 2283 1635 Guaimarii,
2300 1549 2429 1636 61611-

575 1724 631 1773 166
654 1722 749 1774 61166
771 1703 999 1791 principatus
1022 1702 1142 1771 domni
1166 1700 1365 1791 guaimarii
1388 1704 1464 1770 eius
1487 1703 1596 1790 filius,
1621 1703 1767 1790 gloriosi
1792 1701 2030 1789 principibus,
2047 1719 2167 1770 mense
2191 1701 2356 1790 16611166,
2373 1720 2431 1772 66-

574 1862 693 1930 66616
715 1857 923 1927 indictione.
948 1855 1238 1926 Memoratorium
1262 1857 1359 1924 16616
1383 1877 1405 1926 6
1429 1876 1485 1924 166
1508 1857 1650 1926 alfanus
1674 1856 1769 1924 111166
1794 1855 1912 1944 16661,
1936 1873 1978 1925 66
2002 1855 2095 1942 quod
2118 1859 2203 1924 ante
2227 1855 2427 1943 subscripti

579 2015 728 2102 ydoneis
752 2011 956 2082 hominibus
979 2031 1043 2099 661
1067 2014 1159 2080 bona
1181 2010 1468 2080 conbenientiam
1492 2009 1537 2079 ad
1560 2009 1756 2078 tenendum
1778 2013 1814 2078 et
1837 2008 2073 2079 lacerandum
2095 2007 2247 2077 tradidit
2263 2009 2351 2077 mihi
2367 2027 2433 2077 eu-

577 2166 731 2254 praxius
755 2164 931 2252 presbiter
955 2168 990 2233 et
1012 2166 1123 2234 abbas
1147 2162 1294 2231 ecclesie
1321 2163 1437 2231 sancti
1453 2161 1608 2248 nicolay,
1624 2163 1687 2248 qui
1703 2164 1946 2229 constructum
1963 2165 2016 2230 est
2032 2159 2071 2228 in
2089 2161 2204 2229 locum
2220 2162 2333 2230 veteri
2349 2179 2433 2248 661-

573 2321 750 2389 tinentem
774 2319 935 2389 lamberti
961 2323 997 2388 et
1020 2317 1185 2388 landoari
1216 2317 1417 2405 comitibus,
1448 2317 1613 2404 germani
1637 2315 1705 2383 filii
1730 2315 1910 2402 quondam
1933 2316 2060 2384 alberti
2089 2317 2211 2384 comiti
2242 2315 2285 2384 de
2317 2319 2427 2384 rebus

574 2473 814 2563 pertinentem
837 2471 949 2559 ipsius
972 2473 1131 2558 66616616,
1155 2473 1219 2557 qui
1243 2489 1318 2538 esse
1341 2471 1484 2539 videtur
1509 2470 1548 2537 in
1573 2470 1785 2540 vocabulum
1802 2470 1862 2538 ubi
1879 2471 2011 2539 dicitur
2028 2471 2166 2558 salittu,
2182 2471 2243 2559 qui
2259 2474 2313 2540 est
2329 2475 2434 2540 16116

575 2646 655 2696 6616
681 2625 787 2696 uinea
811 2623 964 2710 deserta,
987 2626 1023 2691 et
1047 2624 1299 2708 castanietum,
1324 2627 1360 2691 et
1382 2642 1534 2692 vacuum
1559 2641 1627 2690 uno
1650 2623 1810 2693 tentante
1832 2643 1896 2711 per
1920 2627 1985 2692 hec
2011 2622 2095 2690 finis
2120 2629 2155 2692 et
2178 2624 2378 2692 mensurie:
2407 2645 2432 2692 a

573 2785 676 2868 parte
700 2779 895 2848 occidentis
918 2780 990 2846 fine
1014 2776 1126 2863 ipsius
1148 2775 1310 2861 ecclesie,
1329 2775 1411 2842 inde
1434 2776 1530 2862 passi
1555 2775 1738 2844 duodecim
1762 2781 1799 2846 61
1821 2777 1949 2864 gubita
1971 2778 2043 2847 166
2065 2781 2101 2846 61
2117 2779 2275 2865 palmum
2290 2796 2427 2846 unum:

575 2957 597 3006 a
619 2939 723 3023 parte
746 2932 894 3003 meridie
919 2934 990 3000 fine
1013 2931 1105 2999 sicut
1128 2930 1265 2999 termiti
1290 2931 1364 2999 ficti
1388 2935 1486 3019 sunt,
1511 2933 1593 3001 inde
1616 2938 1702 3002 sunt
1724 2932 1818 3021 passi
1845 2933 2160 3020 quadtuordecim,
2184 2936 2311 3022 gubita
2336 2933 2428 3021 dua,

573 3089 731 3186 palmum
754 3106 893 3174 unum,
917 3092 953 3156 et
976 3088 1022 3156 ab
1046 3083 1130 3154 inde
1153 3085 1357 3154 rebolbente
1381 3086 1420 3153 in
1444 3085 1580 3153 oriente
1601 3103 1723 3172 666666
1746 3087 1858 3174 1666,
1883 3091 1919 3154 61
1942 3088 2073 3156 abinde
2097 3086 2249 3156 saliente
2274 3089 2312 3154 in
2335 3107 2425 3175 pars

572 3244 723 3312 meridie
746 3242 840 3328 passi
866 3240 1132 3327 quinquaginta
1148 3239 1218 3306 duo
1236 3241 1355 3306 minus
1369 3238 1532 3307 cubitum
1549 3257 1673 3326 unum,
1688 3242 1724 3307 et
1740 3239 1870 3308 abinde
1887 3239 2086 3308 revolbente
2104 3241 2142 3308 in
2159 3239 2308 3309 meridie
2325 3244 2426 3327 passi

573 3395 763 3484 quadtuor,
787 3397 822 3461 61
845 3392 977 3460 1161616
999 3389 1188 3459 salientem
1213 3390 1252 3456 in
1276 3409 1416 3458 sursum
1440 3392 1535 3477 passi
1559 3391 1693 3478 biginti
1716 3397 1789 3460 tres
1813 3395 1849 3459 61
1872 3391 1980 3478 661161
2004 3392 2427 3478 1166616111111616661-

573 3553 677 3619 vente
701 3547 740 3614 in
763 3545 1016 3634 septemtrione
1039 3545 1133 3632 passi
1158 3549 1247 3631 octo,
1273 3550 1308 3612 et
1330 3545 1462 3613 abinde
1486 3544 1638 3612 saliente
1661 3543 1701 3610 in
1725 3563 1867 3612 sursum
1890 3546 1985 3632 passi
2011 3545 2164 3632 biginti:
2190 3550 2332 3632 aparte
2350 3547 2425 3613 ori-

574 3704 668 3774 entis
691 3701 787 3789 passi
810 3698 964 3786 triginta
987 3715 1073 3766 sex:
1099 3702 1246 3786 aparte
1270 3695 1535 3783 septemtrionis
1560 3698 1643 3768 inde
1667 3697 1762 3786 passi
1782 3695 1944 3786 ¹centum,
1968 3703 2082 3768 totum
2104 3704 2351 3768 mensuratum
2377 3699 2426 3768 ad

546 3905 547 3912 1
577 3859 670 3926 16616
682 3875 824 3944 66666111
837 3853 1007 3940 hominis;
1024 3871 1087 3939 per
1104 3851 1192 3920 16166
1208 3851 1297 3920 fines
1315 3855 1350 3920 et
1364 3870 1551 3921 mensuras
1570 3851 1736 3920 inclitum
1753 3852 1837 3920 illut
1854 3852 1944 3921 mihi
1963 3852 2113 3921 tradidit
2130 3872 2203 3922 una
2218 3871 2302 3920 cum
2316 3855 2432 3922 totum

574 4009 816 4080 castanietum
839 4009 1079 4094 pertinentem
1102 4006 1214 4092 ipsius
1236 4005 1398 4091 ecclesie,
1421 4004 1514 4090 quod
1537 4005 1645 4072 habet
1669 4004 1708 4070 in
1733 4005 1849 4090 ipsum
1875 4003 1987 4070 locum
2011 4002 2153 4091 salittu,
2168 4005 2236 4073 1611
2259 4004 2426 4090 11611166,

577 4166 618 4230 61
641 4161 765 4232 616616
789 4164 826 4228 61
849 4177 959 4246 usque
983 4157 1224 4232 nobemanni
1247 4155 1402 4242 conpleti
1427 4156 1472 4224 61
1495 4174 1574 4224 1666
1597 4154 1690 4223 etde
1705 4155 1794 4223 meis
1809 4155 1998 4225 heredibus
2014 4157 2061 4224 sit
2076 4160 2286 4243 potestatem
2301 4161 2428 4226 tenen·

580 4313 664 4382 dum
688 4316 735 4384 et,
749 4311 1020 4398 dominandum,
1043 4315 1079 4379 et
1104 4310 1201 4376 sebee
1223 4313 1259 4377 et
1282 4309 1397 4376 omnis
1422 4313 1541 4378 nostre
1565 4307 1761 4378 hutilitatis
1786 4308 1837 4376 ibi
1859 4309 2033 4378 faciamus
2057 4310 2152 4378 iusta
2174 4310 2371 4398 rationem,
2395 4316 2433 4379 et

579 4470 657 4535 1616
681 4465 758 4552 ipsa
783 4464 891 4532 11666
913 4461 1122 4532 annualiter
1146 4465 1229 4548 apto
1253 4465 1412 4548 16616616
1431 4460 1645 4568 1666161666,
1661 4465 1728 4531 1166
1743 4466 1810 4550 661,
1827 4463 2049 4549 scalciemus,
2066 4462 2338 4550 adimpleamus
2354 4483 2436 4552 zap-

578 4635 716 4706 pemus,
742 4617 1020 4704 propaginemus
1042 4619 1077 4683 et
1103 4632 1166 4702 661
1190 4615 1266 4702 1666
1290 4615 1465 4702 baeibnm,
1489 4619 1526 4684 et
1549 4615 1611 4684 ubi
1636 4615 1810 4684 meruerit
1834 4621 1869 4684 et
1893 4611 2113 4700 potuerimus
2126 4615 2340 4704 propagines
2358 4621 2436 4684 tra-

582 4772 672 4857 1616,
697 4769 780 4840 11166
806 4769 937 4838 ibidem
960 4772 1160 4858 tragamuS,
1184 4774 1356 4856 potemus,
1381 4769 1532 4856 ligemus
1556 4768 1663 4837 vinea
1685 4769 1777 4856 ipsa,
1802 4769 1912 4836 61616
1935 4787 2013 4837 66111
2036 4768 2235 4837 1666161666
2258 4769 2302 4837 16
2324 4787 2432 4858 66661

579 4926 840 5012 6116666161,
864 4925 1134 5012 6161611611166,
1158 4931 1194 4993 61
1218 4923 1406 5009 6611611166,
1430 4923 1522 4990 61661
1546 4921 1642 4988 16666
1666 4919 1741 5007 1666
1764 4920 1951 5007 meruerit,
1976 4925 2016 4988 ut
2040 4919 2210 5007 proficiad
2233 4927 2269 4991 et
2291 4940 2363 4990 non
2379 4922 2434 4990 di·

578 5079 728 5165 speread
751 5083 787 5147 61
810 5080 903 5146 bona
926 5077 1059 5164 paread
1082 5077 1244 5146 lavorata
1266 5082 1302 5144 et
1316 5074 1462 5162 cultata,
1480 5082 1516 5144 et
1532 5094 1649 5162 poma,
1665 5075 1726 5142 ubi
1744 5080 1867 5161 aptum
1884 5076 2008 5162 luerit,
2026 5074 2123 5144 intra
2138 5075 2333 5144 traditione
2351 5075 2431 5163 ipsa

577 5236 825 5319 pastenemus3
850 5233 885 5297 et
908 5230 1116 5299 annualiter
1139 5247 1202 5315 per
1226 5227 1404 5296 vindemie
1427 5228 1520 5295 scire
1543 5227 1718 5295 faciamus
1743 5225 1860 5314 ipsum
1884 5228 2064 5315 abbatem,
2089 5227 2142 5295 vel
2160 5245 2242 5294 6666
2257 5245 2434 5296 66666666·

583 5402 656 5471 166,
683 5401 745 5452 666
768 5401 852 5470 6616
874 5381 986 5471 166166
1008 5381 1170 5467 66616616,
1195 5383 1236 5447 61
1261 5380 1312 5447 ibi
1336 5379 1465 5449 veniad
1488 5385 1552 5449 661
1573 5379 1717 5466 dirigad
1741 5380 1890 5447 missum
1914 5399 2030 5467 suum,
2055 5385 2090 5449 et
2113 5397 2176 5448 1166
2200 5382 2437 5470 1616166661-

578 5555 646 5608 nea
669 5537 744 5604 suis
766 5535 983 5624 temporibus
1007 5532 1265 5602 vindemiemus
1288 5536 1324 5600 61
1348 5531 1394 5601 61
1417 5533 1639 5620 palmentum
1658 5531 1781 5618 ibique
1797 5549 2041 5618 procuremus,
2066 5537 2102 5602 et
2124 5551 2229 5619 poma
2247 5533 2431 5603 6111111661

578 5690 759 5758 castaneis
784 5687 881 5757 16116
904 5689 979 5775 1666
1004 5688 1088 5756 finis
1111 5691 1148 5754 et
1172 5685 1364 5754 1666661116
1394 5683 1449 5752 661
1474 5683 1649 5752 castaneis
1672 5682 1715 5751 de
1740 5683 1816 5768 ipso
1840 5682 1910 5751 alio
1933 5683 2174 5754 castanietum
2198 5684 2274 5754 6616
2298 5689 2434 5773 tempo-

579 5845 679 5910 ribus
704 5843 927 5931 colligamus,
952 5846 987 5909 et
1013 5845 1179 5911 66616666
1204 5839 1277 5926 1666
1301 5841 1519 5925 secchemus,
1542 5843 1578 5906 61
1601 5837 1715 5904 ononis
1739 5837 1861 5905 vinum
1885 5842 1920 5907 et
1944 5841 2139 5926 castaneis,
2156 5857 2221 5910 seu
2237 5838 2314 5910 alia
2330 5856 2435 5928 poma
