5466 7106
1241 499 1415 574 CODEX
1452 499 1720 575 CAVENSIS

1249 893 1254 901 ’
1331 936 1666 1052 neenxvn

1350 1200 1403 1279 A.
1431 1200 1481 1280 D.
1511 1199 1640 1283 1025.

611 1461 873 1530 Summomum:

616 1565 653 1706 †
677 1619 782 1685 Anno
805 1617 989 1686 tricesimo
1011 1617 1160 1705 septimo
1183 1615 1405 1706 principatus
1428 1616 1625 1690 Guaimarii
1648 1623 1684 1689 et
1706 1620 1854 1707 septimo
1879 1637 1976 1690 anno
1997 1619 2193 1690 Guaimarii
2220 1619 2287 1688 tilii
2311 1621 2412 1709 eius,

566 1787 689 1839 mense
711 1769 841 1858 Aprili,
866 1775 992 1840 octava
1015 1769 1225 1839 Indictione.
2213 1867 2216 1876 ,

610 1949 627 1990 c
653 1928 750 1995 Haec
774 1927 902 1996 charta
925 1926 969 1994 de
992 1926 1117 1996 eadem
1141 1927 1329 2015 locatione,
1354 1926 1433 2014 agit
1455 1927 1499 1996 de
1522 1946 1594 2014 qua
1617 1928 1846 2018 antecedens3
1872 1933 1909 1997 et
1931 1933 1985 1997 est
2008 1927 2320 2016 memoratorium,
2344 1927 2420 1996 sive

568 2101 587 2145 c
613 2078 811 2151 declaratio
833 2079 1002 2150 iohannis
1025 2079 1092 2147 filii
1116 2081 1288 2168 Stephani
1310 2081 1478 2151 Galbenzo
1502 2083 1538 2150 et
1553 2081 1747 2152 Grimoaldi
1763 2081 1830 2149 filii
1848 2083 2017 2168 Stephani
2035 2079 2188 2170 comitis,
2208 2100 2279 2168 qua
2295 2080 2421 2150 eodem

568 2251 588 2296 c
615 2237 720 2319 pacto
743 2233 941 2322 iisdemque
963 2237 1173 2304 muneribus
1195 2241 1343 2322 terram,
1367 2235 1410 2303 de
1433 2255 1505 2322 qua
1527 2252 1666 2323 supra,
1701 2233 1740 2303 in
1776 2231 1989 2303 locationem
2022 2233 2207 2322 accipiunt
2235 2253 2259 2303 a
2281 2235 2425 2305 Maione

556 2406 590 2488 ¹«
616 2386 749 2456 abbate
771 2385 945 2456 ecclesiae
970 2405 998 2455 s.
1024 2387 1184 2459 Maximi.

619 2561 638 2604 a
662 2541 756 2610 Idem
781 2543 946 2612 notarius
969 2543 1156 2630 laquintus
1170 2545 1275 2620 ,hanc
1298 2544 1462 2611 chartam
1486 2540 1666 2610 exaravit.

618 2727 636 2770 «
665 2695 805 2769 Adsunt
827 2699 953 2768 firmae
976 2697 1140 2766 testium:

619 2826 650 2943 †
675 2857 750 2942 Ego
774 2851 937 2924 ademari
961 2853 1122 2922 notarius
1145 2867 1201 2919 me
1225 2850 1418 2938 subscripsi

620 2979 651 3098 †
676 3009 751 3095 Ego
775 3008 937 3078 alderissi
961 3006 1123 3076 notarius
1147 3023 1203 3073 me
1226 3001 1431 3090 subscripsi.

1185 3511 1188 3520 ’
1316 3553 1676 3638 neunxvn.

1347 3823 1402 3899 A.
1430 3820 1480 3898 D.
1509 3813 1650 3902 1025(

620 4057 657 4198 †
682 4111 722 4176 ln
745 4107 891 4180 nomine
914 4111 1050 4182 domini
1074 4110 1257 4181 tricesimo
1279 4113 1405 4181 octabo
1428 4129 1524 4182 anno
1547 4113 1771 4201 principatus
1800 4111 1922 4181 domni
1953 4111 2099 4181 landolfi
2129 4111 2304 4198 gloriosus
2335 4111 2435 4197 prin-

573 4279 680 4353 ceps,
711 4269 747 4335 et
769 4265 1035 4351 quartodecimo
1059 4284 1154 4336 anno
1177 4265 1402 4354 principatus
1434 4266 1554 4334 domni
1577 4266 1734 4353 pandolli
1756 4267 1822 4335 filii
1847 4266 1947 4353 eius,
1975 4283 2096 4333 mense
2120 4263 2281 4352 aprelis,
2306 4267 2434 4333 octaba

576 4417 786 4486 indictione.
812 4417 1102 4506 Memoratorium
1126 4421 1261 4489 factum
1284 4439 1306 4489 a
1328 4419 1430 4488 nobis
1453 4421 1576 4505 petrus
1601 4417 1698 4486 filius
1721 4416 1815 4485 idem
1838 4416 1932 4504 petri
1955 4421 1991 4485 et
2014 4417 2188 4486 iohannes
2204 4433 2338 4512 genero
2355 4414 2433 4484 eius

573 4569 675 4638 filius
701 4569 794 4638 idem
821 4570 996 4658 iohanni,
1019 4587 1061 4638 eo
1083 4570 1176 4657 quod
1198 4573 1281 4640 ante
1303 4569 1520 4638 nobiliorum
1542 4571 1823 4658 subscriptorum
1847 4570 1995 4639 testium
2018 4569 2272 4638 coniunximus
2304 4585 2369 4637 nos
2393 4569 2434 4638 in

578 4743 707 4794 vonam
733 4723 1025 4791 conbenientiam
1048 4743 1128 4791 cum
1152 4725 1302 4792 domnus
1324 4725 1484 4794 stefanus
1507 4725 1725 4794 benerabilis
1748 4728 1858 4796 abbas
1882 4726 2092 4796 monasterii
2109 4723 2228 4795 sancti
2245 4722 2436 4810 benedieti,

580 4878 642 4964 qui
681 4880 926 4945 constructum
961 4881 1052 4947 esset
1087 4876 1286 4947 dinoscitur
1310 4877 1409 4946 intus
1431 4876 1615 4948 civitatem
1639 4877 1789 4948 abellini
1812 4877 1909 4947 iusta
1932 4879 2009 4968 ipsa
2032 4880 2162 4966 porta,
2186 4896 2295 4964 quam
2317 4882 2354 4946 et
2375 4893 2439 4964 pro

581 5029 724 5098 firmam
747 5029 983 5099 stabilitatem
1005 5032 1170 5100 abentem
1194 5047 1314 5098 secum
1337 5029 1505 5117 gregorio
1528 5029 1707 5118 preposito
1723 5036 1759 5099 et
1775 5029 1994 5100 berenardus
2016 5023 2265 5099 advocatorem
2280 5028 2438 5098 eiusdem
2516 5111 2519 5116 ¹

582 5183 641 5251 sui
660 5183 885 5270 monasterii3
902 5187 938 5252 et
961 5184 1039 5252 ideo
1062 5184 1187 5254 ordine
1210 5184 1458 5253 conbenientie
1473 5183 1569 5252 iusta
1585 5184 1700 5272 legem
1714 5183 1813 5252 dedit
1836 5187 1872 5251 et
1887 5183 2036 5252 tradidit
2052 5184 2155 5252 nobis
2179 5201 2250 5252 una
2272 5183 2376 5270 pecia
2397 5183 2440 5251 de

581 5336 689 5404 rebus
711 5336 951 5424 pertinentem
975 5336 1133 5406 eiusdem
1155 5335 1211 5404 sui
1235 5336 1455 5422 monasterii,
1480 5336 1574 5424 quod
1598 5339 1682 5406 abet
1706 5337 1745 5404 in
1770 5335 1845 5402 loco
1870 5336 1998 5423 barrae,
2022 5333 2068 5404 ad
2092 5335 2352 5421 pastenandum
2376 5335 2442 5404 ibi-

581 5486 659 5556 dem
683 5489 905 5578 nucillitum,
923 5491 1016 5558 sicut
1039 5491 1180 5560 videtur
1204 5507 1279 5558 esse
1303 5489 1401 5560 infra
1423 5508 1463 5558 ec
1485 5490 1569 5559 finis
1591 5495 1628 5560 et
1650 5491 1851 5560 mensurie:
1877 5489 1920 5558 de
1943 5508 2015 5557 uno
2039 5489 2151 5559 latere
2175 5489 2246 5560 tine
2269 5495 2390 5560 nostra
2405 5495 2442 5558 et

579 5645 711 5732 tanget
734 5643 910 5714 modicum
933 5645 973 5712 in
996 5646 1067 5712 fine
1090 5645 1262 5730 iohanni,
1292 5651 1376 5714 sunt
1406 5663 1527 5733 passos
1550 5645 1734 5733 octoginta
1757 5644 1853 5713 dno:
1887 5643 1930 5712 de
1960 5645 2115 5713 subtano
2146 5645 2261 5732 capite
2290 5645 2361 5716 fine
2383 5663 2445 5732 pe-

582 5796 630 5865 tri
657 5799 880 5888 presbiteri,
909 5805 992 5870 sunt
1015 5818 1135 5888 passos
1158 5799 1288 5888 uiginti
1312 5805 1491 5888 quatuor:
1518 5799 1561 5868 de
1585 5797 1659 5869 alia
1681 5802 1782 5886 parte
1807 5797 1877 5866 tine
1902 5797 2039 5866 termiti
2059 5846 2069 5885 ‚
2092 5802 2177 5866 sunt
2199 5816 2320 5886 passos
2342 5819 2447 5872 sexa-
