5466 7106
609 520 677 596 lae
1242 520 1417 596 OODEX
1452 519 1718 596 olvnnsls

557 749 681 817 nostre
704 750 795 818 bone
819 749 1030 838 boluntatis,
1048 770 1111 838 per
1135 768 1204 821 ane
1226 747 1404 820 cartulam
1420 767 1482 838 per
1498 747 1759 821 absolutionem
1782 745 2027 834 suprascripte
2046 746 2199 834 gloriose
2214 747 2417 837 potestatis,

556 913 661 988 quem
684 901 787 972 nobis
819 903 977 973 dandum
1007 902 1142 972 direxit
1163 921 1226 991 per
1250 901 1431 972 bisinianc
1454 900 1610 971 sculdais
1641 903 1726 970 ante
1748 898 1931 987 presentia
1954 897 2211 987 ragemprandi
2233 897 2345 968 iudici
2373 906 2411 972 et

556 1051 622 1121 alii
644 1055 765 1141 testes,
790 1054 982 1124 secundum
1004 1053 1064 1124 lex
1086 1057 1122 1124 et
1144 1055 1358 1124 consuetudo
1381 1056 1436 1124 est
1458 1054 1578 1142 gentis
1601 1055 1721 1121 nostre
1743 1068 1998 1138 romanorum,
2023 1049 2320 1120 benumdedimus
2343 1050 2411 1120 ad·

557 1223 626 1292 que
649 1205 696 1276 ad
717 1222 855 1294 semper
878 1160 1055 1280 abendum
1078 1206 1368 1277 confirmabimus
1392 1206 1459 1276 tibi
1484 1207 1659 1277 aldemari
1684 1207 1876 1295 presbiteri
1900 1208 1938 1276 et
1961 1205 2084 1276 abbati
2107 1203 2259 1276 ecclesia
2295 1204 2413 1277 sancti

555 1359 728 1445 gramatii
759 1361 887 1432 inclita
908 1363 988 1450 ipsa
1010 1365 1111 1432 terra
1132 1377 1215 1429 cum
1237 1380 1322 1432 casa
1344 1380 1408 1450 per
1430 1359 1633 1449 supradicte
1655 1361 1739 1430 linis
1761 1363 1798 1430 et
1819 1359 2029 1448 mensuris,
2061 1359 2217 1446 qualiter
2239 1361 2409 1449 superius

558 1511 703 1602 legitur,
727 1514 773 1584 ad
795 1515 969 1586 securiter
992 1517 1029 1586 et
1052 1514 1205 1586 firmiter
1228 1515 1352 1586 amodo
1374 1518 1411 1584 et
1433 1532 1567 1602 semper
1590 1517 1631 1582 tu
1655 1511 1844 1582 iamdictus
1866 1513 2041 1582 aldemari
2063 1517 2099 1581 et
2114 1517 2195 1582 tues
2209 1512 2333 1582 eredes
2349 1531 2415 1582 su-

557 1667 721 1755 predicta
736 1671 860 1738 nostra
875 1669 1048 1738 bindictio
1070 1668 1215 1756 abendi,
1239 1668 1453 1757 possidendi,
1477 1669 1698 1756 dominandi,
1722 1669 1843 1738 omnia
1866 1667 1995 1737 exinde
2019 1666 2173 1738 faciendi
2197 1685 2266 1754 que
2288 1667 2415 1736 bolue·

559 1818 656 1908 ritis,
679 1839 789 1908 asque
812 1821 909 1891 omni
933 1827 1055 1893 nostra
1076 1825 1112 1892 et
1134 1821 1177 1889 de
1200 1821 1331 1889 nostris
1354 1821 1520 1892 eredibus
1543 1823 1837 1893 contrarietatem
1867 1822 1923 1892 uel
1953 1820 2201 1908 requisitione.
2226 1820 2320 1890 unde
2343 1840 2409 1910 pro

558 1973 773 2044 firmandam
795 1977 832 2043 et
854 1974 1145 2044 stabiliscendam
1168 1973 1374 2063 supradicta
1397 1979 1521 2046 nostra
1543 1975 1741 2066 bindictio,
1765 1995 1836 2045 nuc
1860 1997 1883 2047 a
1906 1974 2083 2064 presentis
2106 1975 2307 2063 recepimus
2330 1995 2354 2045 a
2376 1979 2414 2044 te

558 2131 727 2202 iamdicto
751 2131 925 2203 aldemari
950 2132 1061 2202 abbas
1085 2134 1257 2202 statutum
1280 2130 1447 2219 pretium,
1465 2132 1479 2198 i
1503 2133 1588 2200 sunt
1610 2133 1692 2202 auri
1716 2131 1821 2201 solidi
1835 2131 1878 2200 de
1894 2131 1967 2200 tari
1984 2149 2173 2202 numerum
2188 2130 2323 2219 biginti
2341 2150 2416 2202 ana

563 2288 732 2370 quattuor
747 2285 821 2356 tari
837 2303 902 2373 per
916 2284 1044 2354 solidos
1061 2285 1100 2353 in
1115 2283 1231 2352 omnis
1253 2283 1524 2372 deliberatione,
1537 2284 1630 2354 sicut
1653 2285 1746 2354 inter
1769 2303 1834 2353 nos
1857 2285 2046 2356 combenit.
2071 2285 2115 2354 de
2137 2303 2209 2372 qua
2230 2303 2294 2373 per
2317 2286 2411 2356 bona

540 2436 823 2508 ‘combenientia
846 2457 911 2508 nos
932 2438 1094 2509 iamdicti
1117 2442 1231 2509 mater
1255 2442 1291 2506 et
1315 2436 1391 2506 filie
1414 2454 1600 2506 commune
1622 2455 1831 2507 consensum
1854 2437 1989 2526 guadia
2017 2438 2085 2508 tibi
2119 2437 2287 2508 iamdicto
2321 2438 2419 2508 alde·
2467 2441 2479 2462 ⁹

560 2590 655 2658 mari
692 2591 814 2661 abbati
849 2589 1011 2660 dedimus
1034 2594 1071 2660 et
1094 2589 1323 2661 mediatorem
1348 2591 1416 2661 tibi
1439 2567 1620 2678 posuimus
1644 2594 1829 2680 iaquintus
1852 2591 1949 2661 filius
1970 2593 2150 2680 quondam
2173 2593 2352 2679 maraldi3
2377 2597 2414 2663 ct

561 2761 627 2829 per
652 2742 732 2830 ipsa
755 2744 890 2831 guadia
913 2743 1152 2832 obligabimus
1174 2761 1239 2811 nos
1261 2743 1422 2813 iamdicti
1446 2748 1621 2816 meteret
1645 2745 1718 2815 filio
1749 2763 1934 2814 commune
1967 2764 2178 2815 consensum
2213 2749 2249 2815 et
2281 2750 2418 2818 nostris

558 2898 728 2967 eredibus
752 2897 875 2967 amodo
898 2903 935 2966 et
958 2916 1097 2985 semper
1120 2897 1368 2967 antistandum
1391 2902 1427 2967 et
1449 2898 1702 2970 defensandum
1725 2899 1792 2968 tibi
1815 2899 1938 2987 tuique
1961 2900 2125 2970 eredibus
2143 2900 2271 2971 inclita
2285 2919 2413 2990 supra·

562 3048 658 3119 dicta
685 3053 809 3120 nostra
832 3047 1049 3118 bindictione
1072 3068 1153 3116 cum
1176 3048 1254 3116 bice
1276 3049 1319 3117 de
1342 3050 1419 3138 ipse
1441 3049 1605 3119 anditum
1640 3070 1663 3120 a
1691 3070 1777 3140 pars
1800 3070 1912 3124 uxore
1935 3070 2085 3140 meaque
2108 3053 2281 3123 romoaldi
2306 3055 2344 3124 et
2367 3053 2414 3126 da

560 3221 683 3276 omnes
706 3208 843 3274 omines
866 3205 1032 3292 omnique
1054 3201 1233 3292 partibus,
1256 3201 1399 3291 quando
1422 3207 1544 3274 autem
1564 3209 1605 3274 tu
1627 3208 1664 3275 et
1687 3206 1759 3274 tuis
1781 3205 1946 3274 eredibus
1969 3206 2012 3275 de
2047 3207 2255 3294 supradicta
2286 3209 2415 3280 nostra

561 3359 781 3430 bindictione
817 3377 880 3447 per
916 3377 977 3426 vos
1003 3357 1093 3446 ipsis
1117 3355 1301 3427 bolueritis
1323 3361 1415 3426 esset
1438 3363 1619 3429 auctorem
1641 3365 1678 3430 et
1700 3360 1910 3449 defensore,
1933 3365 2146 3450 potestatem
2168 3365 2307 3434 abeatis
2333 3363 2412 3432 vice

560 3517 684 3584 nostra
706 3531 788 3583 cum
811 3514 883 3582 ista
905 3511 1044 3582 cartula
1067 3515 1103 3582 et
1125 3531 1205 3582 cum
1228 3515 1390 3582 omnibus
1413 3515 1630 3605 rationibus,
1648 3535 1717 3603 que
1733 3517 1817 3587 inde
1834 3520 1941 3590 abere
1956 3517 2159 3608 potueritis,
2184 3521 2225 3590 in
2247 3520 2413 3590 omnibus

560 3667 644 3738 inde
669 3685 819 3738 causare
841 3671 878 3737 et
900 3667 1008 3736 finem
1030 3667 1162 3757 facere,
1176 3666 1335 3756 qualiter
1351 3669 1548 3758 bolueritis;
1565 3687 1663 3758 nam,
1680 3669 1823 3758 quando
1846 3689 1911 3740 nos
1925 3675 1962 3742 et
1978 3673 2113 3742 nostris
2137 3672 2304 3743 eredibus
2328 3693 2416 3762 que·

560 3819 695 3891 sieritis
717 3819 848 3890 exinde
871 3822 978 3890 abere
1001 3822 1182 3890 auctorem
1197 3824 1233 3889 et
1249 3819 1447 3909 defensore,
1472 3839 1537 3890 nos
1553 3827 1674 3892 autem
1697 3828 1733 3894 et
1757 3824 1889 3894 nostris
1912 3825 2077 3895 eredibus
2102 3825 2205 3898 illum
2228 3830 2328 3900 vobis
2351 3831 2413 3901 de·

561 3973 753 4060 lensemus,
777 3971 870 4043 sicut
892 3973 1056 4062 superius
1071 3942 1218 4060 legitur.
1236 3974 1281 4042 m
1296 3974 1327 4042 si
1343 3973 1466 4044 taliter
1481 3977 1545 4043 etc.
1562 3976 1711 4052 statuta
1725 3977 1860 4044 mulcta
1882 3978 2144 4064 quinquaqinta
2169 3983 2256 4051 curt
2278 3981 2407 4051 solido-

565 4147 649 4197 rum
671 4127 1119 4199 constantissimam
1134 4125 1256 4197 taliter
1270 4128 1426 4196 scribere
1441 4127 1647 4216 rogabimus
1669 4135 1704 4202 te
1720 4132 1904 4220 iaquintus
1926 4132 2090 4202 notarius
2113 4138 2232 4204 actum
2255 4135 2412 4207 salerno.

608 4253 639 4370 †
663 4283 739 4370 Ego
762 4282 823 4370 qui
847 4281 1264 4372 supra-regemprandus
1288 4281 1412 4352 iudex.

1290 4536 1696 4552 σ--ι--Ἦ

1243 4795 1731 4882 DCCLXXXVIII.

1339 5029 1393 5106 A.
1421 5027 1471 5106 D.
1500 5025 1628 5110 1026.

611 5215 648 5357 †
674 5269 715 5336 ln
738 5267 882 5337 nomine
905 5268 1041 5339 domini
1065 5269 1245 5340 tricesimo
1267 5289 1360 5342 nono
1382 5275 1408 5358 ¹)
1430 5291 1526 5344 anno
1547 5274 1770 5364 principatus
1792 5277 1912 5346 domni
1935 5279 2131 5370 guaimari,
2147 5283 2184 5350 et
2202 5297 2295 5352 nono
2317 5298 2418 5356 anno

565 5425 793 5514 principatus
816 5423 937 5493 domni
961 5423 1143 5513 guaimari
1166 5423 1232 5493 lilii
1256 5425 1345 5516 eius,
1368 5426 1514 5515 gloriosi
1542 5428 1779 5516 principibus,
1809 5447 1929 5500 mense
1952 5431 2146 5522 decembri,
2182 5433 2321 5507 decima
2358 5436 2417 5506 in·

565 5877 567 5880 ¹
606 5799 630 5880 ⁴)
652 5800 751 5879 Lege:
777 5802 940 5865 tricesimo
962 5809 1084 5869 octaua
