5414 7098
1026 586 1427 660 ulPlrottlTlcus
2063 589 2100 660 lt

293 809 331 878 et
355 805 386 873 si
411 806 633 877 noluerimus
657 807 738 876 illut
743 856 870 878 .....
889 827 1059 897 reponere
1074 817 1110 881 et
1124 812 1326 882 dederimus
1349 831 1473 883 eorum
1491 811 1624 883 ibidem
1647 831 1845 902 organeum
1862 815 1908 884 da
1923 816 2061 904 uinum,
2078 817 2151 886 illis

295 961 412 1045 ipsum
437 977 634 1048 organeum
657 963 839 1034 conciaret
862 967 994 1034 bonum
1017 969 1053 1034 et
1076 927 1281 1036 studiarent
1304 970 1340 1036 et
1364 966 1440 1056 ipso
1463 969 1589 1036 vinum
1605 971 1825 1036 nostrum..
1848 1015 1856 1034 .
1878 974 2091 1056 .reponeret
2106 971 2149 1038 in

209 1221 211 1226 Ι
296 1111 454 1182 reditum
469 1113 525 1182 vel
541 1133 637 1202 casa,
654 1117 747 1203 quod
770 1117 822 1186 ibi
845 1117 1007 1206 iecerint,
1023 1121 1059 1186 et
1076 1119 1194 1189 iaciad
1217 1122 1319 1189 nobis
1344 1121 1426 1190 illut
1449 1121 1601 1210 salbum,
1625 1121 1737 1191 donec
1760 1122 1843 1192 illut
1867 1122 1951 1192 inde
1974 1121 2142 1193 tollamus

295 1272 431 1357 absque
454 1269 733 1357 degeneratione
756 1274 793 1340 et
816 1273 976 1361 inguen,
1000 1275 1051 1360 et,
1074 1274 1158 1342 dum
1181 1275 1252 1363 ipsi
1275 1277 1374 1346 missi
1396 1277 1511 1346 nostri
1526 1278 1577 1348 ibi
1592 1277 1733 1347 steterit
1757 1297 1821 1366 pro
1845 1280 1926 1366 ipsa
1947 1279 2141 1369 vindemia,

297 1421 370 1490 illis
400 1439 460 1489 eos
482 1423 662 1492 nutrirent
685 1423 879 1492 secundum
902 1444 1004 1494 suam
1026 1426 1278 1513 possivilitate.
1297 1429 1351 1498 Ad
1366 1429 1521 1517 conpleti
1538 1431 1608 1516 ipsi
1631 1429 1816 1500 duodecim
1838 1431 1927 1500 anni
1950 1433 2085 1502 abeant
2108 1432 2148 1500 in

299 1577 375 1644 tota
398 1574 476 1663 ipsa
499 1576 602 1662 peoia
625 1575 734 1645 uinea
748 1570 859 1664 lacta,
875 1581 911 1647 et
925 1584 1086 1667 operata,
1100 1583 1136 1647 et
1151 1581 1303 1670 cultata,
1320 1586 1356 1652 et
1373 1583 1548 1671 inpalata‚
1567 1601 1629 1651 seu
1646 1581 1869 1669 cannietum,
1884 1583 1940 1651 vel
1955 1583 2147 1654 salicetum

199 1723 201 1726 ’
295 1745 359 1798 seu
383 1729 511 1816 pomis,
536 1732 631 1800 sicut
653 1731 697 1800 de
719 1736 839 1802 tantos
862 1749 976 1800 annos
999 1731 1096 1801 locus
1113 1735 1190 1822 ipse
1204 1734 1390 1822 meruerit,
1406 1739 1442 1804 et
1456 1735 1549 1804 scire
1572 1753 1636 1802 nos
1659 1735 1797 1805 faciant
1820 1737 1866 1805 ad
1896 1736 2003 1807 uinea
2025 1740 2148 1826 plena,

295 1887 332 1952 ct
355 1883 518 1954 dividant
541 1887 618 1954 tota
641 1885 721 1972 ipsa
744 1888 1033 1973 pastenationem
1056 1906 1121 1974 per
1144 1886 1303 1956 medium
1329 1887 1509 1974 equaliter
1533 1887 1628 1958 iusta
1650 1888 1848 1966 rationem,
1873 1893 1909 1958 et
1931 1910 2016 1977 pars
2032 1891 2148 1981 ipsius

296 2036 445 2106 ecclesie
459 2039 496 2105 et
512 2055 576 2104 nos
592 2038 747 2125 predicti
765 2041 945 2108 consortes
962 2038 1016 2108 vel
1033 2039 1165 2108 nostris
1181 2040 1349 2109 eredibus
1363 2040 1694 2128 conprehendamus
1711 2040 1794 2110 inde
1809 2042 1910 2128 prius
1925 2045 2032 2130 quale
2047 2048 2151 2131 parte

296 2189 531 2278 uoluerimus,
556 2191 651 2260 unde
673 2211 758 2278 pars
783 2192 896 2278 ipsius
918 2190 1068 2261 ecclesie
1094 2193 1206 2262 tollad
1228 2196 1266 2262 et
1288 2194 1402 2263 abead
1425 2193 1667 2280 medietatem,
1691 2199 1727 2263 et
1749 2212 1814 2262 nos
1847 2195 2089 2286 medietatem,
2113 2205 2151 2268 et

296 2342 343 2411 ad
368 2342 438 2429 ipsi
463 2342 626 2431 germani
651 2347 913 2431 pastenatores,
930 2347 987 2416 vel
1001 2347 1047 2415 ad
1070 2343 1214 2414 illorum
1229 2345 1366 2433 eredes,
1385 2345 1571 2414 tradamus
1586 2345 1625 2412 in
1640 2348 1737 2414 sorte
1753 2345 1832 2433 ipsa
1847 2347 1922 2416 alia
1943 2349 2152 2436 medietate,

298 2514 363 2584 per
388 2495 462 2568 tale
485 2498 714 2568 securitatem
739 2501 867 2568 bonam
890 2499 1044 2587 iactam,
1068 2503 1109 2567 ut
1131 2500 1228 2568 omni
1252 2503 1409 2585 tempore
1431 2498 1602 2566 securiter
1626 2497 1708 2565 illut
1733 2499 1840 2569 abere
1863 2505 2008 2587 possent
2030 2503 2153 2574 delen·

297 2655 416 2720 satum
438 2671 501 2740 per
525 2669 588 2720 nos
611 2657 648 2721 et
671 2656 803 2724 nostris
826 2653 989 2724 eredibus
1012 2657 1048 2724 et
1071 2672 1134 2742 per
1157 2671 1241 2742 pars
1263 2652 1376 2739 ipsius
1399 2650 1546 2719 ecclesie
1567 2648 1615 2720 da
1637 2668 1759 2720 omnes
1790 2653 1950 2722 homines
1978 2657 2145 2744 omnique

297 2807 485 2892 partibus:
510 2805 664 2875 reditum
688 2811 724 2876 et
746 2807 966 2894 palmentum
990 2806 1084 2892 quod
1107 2803 1157 2876 ibi
1181 2805 1361 2893 abuerint,
1384 2805 1414 2873 si
1439 2807 1579 2874 venerit
1593 2807 1633 2874 in
1656 2808 1811 2876 sortione
1835 2827 1913 2896 sua,
1930 2811 2053 2878 aberet
2070 2809 2150 2880 illut

299 2958 386 3043 sivi;
411 2962 447 3026 et
468 2960 499 3026 si
525 2959 664 3027 venerit
687 2959 727 3025 in
750 2959 905 3028 sortione
928 2963 1065 3046 nostra,
1089 2959 1282 3046 potestates
1305 2960 1437 3025 abeant
1460 2955 1541 3024 illut
1566 2957 1648 3024 inde
1671 2957 1874 3026 disturbare
1890 2963 1925 3026 et
1940 2962 2085 3046 portare
2100 2961 2146 3030 ad

297 3129 401 3178 suam
423 3113 626 3180 sortionem.
652 3115 696 3180 ut
719 3111 971 3200 sialiquando
996 3113 1075 3200 ipsa
1091 3106 1157 3181 s'ua
1174 3109 1331 3179 sortione
1354 3111 1523 3181 daturam
1539 3114 1604 3180 aut
1621 3111 1845 3180 vindituram
1868 3115 2054 3202 abuerint,
2077 3133 2150 3186 non
2292 3114 2293 3118 ’

302 3268 436 3335 abeant
458 3265 671 3354 potestatem
694 3267 908 3352 cuicumque
932 3265 1014 3335 illut
1037 3265 1090 3332 uel
1112 3263 1242 3334 exinde
1266 3263 1416 3333 vindere
1439 3269 1502 3333 aut
1523 3265 1625 3350 dare,
1649 3265 1701 3332 sic
1718 3267 1758 3332 ut
1774 3265 1817 3333 de
1834 3265 1975 3334 illorum
1998 3273 2154 3354 potesta-

297 3425 369 3491 tem
387 3421 465 3494 siad
482 3425 712 3510 sustractum3
726 3425 846 3512 preter
857 3422 960 3493 nobis
977 3420 1179 3508 nostrisque
1193 3417 1385 3489 heredibus
1402 3427 1438 3494 et
1456 3422 1495 3489 in
1512 3439 1597 3506 pars
1608 3417 1720 3508 ipsius
1733 3419 1883 3491 ecclesie
1896 3421 1979 3490 illut
1992 3422 2143 3493 vindant

297 3579 343 3648 ad
367 3582 460 3648 iusto
483 3583 640 3668 pretium
664 3599 732 3668 que
758 3582 849 3648 iuste
872 3577 981 3648 suerit
1004 3576 1270 3666 appretiatum,
1293 3581 1330 3646 et
1352 3576 1490 3647 saciant
1512 3593 1577 3644 nos
1599 3576 1683 3644 inde
1706 3576 1797 3643 scire
1821 3594 1886 3663 pro
1909 3576 1992 3644 illut
2016 3577 2143 3648 tollen·

297 3737 382 3805 dum
405 3753 468 3822 per
490 3733 599 3802 tertio
622 3735 854 3804 constitutum
880 3751 991 3821 usque
1014 3734 1089 3800 dies
1112 3731 1265 3820 triginta
1281 3751 1359 3818 sex3
1384 3737 1421 3801 et
1437 3734 1469 3800 si
1494 3731 1591 3802 inira
1615 3731 1693 3819 ipsa
1709 3731 1907 3799 constituta
1923 3731 2144 3800 noluerimus

298 3889 381 3958 illut
405 3907 521 3958 emere
544 3893 580 3958 et
603 3889 688 3957 dare
711 3889 795 3956 inde
818 3905 941 3956 eorum
962 3887 1058 3955 iusto
1082 3885 1238 3954 baliente
1262 3883 1431 3974 pretium,
1455 3889 1534 3972 post
1558 3883 1637 3972 ipsa
1652 3881 1848 3952 constituta
1865 3881 1979 3953 licead
1995 3883 2069 3951 illis
2085 3902 2144 3952 eos

297 4045 384 4114 dare
407 4041 466 4111 cui
490 4039 668 4130 voluerit3
693 4040 829 4111 namsi
853 4044 937 4108 ante
961 4039 1039 4126 ipsa
1062 4037 1269 4126 constituta,
1292 4037 1323 4106 si
1347 4038 1562 4124 cuicumque
1581 4037 1663 4106 illut
1678 4037 1734 4104 uel
1750 4034 1880 4104 exinde
1895 4035 2072 4125 dederint,
2095 4037 2147 4106 sic

299 4203 340 4268 ut
364 4199 407 4268 de
431 4197 575 4264 illorum
598 4199 809 4285 potestatem
832 4199 924 4262 esset
946 4196 1187 4280 sustractum,
1212 4194 1290 4263 sine
1312 4194 1467 4280 pretium
1489 4193 1653 4263 rebertad
1677 4191 1722 4262 ad
1745 4195 1905 4260 nostram
1929 4195 2144 4279 potestatem

297 4357 334 4421 et
356 4353 399 4422 de
421 4369 506 4440 pars
522 4351 633 4440 ipsius
649 4350 811 4435 ecclesie,
827 4353 864 4418 et
879 4351 1045 4416 stetimus
1061 4365 1125 4415 nos
1140 4347 1326 4417 defensare
1342 4347 1485 4416 illorum
1500 4349 1577 4416 tota
1592 4343 1769 4415 iamdicta
1782 4344 2016 4414 traditionem
2033 4363 2146 4432 usque

300 4509 370 4596 ipsi
394 4508 579 4577 duodecim
603 4509 690 4578 anni
713 4506 868 4594 conpleti
890 4501 971 4573 cum
995 4504 1072 4572 vice
1095 4504 1138 4573 de
1160 4503 1221 4572 bia
1243 4501 1289 4572 da
1312 4519 1433 4571 omnes
1457 4501 1634 4570 homines.
1660 4500 1760 4568 Unde
1785 4499 1825 4567 in
1848 4516 1889 4568 eo
1911 4499 2061 4569 hordine
2077 4517 2140 4586 per

298 4661 589 4732 conbenientiam
613 4661 747 4749 guadia
769 4657 872 4728 nobis
895 4657 1070 4726 dederunt
1094 4655 1164 4744 ipsi
1187 4655 1352 4744 germani
1370 4660 1405 4724 et
1423 4655 1638 4724 mediatores
1664 4655 1768 4722 nobis
1786 4657 1980 4756 posuerunt
1995 4671 2032 4720 se
2046 4651 2150 4739 ipsis,

299 4822 337 4885 ut
357 4819 388 4886 si
411 4817 533 4886 taliter
555 4821 618 4884 cto.
645 4817 792 4883 Stotntu
814 4815 950 4882 nnnlctn
973 4814 1132 4899 triginta
1155 4813 1241 4880 nuri
1263 4813 1458 4880 solidornrn
1485 4810 1730 4880 Constantini.
1750 4809 1796 4876 Et
1819 4824 1883 4894 pro
1907 4811 2010 4894 parte
2034 4803 2150 4893 ipsius

298 4969 445 5040 ecclesie
470 4971 596 5040 scribsi
619 4989 685 5058 ego
708 4969 904 5056 myrandus
928 4967 1105 5037 notarius,

345 5103 376 5220 †
400 5126 475 5215 Ego
500 5123 665 5198 alderissi
689 5127 852 5194 notarius
875 5143 932 5192 me
954 5123 1161 5191 subscribsi.

342 5255 373 5372 †
398 5283 473 5373 Ego
496 5279 679 5351 dauferius
703 5277 865 5348 notarius
888 5293 944 5343 me
967 5273 1173 5362 subscripsi.
