5422 7102
987 679 989 688 k
1047 589 1447 662 nrrnonarmus

1087 1055 1406 1136 DCthLIX.

1103 1325 1158 1402 A.
1187 1324 1236 1401 D.
1266 1322 1396 1403 1033.

366 1532 403 1672 †
427 1585 466 1650 ln
490 1585 631 1651 nomine
655 1584 788 1650 domini
814 1583 1053 1652 sextodecimo
1077 1603 1173 1652 anno
1190 1584 1413 1671 principatus
1430 1585 1550 1653 domni
1568 1587 1680 1653 nostri
1698 1585 1893 1673 guaimarii
1911 1585 2056 1672 gloriosi
2076 1584 2175 1672 prin·

320 1736 411 1822 cipis
435 1734 502 1804 filii
528 1735 706 1821 quondam
730 1735 850 1804 domni
873 1727 1085 1823 guaimarii,
1110 1755 1231 1805 mense
1254 1740 1457 1824 nobember,
1481 1737 1637 1806 secunda
1654 1737 1860 1806 indictione.
1883 1737 2174 1806 tlemoratorium

321 1889 452 1956 sactum
476 1907 499 1956 a
521 1905 578 1955 me
602 1887 759 1956 laurenti
784 1889 895 1958 abbas
919 1892 1134 1957 monasterio
1157 1889 1275 1957 sancti
1301 1886 1514 1975 archangeli
1538 1887 1601 1974 qui
1626 1890 1868 1954 constructum
1894 1889 1949 1955 est
1982 1887 2022 1954 in
2053 1893 2174 1957 monte

321 2042 363 2110 de
387 2043 571 2130 cilentum,
596 2061 635 2112 eo
659 2042 750 2129 quod
772 2049 856 2113 ante
878 2044 1070 2131 subscripti
1095 2043 1231 2112 idoneis
1256 2043 1436 2110 ominibus
1460 2037 1651 2110 coniuntus
1673 2059 1754 2108 sum
1779 2060 1860 2108 eum
1865 2092 1973 2110 .....
1999 2046 2036 2110 et
2068 2043 2176 2131 guai-

322 2195 459 2266 marius
482 2199 645 2284 germani
668 2196 737 2264 filii
759 2198 929 2284 guaitam,
953 2201 989 2265 et
1012 2217 1093 2264 eum
1118 2196 1311 2282 maraldus,
1327 2199 1363 2263 et
1378 2195 1485 2282 mai0,
1501 2198 1537 2261 et
1552 2191 1725 2280 landolfo,
1742 2197 1779 2262 et
1795 2193 1982 2281 madelm0‚
2000 2198 2036 2264 et
2053 2195 2178 2282 lando,

322 2351 487 2433 germani
509 2348 575 2416 filii
600 2349 777 2434 quondam
802 2350 1021 2434 adelmundi,
1046 2354 1081 2418 et
1106 2329 1281 2418 iohannes
1301 2352 1337 2416 et
1353 2351 1449 2434 poto,
1473 2345 1637 2434 germani
1661 2347 1730 2414 filii
1753 2347 1933 2434 quondam
1957 2348 2092 2416 maioni
2118 2366 2177 2414 co·

322 2503 472 2570 mitibus
476 2549 616 2570 ......
643 2507 785 2590 propter
809 2502 900 2588 quod
923 2503 992 2590 ipsi
1015 2520 1138 2571 omnes
1162 2503 1394 2592 suprascripti
1419 2504 1607 2571 comitibus
1629 2507 1758 2572 tenunt
1780 2506 1957 2592 comitate,
1974 2523 2037 2590 ρετ
2061 2505 2177 2572 nomi-

322 2657 459 2728 natibis
483 2655 570 2724 locis
593 2656 756 2743 camella,
780 2662 816 2724 et
840 2655 1060 2744 ancilla-dei,
1077 2661 1112 2724 et
1128 2659 1297 2744 palearea
1313 2658 1455 2727 lucanie
1475 2709 1482 2724 .
1501 2711 1509 2726 .
1528 2710 1535 2725 .
1552 2707 1560 2723 .
1578 2662 1681 2744 parte
1697 2659 1894 2744 supradicti
1909 2658 2031 2726 domni
2047 2659 2172 2728 eximii

323 2806 516 2894 principiS,
539 2807 632 2874 unde
656 2807 756 2874 modo
780 2805 848 2892 ipsi
871 2825 992 2875 omnes
1015 2811 1250 2896 suprascripti
1276 2810 1465 2880 comitibus
1488 2830 1552 2898 ρετ
1574 2810 1732 2879 iussione
1755 2814 1998 2899 suprascripte
2016 2814 2171 2901 gloriose

323 2961 510 3044 potestatis
533 2959 762 3027 tradiderunt
785 2959 830 3029 ad
853 2961 1030 3043 potestate
1053 2979 1134 3030 mea
1164 2968 1200 3030 et
1231 2961 1271 3028 in
1293 2982 1378 3050 pars
1401 2963 1513 3050 ipsius
1536 2964 1747 3032 monasterii
1772 2982 1846 3034 una
1875 2965 1976 3051 pecia
1999 2965 2041 3034 de
2072 2970 2173 3034 terra

323 3131 391 3198 que
415 3115 468 3181 est
492 3111 587 3179 inter
609 3109 742 3178 batolla
765 3114 801 3178 et
824 3111 904 3194 ipsa
927 3111 1091 3199 camella,
1115 3117 1151 3181 et
1175 3119 1228 3182 est
1251 3135 1314 3202 per
1338 3135 1378 3186 as
1408 3117 1497 3185 fines
1531 3121 1568 3185 et
1603 3135 1819 3186 mensuras:
1846 3123 1992 3205 aparte
2023 3123 2175 3205 septem·

321 3266 448 3335 trionis
470 3285 533 3353 per
557 3267 697 3336 ballone
720 3267 782 3352 qui
806 3272 858 3335 est
883 3268 922 3335 in
945 3275 1048 3354 parte
1072 3269 1115 3336 de
1139 3269 1217 3356 ipsa
1242 3269 1388 3354 batolla,
1406 3273 1492 3337 sunt
1509 3270 1593 3338 inde
1610 3271 1707 3357 passi
1731 3273 1875 3338 eentum
1895 3269 2175 3358 quinquaginta:

215 3505 219 3512 Ι
322 3420 471 3504 aparte
494 3417 644 3487 meridie
668 3420 738 3487 line
762 3419 834 3486 alio
858 3419 999 3488 ballone
1021 3421 1082 3504 qni
1107 3423 1161 3487 est
1183 3420 1227 3486 de
1251 3419 1330 3506 ipsa
1352 3421 1517 3508 camella,
1542 3422 1625 3489 inde
1648 3427 1734 3490 sunt
1757 3424 1853 3510 passi
1877 3421 2042 3490 duocenti
2062 3439 2174 3490 nona·

321 3570 438 3658 ginta,
462 3573 498 3637 ct
520 3589 583 3656 per
609 3571 810 3639 trabersum
833 3570 937 3655 quasi
962 3571 1000 3636 in
1023 3589 1108 3656 pars
1132 3570 1282 3638 orientis
1307 3574 1405 3656 passi
1431 3575 1573 3640 centum
1597 3571 1880 3659 quinquaginta,
1904 3571 2076 3658 quomodo
2099 3573 2173 3637 ter-

323 3721 402 3791 miti
425 3723 499 3790 ficti
523 3727 617 3808 sunt,
641 3725 756 3789 totum
779 3725 1025 3790 mensuratum
1048 3721 1093 3790 ad
1117 3722 1211 3790 iusto
1235 3740 1381 3810 passum
1406 3723 1549 3792 ominis.
1574 3727 1623 3793 Ec
1646 3726 1768 3812 itaque
1792 3725 1890 3812 pecia
1920 3724 1964 3792 de
1986 3727 2087 3792 terra
2111 3741 2175 3808 per

323 3875 510 3943 iamdictas
534 3876 623 3943 fines
646 3877 683 3941 et
706 3891 895 3940 mensuras
918 3892 981 3958 per
1005 3875 1268 3945 combenientia
1291 3875 1382 3943 mihi
1406 3877 1635 3945 tradiderunt
1657 3876 1721 3946 tali
1746 3877 1899 3964 ordine,
1925 3881 1965 3944 ut
1989 3877 2113 3947 amodo
2136 3879 2174 3943 et
2304 3936 2307 3942 ,

325 4049 464 4118 semper
487 4047 553 4116 ego
577 4033 613 4097 et
638 4045 857 4097 successores
881 4046 975 4096 meos
998 4032 1034 4096 et
1056 4027 1220 4114 partibus
1245 4027 1357 4114 ipsius
1381 4031 1574 4099 monasteri
1590 4034 1805 4118 potestatem
1822 4031 1992 4097 abeamus
2007 4029 2052 4096 de
2069 4029 2174 4097 ambo

323 4183 392 4271 ipsi
415 4181 548 4252 balloni
574 4201 668 4269 aqua
692 4182 812 4250 labare
835 4185 871 4249 et
894 4179 934 4246 in
957 4179 1037 4266 ipsa
1059 4179 1159 4266 pecia
1181 4179 1224 4247 de
1241 4183 1341 4248 terra
1357 4181 1492 4249 molina
1506 4180 1690 4268 edificare,
1716 4181 1871 4268 qualiter
1889 4179 2119 4266 boluerimus,
2135 4183 2172 4248 et

324 4333 406 4402 illut
431 4334 621 4420 abendum,
647 4333 915 4418 dominandum,
938 4331 1190 4418 possidendum
1215 4335 1251 4400 et
1273 4330 1396 4400 omnia
1421 4332 1551 4400 exinde
1575 4333 1778 4402 faciendum
1802 4350 1866 4399 nos
1889 4332 1945 4399 vel
1962 4350 2046 4418 pars
2061 4330 2175 4418 ipsius

194 4557 196 4559 ,
322 4487 533 4574 monasteri,
558 4486 712 4574 qualiter
736 4489 838 4555 nobis
860 4485 1052 4573 placuerit,
1070 4493 1180 4570 asque
1195 4481 1293 4550 omni
1313 4481 1456 4548 illorum
1472 4482 1727 4551 contrarietate
1744 4483 1800 4550 vel
1817 4481 2062 4568 requisitione,
2079 4482 2174 4548 siout

327 4645 488 4709 nostrum
514 4643 718 4728 preceptum
741 4638 912 4724 continet,
938 4636 1030 4723 quod
1052 4635 1183 4704 exinde
1206 4637 1389 4706 firmatum
1412 4637 1558 4704 abemus
1581 4655 1703 4723 apars
1719 4635 1918 4723 supradicti
1935 4633 2055 4702 domni
2072 4633 2171 4720 prin·

232 4826 238 4836 ·
323 4795 425 4882 cipis.
451 4795 497 4862 Et
519 4813 583 4880 per
607 4795 705 4860 bona·
722 4789 985 4859 combenientia
1008 4749 1257 4874 obligaberunt
1279 4806 1317 4856 se
1352 4788 1363 4854 i
1390 4807 1509 4857 omnes
1537 4789 1773 4876 suprascripti
1804 4787 1993 4856 comitibus
2026 4790 2064 4854 et
2097 4785 2176 4853 suis

323 4949 489 5016 eredibns
512 4946 650 5032 amod0,
675 4950 711 5014 et
733 4945 818 5011 dum
845 4942 917 5010 illis
941 4941 1017 5030 ipso
1042 4942 1252 5009 comitatum
1288 4941 1325 5007 in
1361 4941 1448 5026 ipsis
1481 4940 1644 5027 partibus
1676 4941 1849 5027 tenuerit,
1875 4939 2062 5008 defensare
2085 4937 2176 5005 mihi

322 5101 465 5188 meique
490 5118 724 5187 successores,
749 5099 806 5167 vel
830 5099 868 5167 in
885 5098 1048 5185 partibus
1064 5095 1177 5183 ipsius
1192 5095 1413 5179 monasterii,
1433 5091 1560 5160 inclita
1579 5093 1824 5179 suprascripta
1849 5091 1992 5158 illorum
2007 5092 2177 5161 tradictio

322 5273 386 5340 ρετ
411 5253 579 5323 iamdicte
603 5253 686 5320 finis
709 5258 744 5320 et
767 5250 961 5337 mensuris,
985 5268 1067 5317 cum
1091 5247 1170 5316 bice
1193 5247 1237 5314 de
1260 5243 1318 5312 bie
1342 5263 1420 5331 sua,
1445 5245 1490 5313 da
1513 5263 1551 5312 se
1576 5243 1663 5331 ipsis
1686 5243 1875 5312 comitibus
1899 5248 1935 5311 et
1957 5244 2004 5314 da
2029 5244 2173 5313 nedibus

323 5408 468 5477 illorum
492 5411 528 5476 et
550 5407 597 5476 da
620 5424 742 5474 omnes
765 5405 927 5490 omines,
951 5400 1013 5488 qui
1037 5401 1077 5467 in
1099 5401 1177 5487 ipso
1201 5398 1405 5466 comitatum
1429 5394 1571 5462 illorum
1594 5395 1777 5464 abitantes
1811 5397 1926 5482 sunt,
1949 5397 2174 5482 sceptuatum

323 5564 370 5632 da
393 5579 479 5650 pars
502 5559 739 5648 suprascripti
764 5555 911 5644 gloriosi
933 5551 1121 5641 principis.
1147 5552 1193 5617 Et
1215 5550 1247 5617 si
1272 5547 1395 5618 taliter
1419 5548 1540 5616 omnia
1563 5545 1808 5634 suprascripta
1831 5548 1921 5616 mihi
1955 5551 1991 5614 et
2023 5545 2069 5615 ad
2095 5565 2175 5614 suc·

328 5731 486 5783 cessores
509 5729 619 5798 meos,
644 5709 700 5778 vel
725 5709 763 5775 in
786 5725 871 5795 pars
893 5705 1007 5793 ipsius
1029 5703 1252 5790 monasterii,
1276 5719 1348 5770 non
1372 5699 1620 5788 adimpleberit
1642 5704 1678 5768 et
1700 5701 1831 5788 aliquit
1857 5701 1900 5769 de
1915 5702 2037 5770 omnia
2052 5719 2177 5787 supra·

325 5871 464 5956 scripta
487 5867 671 5935 remobere
694 5867 759 5932 aut
782 5863 947 5929 contrare
970 5857 1165 5944 quesierit,
1189 5873 1252 5942 per
1275 5856 1369 5922 bona
1391 5853 1652 5924 combenientia
1676 5873 1889 5944 componere
1921 5853 2177 5943 obligaberunt
