5466 7106
999 552 1450 630 bistonllblcbs
2040 552 2107 627 lle

296 779 387 862 illut
409 779 449 850 in
473 794 633 869 organon
649 796 717 868 que
732 797 817 869 pars
840 777 953 867 ipsius
976 779 1147 850 aecclesie
1163 783 1215 851 eis
1232 781 1352 870 ibique
1376 783 1662 873 adsignaberint.
1680 785 1733 854 lta
1750 785 1791 852 ut
1806 785 1885 870 ipsa
1900 797 2058 870 organea
2075 797 2154 868 per-

296 935 395 1012 ¹secta
420 932 604 1002 conciarst
625 934 664 1002 et
686 931 863 1002 studiaret
884 950 948 1020 psr
970 949 1120 1022 annum,
1136 936 1173 1002 et
1196 933 1313 1023 ipsum
1337 934 1485 1006 minum
1510 956 1578 1024 que
1600 955 1684 1026 pars
1707 935 1820 1024 ipsius
1843 930 1992 1005 ecclesis
2015 949 2155 1006 annua·

300 1085 387 1157 liter
411 1087 463 1156 ibi
486 1085 677 1174 direxerit,
700 1084 785 1154 dum
807 1086 858 1155 ibi
874 1085 1014 1156 steterit
1029 1104 1094 1175 pro
1109 1086 1187 1175 ipsa
1201 1086 1381 1160 vindemia
1396 1090 1452 1160 vel
1467 1109 1531 1180 pro
1546 1091 1637 1180 aire,
1654 1090 1727 1161 illis
1742 1109 1824 1160 eum
1847 1089 2000 1160 notriret
2023 1105 2152 1159 secun·

301 1237 388 1316 dum
411 1257 515 1310 suam
538 1237 823 1326 possivilitatem,
840 1241 881 1308 ut
897 1239 1031 1308 iustum
1054 1240 1177 1329 luerit,
1200 1244 1237 1310 et
1259 1241 1369 1310 deant
1390 1241 1436 1313 ad
1459 1242 1575 1330 ipsum
1598 1243 1745 1312 missum
1769 1242 1882 1331 ipsius
1905 1241 2053 1312 ecclesie
2079 1239 2155 1328 pal·
2229 1329 2234 1342 ι

301 1393 537 1476 maniaticum
555 1395 591 1462 et
605 1389 816 1462 terraticum
831 1393 937 1480 sicut,
952 1392 1168 1462 consuetudo
1191 1395 1258 1482 est,
1275 1399 1311 1464 et
1324 1393 1489 1464 stetimus
1506 1397 1576 1466 ista
1592 1395 1788 1484 posteriore
1803 1393 2001 1464 traditione
2015 1411 2156 1482 semper

301 1544 357 1628 cis
379 1545 633 1617 defensandum
655 1545 701 1617 da
724 1564 846 1616 omnes
868 1547 1004 1616 omines
1027 1546 1194 1634 omnique
1216 1548 1390 1638 partibus.
1415 1551 1554 1636 Preter,
1578 1549 1684 1635 quale
1707 1551 1865 1635 tempore
1880 1547 1927 1618 da
1945 1547 2016 1635 ipsi
2033 1546 2155 1618 decem

299 1697 391 1768 anni
409 1697 448 1766 in
461 1705 569 1768 antea
583 1698 666 1768 illut
680 1701 802 1768 tenere
818 1702 854 1768 et
869 1699 1033 1769 laborare
1047 1699 1230 1770 noluerint
1244 1703 1390 1769 autnon
1401 1700 1597 1788 potuerint,
1612 1703 1699 1768 tunc
1715 1697 1842 1768 inclita
1859 1699 1938 1787 ipsa
1954 1699 2155 1786 posteriore

303 1847 557 1935 traditionem,
581 1870 645 1938 per
668 1851 856 1924 iamdictas
879 1869 1065 1922 mensuras
1090 1849 1248 1920 studiata
1270 1854 1307 1920 et
1329 1849 1467 1920 cultata
1489 1849 1532 1918 de
1556 1850 1658 1918 bonis
1681 1852 1841 1921 arbustis
1864 1850 1989 1921 vitatis
2012 1870 2074 1921 seu
2099 1811 2159 1939 po·

304 2000 387 2087 nris,
403 2003 594 2074 remittant
615 2003 698 2074 illut
721 2005 761 2072 in
782 2023 866 2092 pars
889 2002 1002 2091 ipsius
1025 2003 1184 2092 ecclesie,
1201 2005 1305 2072 etsie
1321 2002 1434 2076 licead
1450 2003 1552 2074 illum
1574 2008 1610 2074 et
1624 2021 1706 2073 suos
1723 2005 1846 2075 credes
1863 2005 1946 2074 inde
1960 2003 2062 2074 exire
2079 2023 2160 2074 cum

302 2156 427 2226 omnia
446 2175 513 2227 sua
535 2175 645 2228 causa
668 2157 812 2228 mobilia
835 2157 997 2245 quesibi
1021 2157 1202 2244 abuerint,
1217 2161 1254 2225 et
1275 2161 1429 2246 pergant
1453 2157 1515 2226 ubi
1538 2157 1729 2230 voluerint.
1754 2159 1922 2246 Tantum,
1947 2159 1979 2227 si
1995 2155 2161 2228 vindede-

306 2311 370 2398 rit,
385 2309 442 2379 vel
457 2310 783 2398 quomodocumque
799 2309 1041 2381 alienaberint
1059 2313 1166 2378 rebus
1181 2327 1247 2379 sua
1270 2310 1332 2379 ubi
1356 2311 1510 2399 abitant,
1535 2312 1597 2399 qui
1620 2315 1676 2380 est
1698 2330 1787 2400 erga
1811 2311 1890 2400 ipsa
1914 2311 2021 2379 rebus
2044 2309 2162 2399 ipsius

307 2461 483 2550 ecclesie,
518 2467 605 2533 tunc
628 2463 812 2535 intrarent
834 2465 880 2535 ad
903 2463 1130 2534 residendum
1154 2482 1293 2552 semper
1317 2466 1357 2532 in
1381 2447 1459 2552 ips'a
1481 2463 1679 2534 traditione
1702 2464 1745 2534 de
1767 2480 1852 2552 pars
1875 2463 1989 2553 ipsius
2012 2465 2162 2534 ecclesie

304 2633 377 2724 vque
399 2616 501 2685 modo
523 2617 558 2686 ei
581 2618 806 2703 tradidimus,
831 2623 867 2687 et
889 2617 938 2686 ibi
964 2617 1115 2704 abitent,
1140 2617 1249 2686 donec
1275 2617 1352 2703 ipsa
1376 2618 1480 2686 rebus
1512 2617 1683 2704 tenuerit,
1700 2622 1736 2686 et
1760 2597 1838 2705 ipsa
1861 2620 1967 2686 rebus
1991 2615 2079 2705 quod
2107 2639 2161 2688 re·

309 2773 422 2842 stabit
443 2771 487 2841 de
509 2773 587 2860 ipso
609 2771 728 2859 priore
752 2773 909 2859 brebem,
933 2771 1025 2859 quod
1049 2771 1083 2838 ei
1107 2771 1207 2840 modo
1230 2770 1472 2860 tradidimus,
1495 2773 1645 2840 teneant
1669 2769 1763 2858 illut,
1787 2769 1897 2839 donec
1927 2773 2161 2859 compleantur

310 2924 378 3013 ipsi
395 2921 517 2996 decem
533 2925 622 2996 anni
637 2925 681 2995 de
696 2925 772 3013 ipso
788 2927 906 3013 priore
923 2927 1068 2996 brebem
1087 2924 1126 2992 in
1142 2923 1238 2991 omni
1254 2923 1454 3010 hordincm,
1478 2924 1571 2992 sicut
1594 2923 1669 3011 ipso
1692 2925 1836 2992 brebem
1859 2925 2029 2995 continet.
2065 2927 2164 2996 Unde

311 3079 351 3148 in
375 3097 416 3147 eo
439 3078 589 3148 hordine
612 3097 677 3167 per
699 3079 987 3150 conbenientiam
1010 3078 1146 3166 guadia
1169 3075 1258 3144 mihi
1282 3074 1378 3144 dedit
1402 3072 1477 3162 ipse
1500 3075 1674 3144 iohannes
1697 3078 1733 3144 et
1749 3075 1980 3146 mediatorem
1995 3078 2083 3147 mihi
2104 3097 2164 3167 po·

308 3228 387 3300 suit
409 3246 448 3298 se
472 3229 619 3320 ipsum,
643 3235 684 3300 ut
706 3229 736 3298 si
760 3229 883 3299 taliter
906 3229 1028 3297 omnia
1049 3228 1293 3316 suprascripta
1317 3227 1377 3296 ille
1400 3232 1436 3296 et
1458 3245 1538 3295 suos
1560 3228 1683 3296 eredes
1706 3229 1746 3296 in
1768 3248 1853 3317 pars
1876 3229 1988 3316 ipsius
2016 3231 2164 3302 ecclesie

312 3401 385 3458 non
408 3383 684 3474 adimpleberint
706 3387 742 3452 et
765 3384 898 3470 aliquit
921 3383 1004 3452 inde
1027 3383 1327 3473 contradixerint,
1351 3401 1414 3470 per
1439 3383 1517 3470 ipsa
1540 3383 1673 3470 guadia
1697 3400 1905 3470 componere
1929 3384 2105 3472 obligavit
2127 3404 2164 3456 sc

313 3539 392 3630 ipse
417 3541 591 3611 iohannes
614 3543 650 3611 et
672 3559 754 3610 suos
778 3540 912 3627 erech,
937 3543 1040 3609 natos
1056 3542 1259 3627 nascentes,
1276 3539 1410 3628 biginti
1428 3543 1509 3610 auri
1532 3539 1659 3609 solidos
1683 3541 1916 3630 costantinos,
1939 3547 1976 3612 et
1998 3545 2166 3632 apposuit

313 3712 352 3764 se
375 3699 412 3764 et
436 3713 518 3765 suos
540 3696 663 3767 eredes
687 3696 733 3765 ad
757 3695 1022 3783 pignorandum
1039 3695 1077 3761 in
1093 3713 1178 3781 pars
1193 3693 1307 3781 ipsius
1330 3691 1479 3762 ecclesie
1503 3693 1624 3763 omnia
1647 3713 1712 3765 sua
1735 3714 1843 3766 causa
1867 3697 2027 3784 legitimo
2051 3701 2087 3766 et
2111 3699 2167 3766 in-

314 3849 476 3937 legitimo
500 3851 610 3920 etiam
633 3851 669 3919 et
692 3866 861 3936 personas
885 3863 979 3916 suas·
1006 3845 1104 3921 Quod
1127 3847 1253 3935 scripsi
1276 3866 1342 3935 ego
1365 3847 1559 3934 myrandus
1583 3847 1759 3936 notarius,
1784 3847 1847 3937 qui
1874 3849 2036 3919 interfui.

361 3974 392 4090 †
416 4004 492 4092 ligo
516 4001 692 4074 landolfus

360 4129 390 4246 †
415 4157 491 4246 ligo
514 4155 661 4229 alderisi
684 4157 847 4226 notarius
872 4173 928 4225 me
951 4154 1158 4242 subscripsi.
1214 4175 1218 4184 ·

1040 4409 1457 4418 n———ffl-——m—

1035 4639 1444 4786 ccccxxxii

977 4983 980 4990 -
1053 4975 1056 4983 ·
1099 4947 1154 5025 n.
1182 4945 1233 5026 o.
1261 4943 1389 5030 roae.

362 5179 399 5320 †
424 5233 463 5298 ln
487 5230 630 5305 nomine
646 5229 780 5300 domini
796 5229 978 5300 tricesimo
994 5233 1142 5300 hoctabo
1159 5249 1256 5300 anno
1272 5231 1496 5320 principatus
1512 5231 1632 5302 domni
1648 5235 1760 5304 nostri
1779 5237 1976 5327 guaimari,
1995 5245 2031 5309 et
2049 5244 2173 5311 octabo

315 5401 414 5454 anno
435 5382 661 5473 principatus
683 5383 803 5452 domni
826 5383 1023 5473 guaimarii
1047 5383 1125 5452 eius
1148 5383 1238 5472 illio,
1262 5383 1409 5470 gloriosi
1433 5384 1672 5474 principibus,
1688 5406 1809 5458 menso
1832 5392 1988 5479 magius,
2006 5408 2102 5462 nona
2119 5395 2176 5462 in⁴

317 5535 486 5606 dictione.
512 5535 660 5624 ideoque
683 5538 774 5624 hcgo
796 5535 925 5604 mulier
949 5535 1091 5605 nomine
1115 5535 1276 5606 alferada
1300 5535 1376 5605 illia
1399 5537 1580 5623 quondam
1605 5539 1698 5607 rocci
1722 5542 1785 5627 qui
1810 5559 1887 5610 sum
1912 5559 2023 5612 uxore
2044 5547 2175 5615 sesami

317 5688 385 5757 filii
410 5688 591 5776 quondam
613 5691 764 5760 iohanni
787 5689 953 5778 declaro,
978 5689 1148 5777 quoniam
1177 5689 1252 5777 ipse
1286 5707 1443 5760 sesamus
1469 5690 1546 5757 viro
1568 5709 1668 5760 meus
1691 5710 1755 5778 per
1780 5695 1884 5764 firma
1908 5697 2047 5766 cartula
2071 5699 2174 5768 modo

320 5841 550 5926 benumdedit
572 5843 714 5914 mulieri
739 5843 883 5913 nomine
907 5839 1014 5912 tande
1038 5840 1114 5912 illia
1137 5840 1315 5930 quondam
1331 5844 1481 5915 iohanni
1498 5845 1714 5934 atrianensi,
1731 5847 1793 5932 qui
1810 5853 1865 5917 cst
1885 5869 1976 5919 uxor
1992 5851 2087 5922 leoni
2104 5855 2174 5923 lilii
