5414 7098
626 571 669 628 :lt
1252 559 1426 632 donax
1464 561 1730 634 elvensts

572 806 643 876 que
669 805 744 856 esse
768 785 909 855 videtur
935 786 972 852 in
998 787 1165 855 iamdicto
1189 787 1302 854 locum
1326 787 1485 875 nuceria,
1511 789 1571 856 ubi
1596 791 1739 877 proprio
1762 791 1879 878 agella
1903 791 2012 861 ctiam
2035 796 2070 860 et
2094 787 2348 881 puteoregentc
2371 793 2427 861 di·

573 944 684 1030 citur,
708 961 778 1029 que
810 945 864 1012 est
887 947 983 1011 terra
1007 960 1088 1008 cum
1112 943 1297 1010 arbustum
1321 946 1451 1030 vetere,
1478 947 1513 1012 et
1535 947 1680 1030 pastino
1703 947 1746 1014 de
1771 948 1933 1032 arbustu,
1957 951 1993 1014 et
2016 947 2286 1036 avellanietum,
2311 953 2425 1017 toturn

574 1117 647 1166 uno
671 1099 868 1169 tenientem
891 1118 954 1187 per
977 1117 1017 1169 as
1039 1099 1129 1166 lines
1152 1103 1187 1165 et
1210 1115 1410 1166 mensuras:
1436 1100 1466 1164 A
1490 1118 1574 1186 pars
1597 1101 1858 1186 septemtrionis
1873 1101 1945 1170 fine
1960 1099 2021 1171 bia
2037 1101 2194 1188 publica,
2219 1101 2313 1168 unde
2329 1121 2425 1188 aqua

573 1253 733 1322 decurrit
756 1256 819 1340 qui
843 1253 1026 1322 descendit
1049 1255 1095 1323 da
1118 1254 1154 1322 la
1178 1253 1307 1340 forma,
1324 1257 1409 1320 sunt
1432 1253 1515 1322 inde
1539 1255 1635 1340 passi
1659 1253 1860 1342 nonaginta
1876 1255 2014 1322 nobem:
2041 1258 2173 1342 Apars
2188 1255 2337 1323 orientis
2354 1258 2425 1324 line

572 1407 633 1478 bia
656 1412 693 1477 et
716 1409 788 1477 fine
811 1409 853 1476 de
877 1408 1025 1477 heredes
1048 1409 1199 1494 cotunii,
1224 1407 1318 1475 sicut
1342 1407 1460 1474 media
1483 1424 1566 1493 sepe
1590 1406 1776 1493 discernit,
1808 1409 1891 1475 abet
1913 1406 1996 1474 inde
2020 1408 2115 1494 passi
2139 1414 2283 1477 centum
2305 1408 2427 1477 decem

570 1566 608 1630 et
631 1562 781 1628 nobem:
807 1562 850 1629 de
873 1579 980 1647 super
1003 1581 1026 1629 a
1049 1563 1152 1648 parte
1176 1559 1325 1627 meridie
1350 1560 1435 1646 fine,
1459 1559 1553 1627 sicut
1575 1561 1690 1628 medio
1714 1562 1797 1647 poiu
1821 1561 2008 1648 discernit,
2032 1567 2115 1629 sunt
2138 1562 2221 1629 inde
2244 1563 2341 1648 passi
2373 1583 2426 1632 se-

570 1715 724 1802 xaginta
748 1733 859 1782 unum
882 1721 918 1782 et
941 1715 1121 1800 medium3
1147 1718 1182 1781 et
1205 1713 1335 1780 abinde
1359 1713 1561 1782 rebolbente
1585 1715 1624 1780 in
1647 1733 1731 1801 pars
1755 1716 1834 1801 ipsa
1857 1715 2002 1784 meridie
2027 1735 2089 1802 per
2107 1716 2221 1784 medio
2237 1717 2323 1804 poiu
2339 1723 2427 1786 sunt

567 1869 653 1936 inde
685 1867 782 1953 passi
818 1868 1072 1954 septuaginta:
1099 1867 1230 1934 iterum
1254 1866 1426 1951 desuper
1450 1888 1472 1934 a
1495 1867 1644 1934 meridie
1668 1868 1764 1954 fine,
1790 1867 1884 1934 unde
1908 1867 2111 1954 antiquitus
2135 1867 2195 1936 bia
2219 1869 2315 1955 suit,
2343 1869 2426 1936 inde

568 2021 666 2108 passi
691 2020 961 2107 quinquaginta
985 2039 1070 2088 sex:
1096 2023 1126 2086 A
1150 2037 1236 2106 pars
1259 2019 1452 2086 occidentis
1475 2019 1571 2105 passi
1596 2019 1795 2105 nonaginta
1819 2023 1897 2086 octo
1910 2069 1919 2106 ,
1943 2023 1979 2088 et
2006 2020 2136 2088 abinde
2161 2021 2365 2088 revolbente
2388 2022 2426 2086 in

567 2190 655 2258 pars
679 2171 875 2276 occidentis
898 2188 1019 2258 passos
1035 2169 1340 2255 quadtuordecim,
1365 2173 1401 2236 et
1424 2169 1553 2238 abinde
1570 2170 1773 2239 rebolbente
1797 2174 1836 2240 in
1860 2191 1944 2258 pars
1961 2172 2225 2259 septemtrionis
2245 2173 2340 2258 passi
2361 2173 2428 2240 tri·

568 2323 677 2412 ginta
712 2343 801 2409 sex,
836 2328 872 2391 et
894 2321 1069 2389 modicum
1101 2321 1230 2389 abinde
1254 2320 1459 2390 rebolbente
1482 2322 1521 2389 in
1544 2344 1628 2411 pars
1651 2323 1799 2393 orientis
1823 2327 1916 2412 passi
1941 2327 2099 2414 quinque
2124 2333 2159 2394 et
2182 2326 2367 2412 medium,
2390 2331 2427 2394 et

573 2479 707 2546 abinde
742 2477 945 2546 revolbente
980 2477 1019 2542 in
1044 2495 1127 2562 pars
1150 2476 1414 2563 septemtrionis
1438 2485 1473 2546 et
1496 2482 1739 2568 coniungente
1764 2501 1801 2548 se
1825 2482 1869 2550 ad
1896 2480 1974 2567 ipsa
1999 2483 2088 2567 bia,
2113 2481 2206 2548 unde
2231 2483 2309 2567 ipsa
2332 2499 2428 2565 aqua

571 2632 731 2699 decurrit
754 2650 823 2717 que
847 2635 899 2697 est
924 2629 1042 2714 priore
1066 2631 1151 2717 tine,
1176 2633 1259 2700 abet
1282 2631 1365 2698 inde
1388 2634 1486 2718 passi
1510 2634 1743 2720 septuaginta
1766 2637 1857 2719 octe,
1874 2637 1987 2700 totum
2004 2639 2254 2701 mensuratum
2270 2635 2316 2702 ad
2333 2634 2427 2700 iusto

566 2803 714 2871 passum
739 2785 908 2852 hominis.
937 2785 979 2850 de
1004 2789 1106 2852 curte
1129 2784 1200 2852 ista
1224 2803 1287 2870 per
1313 2785 1503 2854 iamdictas
1528 2789 1616 2854 fines
1633 2792 1669 2854 et
1685 2807 1870 2856 mensuras
1886 2785 2172 2874 palamsacimns,
2197 2787 2331 2873 quiae
2355 2789 2428 2856 iam

569 2941 763 3027 preteritos
787 2959 900 3010 annos
925 2943 999 3027 ipse
1024 2941 1168 3028 genitor
1193 2941 1338 3006 illorum
1356 2960 1526 3009 unacum
1542 2945 1638 3011 maio
1662 2947 1814 3029 cognato
1837 2961 1900 3010 suo
1924 2942 1998 3009 filio
2021 2940 2188 3010 madelmi
2211 2905 2430 3028 conprehen-

569 3113 649 3162 sum
674 3095 756 3162 inde
780 3096 960 3162 abuerunt
983 3093 1026 3161 ad
1051 3093 1286 3162 lavorandum
1309 3100 1345 3162 et
1366 3097 1658 3182 pastenandum,
1683 3097 1775 3164 sicut
1800 3096 1898 3162 brebi
1923 3095 2137 3181 continunt,
2162 3114 2231 3180 quc
2254 3114 2317 3180 per
2340 3115 2423 3181 par-

469 3289 472 3298 *
572 3253 625 3315 tes
648 3249 732 3314 inde
757 3251 902 3317 abemus
925 3248 987 3332 qui
1012 3248 1123 3316 refert
1147 3247 1222 3334 ipso
1246 3249 1404 3334 brebem,
1429 3251 1470 3313 ut
1492 3248 1534 3315 de
1559 3251 1634 3334 ipso
1658 3249 1804 3316 arbusto
1828 3252 1959 3334 vetere,
1984 3247 2046 3334 qui
2070 3248 2119 3314 ibi
2146 3269 2169 3316 a
2195 3247 2322 3334 primis
2345 3249 2430 3334 suit,

571 3399 727 3469 dandum
751 3402 790 3466 in
813 3419 898 3486 pars
922 3401 1034 3486 ipsius
1058 3401 1205 3468 ecclesie
1231 3400 1305 3488 ipse
1330 3402 1490 3470 sellictus
1513 3407 1549 3470 et
1572 3401 1693 3488 maio,
1722 3405 1758 3468 et
1782 3401 1923 3467 illorum
1946 3401 2094 3487 eredeS,
2118 3401 2160 3468 de
2184 3401 2309 3468 vinum
2331 3394 2429 3488 ¹quod

575 3556 658 3623 inde
682 3557 831 3644 exierit,
855 3555 1092 3642 medietatem,
1116 3555 1218 3623 etde
1243 3558 1429 3624 arbustum
1453 3556 1546 3642 quod
1568 3556 1641 3624 illis
1664 3557 1796 3624 facturi
1819 3559 1923 3624 erant
1946 3561 1985 3620 in
2009 3555 2085 3641 ipso
2110 3555 2301 3643 bacibum,
2326 3555 2427 3623 inde

573 3729 642 3796 que
665 3710 822 3778 dandum
846 3711 885 3775 in
909 3728 994 3796 pars
1017 3709 1129 3796 ipsius
1153 3709 1301 3776 ecclesie
1324 3709 1367 3778 de
1391 3711 1513 3776 vinum
1539 3708 1632 3795 quod
1656 3708 1739 3775 inda
1763 3706 1907 3795 exierit,
1932 3709 2076 3776 tertiam
2101 3712 2265 3794 partem,
2289 3713 2326 3776 et
2351 3708 2426 3776 illis

523 3835 528 3847 ’
570 3863 639 3931 sivi
663 3863 745 3930 inde
769 3865 919 3930 aberent
943 3861 1010 3930 due
1033 3861 1160 3947 sortis3
1185 3867 1235 3948 et,
1259 3862 1344 3928 dum
1369 3861 1444 3946 ipse
1468 3863 1561 3929 maio
1585 3860 1663 3927 sinc
1688 3861 1802 3926 filium
1827 3859 1881 3925 rel
1907 3859 2020 3928 filiam
2043 3859 2231 3928 defunctus
2256 3864 2322 3947 est,
2350 3879 2425 3928 sor·

574 4016 707 4084 tionem
731 4015 774 4083 de
798 4015 877 4102 ipsa
900 4017 1005 4082 rebus
1028 4016 1121 4102 quod
1146 4020 1268 4082 tenere
1292 4015 1426 4102 debuit,
1451 4012 1615 4102 pervenit
1638 4013 1683 4081 ad
1706 4017 1915 4098 potestatem
1941 4013 2054 4101 ipsius
2078 4013 2238 4081 ecclesie:
2256 4014 2369 4082 etiam
2392 4017 2427 4081 et

571 4190 634 4261 per
659 4172 724 4240 alii
748 4173 849 4239 brebi
873 4172 994 4239 datum
1017 4170 1100 4238 inde
1124 4169 1193 4236 suit
1217 4168 1360 4236 illorum
1394 4169 1439 4237 ad
1463 4169 1723 4254 pastenandum
1747 4171 1934 4236 arbustum
1964 4171 2000 4234 et
2029 4167 2284 4236 avellanietum
2313 4173 2348 4237 et
2372 4171 2427 4237 in-

572 4325 737 4393 sirtetum
761 4345 824 4412 per
849 4324 1013 4412 partibus
1037 4324 1150 4410 ipsius
1172 4323 1332 4411 ecclesie,
1350 4323 1444 4391 sicut
1467 4322 1535 4410 ipsi
1560 4320 1659 4388 brebi
1684 4322 1885 4409 continunt,
1918 4341 1986 4408 que
2010 4341 2073 4408 per
2096 4326 2217 4409 partes
2242 4323 2324 4392 inde
2349 4325 2433 4392 abe-

574 4498 667 4566 mus3
691 4483 745 4547 set
767 4479 935 4547 conbenit
958 4483 1148 4564 utrumque
1172 4478 1344 4564 partium,
1357 4482 1397 4545 ut
1412 4481 1487 4545 tota
1510 4477 1717 4564 supradicta
1732 4481 1833 4544 curte
1849 4496 1912 4562 per
1929 4475 2116 4544 iamdictas
2132 4478 2221 4544 lines
2237 4481 2272 4543 et
2288 4493 2429 4544 mensu·

574 4655 636 4705 ras
658 4655 722 4722 per
745 4640 904 4704 tenorem
928 4636 971 4703 de
996 4633 1064 4702 isto
1086 4636 1231 4702 brebem
1254 4651 1376 4700 eorum
1400 4632 1542 4700 tradere
1565 4632 1609 4700 ad
1633 4630 1882 4719 laborandum;
1907 4629 1999 4720 quod
2022 4637 2059 4701 et
2084 4633 2231 4700 lecimus
2248 4632 2312 4702 tali
2330 4651 2430 4702 nam·

570 4809 642 4878 que
664 4788 812 4875 ordine,
844 4792 884 4856 ut
913 4789 1037 4857 amodo
1061 4794 1097 4856 et
1120 4806 1258 4875 semper
1283 4789 1328 4858 ad
1353 4787 1495 4856 illorum
1524 4792 1560 4855 el
1582 4787 1626 4854 de
1652 4787 1791 4853 illorum
1816 4784 1979 4852 aradibus
2011 4787 2058 4853 sit
2086 4785 2321 4872 potestatem,
2346 4788 2427 4856 illut

572 4944 765 5012 tenendum
790 4949 826 5011 et
849 4901 1130 5030 dominandum,
1155 4947 1257 5012 natos
1281 4945 1494 5028 nascenteS,
1519 4945 1554 5008 et
1577 4942 1675 5009 fobee
1700 4945 1735 5008 et
1757 4941 1872 5006 omnis
1895 4959 1957 5008 sue
1981 4939 2178 5009 hutilitatis
2215 4939 2346 5008 ibidem
2377 4943 2429 5010 fa·

572 5099 738 5166 ciendum
756 5098 850 5168 iusta
873 5102 1065 5185 rationem,
1082 5103 1118 5167 et
1142 5101 1226 5166 totis
1249 5099 1407 5166 arbustis
1430 5097 1472 5165 de
1497 5098 1574 5183 ipsa
1597 5097 1828 5166 traditionem
1852 5094 2061 5163 annualiter
2085 5101 2168 5182 apto
2193 5099 2353 5182 ternpore
2378 5096 2430 5164 la-

574 5257 753 5340 rorarent,
777 5257 814 5320 et
836 5252 901 5319 ubi
925 5253 1110 5337 meruerit,
1135 5253 1279 5320 arbores
1304 5257 1341 5319 et
1365 5251 1456 5318 vites
1479 5249 1709 5336 planetarent
1732 5252 1767 5315 et
1791 5246 2008 5334 propagines
2033 5246 2224 5332 traierent,
2240 5251 2277 5314 et
2300 5249 2352 5314 sic
2376 5253 2430 5315 to-

570 5411 646 5475 tum
670 5407 746 5494 ipso
769 5409 958 5476 arbustum
982 5407 1192 5475 annualiter
1216 5407 1379 5474 lavorare
1401 5409 1438 5472 et
1460 5403 1681 5488 studiarent,
1698 5404 1738 5468 ut
1761 5419 1899 5489 semper
1918 5401 1955 5466 in
1973 5400 2098 5468 melius
2114 5399 2287 5486 proficiad
2302 5405 2339 5469 et
2356 5419 2428 5467 non

579 5559 781 5647 disperead,
797 5565 833 5628 et
849 5561 978 5627 bonum
1002 5559 1134 5646 paread
1159 5559 1360 5626 lavoratum
1382 5560 1419 5623 et
1442 5555 1630 5642 cultatem,
1648 5561 1683 5622 et
1707 5555 1783 5641 ipso
1807 5553 2101 5638 abellanientum,
2118 5571 2188 5638 que
2211 5557 2266 5621 est
2291 5555 2329 5622 in
2353 5553 2431 5640 ipsa

573 5711 827 5799 traditionem,
852 5712 1021 5781 similiter
1045 5711 1254 5781 annualiter
1278 5709 1480 5778 studiarent
1503 5713 1539 5776 et
1562 5707 1765 5793 cultarent,
1797 5711 1836 5772 ut
1862 5723 2000 5790 semper
2031 5703 2069 5770 in
2098 5705 2226 5772 melius
2259 5707 2431 5792 proficiad

572 5871 609 5933 et
631 5883 700 5932 non
725 5865 927 5954 disperead,
951 5873 986 5934 et
1009 5867 1139 5933 bonum
1162 5863 1295 5952 paread
1318 5820 1515 5930 studiatum
1539 5867 1574 5929 et
1597 5859 1785 5946 cultatum,
1803 5865 1839 5928 et
1863 5859 1933 5930 tale
1958 5859 2071 5928 abead
2088 5859 2225 5929 lactum
2243 5862 2431 5929 arbustum
