<?xml version="1.0" encoding="UTF-8"?>
<!DOCTYPE html PUBLIC "-//W3C//DTD XHTML 1.0 Transitional//EN"
    "http://www.w3.org/TR/xhtml1/DTD/xhtml1-transitional.dtd">
<html xmlns="http://www.w3.org/1999/xhtml" xml:lang="en" lang="en">
 <head>
  <title>
</title>
<meta http-equiv="Content-Type" content="text/html;charset=utf-8" />
  <meta name='ocr-system' content='tesseract 3.04.00' />
  <meta name='ocr-capabilities' content='ocr_page ocr_carea ocr_par ocr_line ocrx_word'/>
</head>
<body>
  <div class='ocr_page' id='page_1' title='image "./codexdiplomatic03aragoog_0215.png"; bbox 0 0 5466 7106; ppageno 0'>
   <div class='ocr_carea' id='block_1_1' title="bbox 1037 567 2111 650">
    <p class='ocr_par' dir='ltr' id='par_1_1' title="bbox 1037 567 2111 650">
     <span class='ocr_line' id='line_1_1' title="bbox 1037 567 2111 650; baseline -0.003 -9"><span class='ocrx_word' id='word_1_1' title='bbox 1037 567 1436 642; x_wconf 81' lang='lat' dir='ltr'>lllPLOMllTlCUS</span> <span class='ocrx_word' id='word_1_2' title='bbox 2048 569 2111 650; x_wconf 78' lang='lat' dir='ltr'>lll</span> 
     </span>
    </p>
   </div>
   <div class='ocr_carea' id='block_1_2' title="bbox 295 762 2170 3157">
    <p class='ocr_par' dir='ltr' id='par_1_2' title="bbox 295 762 2170 3157">
     <span class='ocr_line' id='line_1_2' title="bbox 306 762 2170 854; baseline -0.003 -18"><span class='ocrx_word' id='word_1_3' title='bbox 306 765 405 836; x_wconf 89' lang='lat' dir='ltr'>omni</span> <span class='ocrx_word' id='word_1_4' title='bbox 432 769 536 854; x_wconf 88' lang='lat' dir='ltr'>parte</span> <span class='ocrx_word' id='word_1_5' title='bbox 559 765 605 834; x_wconf 88' lang='lat' dir='ltr'>ad</span> <span class='ocrx_word' id='word_1_6' title='bbox 628 765 734 833; x_wconf 86' lang='lat' dir='ltr'>rebus</span> <span class='ocrx_word' id='word_1_7' title='bbox 758 767 883 834; x_wconf 84' lang='lat' dir='ltr'>nostra</span> <span class='ocrx_word' id='word_1_8' title='bbox 906 765 1119 833; x_wconf 82' lang='lat' dir='ltr'>contuntum</span> <span class='ocrx_word' id='word_1_9' title='bbox 1144 767 1209 832; x_wconf 89' lang='lat' dir='ltr'>est.</span> <span class='ocrx_word' id='word_1_10' title='bbox 1235 764 1328 850; x_wconf 91' lang='lat' dir='ltr'>Ideo,</span> <span class='ocrx_word' id='word_1_11' title='bbox 1351 766 1392 830; x_wconf 92' lang='lat' dir='ltr'>ut</span> <span class='ocrx_word' id='word_1_12' title='bbox 1416 763 1586 850; x_wconf 80' lang='lat' dir='ltr'>diximus,</span> <span class='ocrx_word' id='word_1_13' title='bbox 1611 762 1689 850; x_wconf 91' lang='lat' dir='ltr'>ipsa</span> <span class='ocrx_word' id='word_1_14' title='bbox 1712 762 1863 832; x_wconf 89' lang='lat' dir='ltr'>ccclesia</span> <span class='ocrx_word' id='word_1_15' title='bbox 1887 765 1921 831; x_wconf 90' lang='lat' dir='ltr'>ei</span> <span class='ocrx_word' id='word_1_16' title='bbox 1945 781 2028 830; x_wconf 90' lang='lat' dir='ltr'>cum</span> <span class='ocrx_word' id='word_1_17' title='bbox 2051 763 2170 832; x_wconf 86' lang='lat' dir='ltr'>omnis</span> 
     </span>
     <span class='ocr_line' id='line_1_3' title="bbox 309 915 2165 1004; baseline -0.002 -16"><span class='ocrx_word' id='word_1_18' title='bbox 309 923 417 990; x_wconf 87' lang='lat' dir='ltr'>rebus</span> <span class='ocrx_word' id='word_1_19' title='bbox 438 923 474 988; x_wconf 90' lang='lat' dir='ltr'>et</span> <span class='ocrx_word' id='word_1_20' title='bbox 496 936 606 988; x_wconf 85' lang='lat' dir='ltr'>causa</span> <span class='ocrx_word' id='word_1_21' title='bbox 628 915 867 1004; x_wconf 77' lang='lat' dir='ltr'>pertinentem</span> <span class='ocrx_word' id='word_1_22' title='bbox 892 917 1004 1004; x_wconf 87' lang='lat' dir='ltr'>ipsius</span> <span class='ocrx_word' id='word_1_23' title='bbox 1027 915 1175 986; x_wconf 83' lang='lat' dir='ltr'>ecclesie</span> <span class='ocrx_word' id='word_1_24' title='bbox 1197 916 1435 1004; x_wconf 86' lang='lat' dir='ltr'>tradidimus,</span> <span class='ocrx_word' id='word_1_25' title='bbox 1459 935 1528 1004; x_wconf 89' lang='lat' dir='ltr'>que</span> <span class='ocrx_word' id='word_1_26' title='bbox 1550 933 1647 984; x_wconf 91' lang='lat' dir='ltr'>nunc</span> <span class='ocrx_word' id='word_1_27' title='bbox 1670 915 1772 984; x_wconf 90' lang='lat' dir='ltr'>modo</span> <span class='ocrx_word' id='word_1_28' title='bbox 1795 919 1905 1004; x_wconf 88' lang='lat' dir='ltr'>avet,</span> <span class='ocrx_word' id='word_1_29' title='bbox 1930 920 1966 985; x_wconf 88' lang='lat' dir='ltr'>et</span> <span class='ocrx_word' id='word_1_30' title='bbox 2000 918 2094 1004; x_wconf 88' lang='lat' dir='ltr'>quod</span> <span class='ocrx_word' id='word_1_31' title='bbox 2127 920 2165 986; x_wconf 89' lang='lat' dir='ltr'>in</span> 
     </span>
     <span class='ocr_line' id='line_1_4' title="bbox 311 1068 2170 1159; baseline -0.002 -19"><span class='ocrx_word' id='word_1_32' title='bbox 311 1076 421 1142; x_wconf 88' lang='lat' dir='ltr'>antea</span> <span class='ocrx_word' id='word_1_33' title='bbox 444 1089 508 1159; x_wconf 92' lang='lat' dir='ltr'>per</span> <span class='ocrx_word' id='word_1_34' title='bbox 530 1088 609 1158; x_wconf 90' lang='lat' dir='ltr'>nos,</span> <span class='ocrx_word' id='word_1_35' title='bbox 634 1087 697 1138; x_wconf 90' lang='lat' dir='ltr'>seu</span> <span class='ocrx_word' id='word_1_36' title='bbox 721 1073 757 1139; x_wconf 89' lang='lat' dir='ltr'>et</span> <span class='ocrx_word' id='word_1_37' title='bbox 779 1087 843 1156; x_wconf 90' lang='lat' dir='ltr'>per</span> <span class='ocrx_word' id='word_1_38' title='bbox 865 1068 947 1140; x_wconf 87' lang='lat' dir='ltr'>aliis</span> <span class='ocrx_word' id='word_1_39' title='bbox 969 1069 1173 1138; x_wconf 87' lang='lat' dir='ltr'>bominibus</span> <span class='ocrx_word' id='word_1_40' title='bbox 1196 1070 1235 1138; x_wconf 90' lang='lat' dir='ltr'>in</span> <span class='ocrx_word' id='word_1_41' title='bbox 1258 1071 1337 1157; x_wconf 91' lang='lat' dir='ltr'>ipsa</span> <span class='ocrx_word' id='word_1_42' title='bbox 1359 1069 1509 1138; x_wconf 85' lang='lat' dir='ltr'>ecclesia</span> <span class='ocrx_word' id='word_1_43' title='bbox 1531 1068 1654 1137; x_wconf 89' lang='lat' dir='ltr'>datum</span> <span class='ocrx_word' id='word_1_44' title='bbox 1679 1069 1800 1156; x_wconf 88' lang='lat' dir='ltr'>luerit,</span> <span class='ocrx_word' id='word_1_45' title='bbox 1825 1068 1993 1138; x_wconf 88' lang='lat' dir='ltr'>videlicet</span> <span class='ocrx_word' id='word_1_46' title='bbox 2018 1069 2170 1138; x_wconf 88' lang='lat' dir='ltr'>movilia</span> 
     </span>
     <span class='ocr_line' id='line_1_5' title="bbox 310 1219 2166 1310; baseline 0 -20"><span class='ocrx_word' id='word_1_47' title='bbox 310 1227 348 1290; x_wconf 89' lang='lat' dir='ltr'>et</span> <span class='ocrx_word' id='word_1_48' title='bbox 371 1221 557 1292; x_wconf 90' lang='lat' dir='ltr'>animaliis</span> <span class='ocrx_word' id='word_1_49' title='bbox 580 1240 649 1308; x_wconf 89' lang='lat' dir='ltr'>que</span> <span class='ocrx_word' id='word_1_50' title='bbox 673 1220 775 1288; x_wconf 91' lang='lat' dir='ltr'>modo</span> <span class='ocrx_word' id='word_1_51' title='bbox 791 1219 825 1290; x_wconf 89' lang='lat' dir='ltr'>ei</span> <span class='ocrx_word' id='word_1_52' title='bbox 842 1219 1148 1309; x_wconf 75' lang='lat' dir='ltr'>adsingnavimuS,</span> <span class='ocrx_word' id='word_1_53' title='bbox 1172 1220 1320 1308; x_wconf 88' lang='lat' dir='ltr'>planeta</span> <span class='ocrx_word' id='word_1_54' title='bbox 1335 1221 1378 1289; x_wconf 91' lang='lat' dir='ltr'>de</span> <span class='ocrx_word' id='word_1_55' title='bbox 1394 1222 1509 1290; x_wconf 92' lang='lat' dir='ltr'>linum</span> <span class='ocrx_word' id='word_1_56' title='bbox 1524 1239 1609 1306; x_wconf 92' lang='lat' dir='ltr'>una,</span> <span class='ocrx_word' id='word_1_57' title='bbox 1627 1237 1773 1290; x_wconf 89' lang='lat' dir='ltr'>orarum</span> <span class='ocrx_word' id='word_1_58' title='bbox 1788 1227 1824 1290; x_wconf 91' lang='lat' dir='ltr'>et</span> <span class='ocrx_word' id='word_1_59' title='bbox 1840 1223 2058 1310; x_wconf 89' lang='lat' dir='ltr'>ammittum,</span> <span class='ocrx_word' id='word_1_60' title='bbox 2072 1222 2166 1290; x_wconf 82' lang='lat' dir='ltr'>lluer</span> 
     </span>
     <span class='ocr_line' id='line_1_6' title="bbox 309 1374 2161 1464; baseline 0.001 -20"><span class='ocrx_word' id='word_1_61' title='bbox 309 1377 439 1444; x_wconf 84' lang='lat' dir='ltr'>comite</span> <span class='ocrx_word' id='word_1_62' title='bbox 462 1375 506 1444; x_wconf 90' lang='lat' dir='ltr'>de</span> <span class='ocrx_word' id='word_1_63' title='bbox 530 1374 718 1446; x_wconf 90' lang='lat' dir='ltr'>circoitum</span> <span class='ocrx_word' id='word_1_64' title='bbox 742 1391 892 1462; x_wconf 87' lang='lat' dir='ltr'>annum,</span> <span class='ocrx_word' id='word_1_65' title='bbox 916 1374 1137 1446; x_wconf 87' lang='lat' dir='ltr'>intelanaria</span> <span class='ocrx_word' id='word_1_66' title='bbox 1159 1376 1244 1464; x_wconf 88' lang='lat' dir='ltr'>dua,</span> <span class='ocrx_word' id='word_1_67' title='bbox 1269 1395 1381 1443; x_wconf 90' lang='lat' dir='ltr'>unum</span> <span class='ocrx_word' id='word_1_68' title='bbox 1404 1376 1448 1443; x_wconf 91' lang='lat' dir='ltr'>de</span> <span class='ocrx_word' id='word_1_69' title='bbox 1470 1379 1572 1442; x_wconf 89' lang='lat' dir='ltr'>nocte</span> <span class='ocrx_word' id='word_1_70' title='bbox 1596 1379 1631 1442; x_wconf 87' lang='lat' dir='ltr'>et</span> <span class='ocrx_word' id='word_1_71' title='bbox 1653 1374 1765 1444; x_wconf 86' lang='lat' dir='ltr'>alium</span> <span class='ocrx_word' id='word_1_72' title='bbox 1794 1375 1838 1443; x_wconf 94' lang='lat' dir='ltr'>de</span> <span class='ocrx_word' id='word_1_73' title='bbox 1871 1375 1953 1463; x_wconf 89' lang='lat' dir='ltr'>die,</span> <span class='ocrx_word' id='word_1_74' title='bbox 1978 1379 2015 1446; x_wconf 89' lang='lat' dir='ltr'>et</span> <span class='ocrx_word' id='word_1_75' title='bbox 2050 1396 2161 1446; x_wconf 90' lang='lat' dir='ltr'>unum</span> 
     </span>
     <span class='ocr_line' id='line_1_7' title="bbox 315 1515 2162 1614; baseline -0.001 -18"><span class='ocrx_word' id='word_1_76' title='bbox 315 1526 502 1599; x_wconf 84' lang='lat' dir='ltr'>salterium</span> <span class='ocrx_word' id='word_1_77' title='bbox 528 1530 565 1594; x_wconf 91' lang='lat' dir='ltr'>et</span> <span class='ocrx_word' id='word_1_78' title='bbox 588 1525 768 1613; x_wconf 82' lang='lat' dir='ltr'>superiori</span> <span class='ocrx_word' id='word_1_79' title='bbox 792 1515 818 1610; x_wconf 85' lang='lat'>¹)</span> <span class='ocrx_word' id='word_1_80' title='bbox 841 1527 986 1595; x_wconf 90' lang='lat' dir='ltr'>manule</span> <span class='ocrx_word' id='word_1_81' title='bbox 1009 1527 1052 1596; x_wconf 93' lang='lat' dir='ltr'>de</span> <span class='ocrx_word' id='word_1_82' title='bbox 1076 1527 1224 1595; x_wconf 86' lang='lat' dir='ltr'>siricum</span> <span class='ocrx_word' id='word_1_83' title='bbox 1247 1529 1290 1596; x_wconf 90' lang='lat' dir='ltr'>de</span> <span class='ocrx_word' id='word_1_84' title='bbox 1313 1544 1535 1614; x_wconf 83' lang='lat' dir='ltr'>scamangna</span> <span class='ocrx_word' id='word_1_85' title='bbox 1566 1532 1603 1595; x_wconf 91' lang='lat' dir='ltr'>ct</span> <span class='ocrx_word' id='word_1_86' title='bbox 1625 1526 1738 1596; x_wconf 87' lang='lat' dir='ltr'>alium</span> <span class='ocrx_word' id='word_1_87' title='bbox 1768 1528 1912 1596; x_wconf 89' lang='lat' dir='ltr'>manule</span> <span class='ocrx_word' id='word_1_88' title='bbox 1935 1527 1978 1596; x_wconf 89' lang='lat' dir='ltr'>de</span> <span class='ocrx_word' id='word_1_89' title='bbox 2000 1526 2162 1613; x_wconf 88' lang='lat' dir='ltr'>siricum,</span> 
     </span>
     <span class='ocr_line' id='line_1_8' title="bbox 312 1682 2163 1772; baseline 0 -21"><span class='ocrx_word' id='word_1_90' title='bbox 312 1683 463 1752; x_wconf 84' lang='lat' dir='ltr'>sindone</span> <span class='ocrx_word' id='word_1_91' title='bbox 486 1687 586 1772; x_wconf 89' lang='lat' dir='ltr'>tres,</span> <span class='ocrx_word' id='word_1_92' title='bbox 610 1686 753 1754; x_wconf 90' lang='lat' dir='ltr'>curtina</span> <span class='ocrx_word' id='word_1_93' title='bbox 777 1701 850 1754; x_wconf 88' lang='lat' dir='ltr'>una</span> <span class='ocrx_word' id='word_1_94' title='bbox 863 1705 873 1771; x_wconf 83' lang='lat'>3</span> <span class='ocrx_word' id='word_1_95' title='bbox 897 1682 967 1772; x_wconf 91' lang='lat' dir='ltr'>ipsi</span> <span class='ocrx_word' id='word_1_96' title='bbox 991 1683 1176 1753; x_wconf 88' lang='lat' dir='ltr'>animaliis</span> <span class='ocrx_word' id='word_1_97' title='bbox 1199 1687 1284 1752; x_wconf 90' lang='lat' dir='ltr'>sunt</span> <span class='ocrx_word' id='word_1_98' title='bbox 1306 1683 1411 1771; x_wconf 89' lang='lat' dir='ltr'>illas,</span> <span class='ocrx_word' id='word_1_99' title='bbox 1435 1682 1528 1769; x_wconf 89' lang='lat' dir='ltr'>quod</span> <span class='ocrx_word' id='word_1_100' title='bbox 1550 1700 1616 1770; x_wconf 84' lang='lat' dir='ltr'>ego</span> <span class='ocrx_word' id='word_1_101' title='bbox 1641 1682 1830 1752; x_wconf 89' lang='lat' dir='ltr'>iamdictus</span> <span class='ocrx_word' id='word_1_102' title='bbox 1857 1685 2043 1770; x_wconf 90' lang='lat' dir='ltr'>iaquintus</span> <span class='ocrx_word' id='word_1_103' title='bbox 2065 1683 2163 1751; x_wconf 86' lang='lat' dir='ltr'>dedit</span> 
     </span>
     <span class='ocr_line' id='line_1_9' title="bbox 295 1835 2164 1936; baseline -0.001 -32"><span class='ocrx_word' id='word_1_104' title='bbox 295 1839 355 1936; x_wconf 27' lang='lat' dir='ltr'>&#39;ln</span> <span class='ocrx_word' id='word_1_105' title='bbox 379 1837 541 1925; x_wconf 88' lang='lat' dir='ltr'>predicta</span> <span class='ocrx_word' id='word_1_106' title='bbox 565 1837 730 1924; x_wconf 89' lang='lat' dir='ltr'>ecclesia,</span> <span class='ocrx_word' id='word_1_107' title='bbox 755 1836 954 1906; x_wconf 86' lang='lat' dir='ltr'>inmmenta</span> <span class='ocrx_word' id='word_1_108' title='bbox 977 1855 1051 1905; x_wconf 91' lang='lat' dir='ltr'>una</span> <span class='ocrx_word' id='word_1_109' title='bbox 1074 1835 1273 1923; x_wconf 89' lang='lat' dir='ltr'>pollitrata,</span> <span class='ocrx_word' id='word_1_110' title='bbox 1297 1835 1478 1906; x_wconf 90' lang='lat' dir='ltr'>caballum</span> <span class='ocrx_word' id='word_1_111' title='bbox 1493 1855 1604 1906; x_wconf 91' lang='lat' dir='ltr'>unum</span> <span class='ocrx_word' id='word_1_112' title='bbox 1621 1856 1701 1904; x_wconf 89' lang='lat' dir='ltr'>cum</span> <span class='ocrx_word' id='word_1_113' title='bbox 1718 1835 1806 1905; x_wconf 89' lang='lat' dir='ltr'>sella</span> <span class='ocrx_word' id='word_1_114' title='bbox 1822 1839 1858 1904; x_wconf 91' lang='lat' dir='ltr'>et</span> <span class='ocrx_word' id='word_1_115' title='bbox 1874 1836 2029 1924; x_wconf 85' lang='lat' dir='ltr'>frenum,</span> <span class='ocrx_word' id='word_1_116' title='bbox 2053 1838 2164 1904; x_wconf 89' lang='lat' dir='ltr'>bacca</span> 
     </span>
     <span class='ocr_line' id='line_1_10' title="bbox 316 1987 2166 2080; baseline -0.001 -22"><span class='ocrx_word' id='word_1_117' title='bbox 316 2009 390 2061; x_wconf 87' lang='lat' dir='ltr'>una</span> <span class='ocrx_word' id='word_1_118' title='bbox 414 1989 613 2076; x_wconf 90' lang='lat' dir='ltr'>betellata,</span> <span class='ocrx_word' id='word_1_119' title='bbox 646 1991 761 2060; x_wconf 93' lang='lat' dir='ltr'>scurie</span> <span class='ocrx_word' id='word_1_120' title='bbox 785 1995 859 2060; x_wconf 88' lang='lat' dir='ltr'>tres</span> <span class='ocrx_word' id='word_1_121' title='bbox 892 1989 1051 2080; x_wconf 87' lang='lat' dir='ltr'>porclate</span> <span class='ocrx_word' id='word_1_122' title='bbox 1075 2007 1155 2058; x_wconf 90' lang='lat' dir='ltr'>cum</span> <span class='ocrx_word' id='word_1_123' title='bbox 1179 2007 1251 2058; x_wconf 89' lang='lat' dir='ltr'>ana</span> <span class='ocrx_word' id='word_1_124' title='bbox 1275 1993 1347 2056; x_wconf 92' lang='lat' dir='ltr'>tres</span> <span class='ocrx_word' id='word_1_125' title='bbox 1381 1987 1474 2056; x_wconf 89' lang='lat' dir='ltr'>filios</span> <span class='ocrx_word' id='word_1_126' title='bbox 1497 2007 1560 2075; x_wconf 90' lang='lat' dir='ltr'>per</span> <span class='ocrx_word' id='word_1_127' title='bbox 1583 1989 1704 2058; x_wconf 86' lang='lat' dir='ltr'>scuria</span> <span class='ocrx_word' id='word_1_128' title='bbox 1726 1993 1763 2058; x_wconf 88' lang='lat' dir='ltr'>et</span> <span class='ocrx_word' id='word_1_129' title='bbox 1787 1989 1927 2076; x_wconf 80' lang='lat' dir='ltr'>ultreS,</span> <span class='ocrx_word' id='word_1_130' title='bbox 1963 2007 2070 2077; x_wconf 88' lang='lat' dir='ltr'>capre</span> <span class='ocrx_word' id='word_1_131' title='bbox 2094 1990 2166 2062; x_wconf 90' lang='lat' dir='ltr'>alie</span> 
     </span>
     <span class='ocr_line' id='line_1_11' title="bbox 312 2133 2166 2232; baseline 0.001 -20"><span class='ocrx_word' id='word_1_132' title='bbox 312 2151 388 2213; x_wconf 93' lang='lat' dir='ltr'>tres</span> <span class='ocrx_word' id='word_1_133' title='bbox 404 2145 530 2216; x_wconf 87' lang='lat' dir='ltr'>flliate.</span> <span class='ocrx_word' id='word_1_134' title='bbox 556 2145 602 2214; x_wconf 89' lang='lat' dir='ltr'>Et</span> <span class='ocrx_word' id='word_1_135' title='bbox 624 2161 691 2232; x_wconf 83' lang='lat' dir='ltr'>ego</span> <span class='ocrx_word' id='word_1_136' title='bbox 714 2143 909 2213; x_wconf 87' lang='lat' dir='ltr'>iamdictus</span> <span class='ocrx_word' id='word_1_137' title='bbox 933 2143 1062 2214; x_wconf 88' lang='lat' dir='ltr'>landus</span> <span class='ocrx_word' id='word_1_138' title='bbox 1084 2142 1182 2217; x_wconf 89' lang='lat' dir='ltr'>dedit</span> <span class='ocrx_word' id='word_1_139' title='bbox 1206 2143 1372 2211; x_wconf 90' lang='lat' dir='ltr'>similiter</span> <span class='ocrx_word' id='word_1_140' title='bbox 1398 2142 1435 2209; x_wconf 90' lang='lat' dir='ltr'>in</span> <span class='ocrx_word' id='word_1_141' title='bbox 1454 2141 1532 2230; x_wconf 90' lang='lat' dir='ltr'>ipsa</span> <span class='ocrx_word' id='word_1_142' title='bbox 1547 2142 1698 2211; x_wconf 89' lang='lat' dir='ltr'>ecclesia</span> <span class='ocrx_word' id='word_1_143' title='bbox 1721 2143 1918 2212; x_wconf 76' lang='lat' dir='ltr'>inminente</span> <span class='ocrx_word' id='word_1_144' title='bbox 1934 2147 2020 2230; x_wconf 91' lang='lat' dir='ltr'>tres,</span> <span class='ocrx_word' id='word_1_145' title='bbox 2045 2133 2088 2212; x_wconf 75' lang='lat' dir='ltr'>et&#39;</span> <span class='ocrx_word' id='word_1_146' title='bbox 2103 2147 2166 2214; x_wconf 88' lang='lat' dir='ltr'>ba·</span> 
     </span>
     <span class='ocr_line' id='line_1_12' title="bbox 314 2293 2167 2386; baseline 0 -20"><span class='ocrx_word' id='word_1_147' title='bbox 314 2300 382 2368; x_wconf 86' lang='lat' dir='ltr'>cke</span> <span class='ocrx_word' id='word_1_148' title='bbox 407 2303 510 2386; x_wconf 89' lang='lat' dir='ltr'>tres,</span> <span class='ocrx_word' id='word_1_149' title='bbox 538 2304 573 2368; x_wconf 92' lang='lat' dir='ltr'>et</span> <span class='ocrx_word' id='word_1_150' title='bbox 596 2299 714 2367; x_wconf 87' lang='lat' dir='ltr'>scurie</span> <span class='ocrx_word' id='word_1_151' title='bbox 736 2297 912 2386; x_wconf 90' lang='lat' dir='ltr'>quadtuor</span> <span class='ocrx_word' id='word_1_152' title='bbox 936 2315 1017 2366; x_wconf 91' lang='lat' dir='ltr'>cum</span> <span class='ocrx_word' id='word_1_153' title='bbox 1040 2313 1111 2366; x_wconf 88' lang='lat' dir='ltr'>ana</span> <span class='ocrx_word' id='word_1_154' title='bbox 1135 2300 1207 2364; x_wconf 85' lang='lat' dir='ltr'>tres</span> <span class='ocrx_word' id='word_1_155' title='bbox 1228 2293 1319 2364; x_wconf 87' lang='lat' dir='ltr'>filios</span> <span class='ocrx_word' id='word_1_156' title='bbox 1342 2313 1405 2383; x_wconf 91' lang='lat' dir='ltr'>per</span> <span class='ocrx_word' id='word_1_157' title='bbox 1428 2315 1468 2364; x_wconf 89' lang='lat' dir='ltr'>ec</span> <span class='ocrx_word' id='word_1_158' title='bbox 1490 2297 1639 2382; x_wconf 91' lang='lat' dir='ltr'>scuria,</span> <span class='ocrx_word' id='word_1_159' title='bbox 1663 2315 1769 2384; x_wconf 91' lang='lat' dir='ltr'>capre</span> <span class='ocrx_word' id='word_1_160' title='bbox 1792 2301 1867 2365; x_wconf 89' lang='lat' dir='ltr'>tres</span> <span class='ocrx_word' id='word_1_161' title='bbox 1890 2297 2005 2366; x_wconf 89' lang='lat' dir='ltr'>edate.</span> <span class='ocrx_word' id='word_1_162' title='bbox 2031 2299 2076 2367; x_wconf 88' lang='lat' dir='ltr'>Et</span> <span class='ocrx_word' id='word_1_163' title='bbox 2099 2317 2167 2386; x_wconf 79' lang='lat' dir='ltr'>ego</span> 
     </span>
     <span class='ocr_line' id='line_1_13' title="bbox 313 2448 2168 2552; baseline 0.001 -32"><span class='ocrx_word' id='word_1_164' title='bbox 313 2451 508 2522; x_wconf 88' lang='lat' dir='ltr'>iamdictus</span> <span class='ocrx_word' id='word_1_165' title='bbox 530 2451 639 2520; x_wconf 91' lang='lat' dir='ltr'>disiiu</span> <span class='ocrx_word' id='word_1_166' title='bbox 662 2452 761 2522; x_wconf 92' lang='lat' dir='ltr'>dedit</span> <span class='ocrx_word' id='word_1_167' title='bbox 783 2451 823 2520; x_wconf 92' lang='lat' dir='ltr'>in</span> <span class='ocrx_word' id='word_1_168' title='bbox 845 2451 924 2537; x_wconf 89' lang='lat' dir='ltr'>ipsa</span> <span class='ocrx_word' id='word_1_169' title='bbox 947 2448 1098 2518; x_wconf 89' lang='lat' dir='ltr'>ecclesia</span> <span class='ocrx_word' id='word_1_170' title='bbox 1121 2449 1321 2524; x_wconf 81' lang='lat' dir='ltr'>inmmenta</span> <span class='ocrx_word' id='word_1_171' title='bbox 1337 2469 1411 2520; x_wconf 88' lang='lat' dir='ltr'>una</span> <span class='ocrx_word' id='word_1_172' title='bbox 1428 2451 1631 2539; x_wconf 89' lang='lat' dir='ltr'>polletrata,</span> <span class='ocrx_word' id='word_1_173' title='bbox 1649 2453 1758 2552; x_wconf 87' lang='lat' dir='ltr'>bacca</span> <span class='ocrx_word' id='word_1_174' title='bbox 1772 2471 1846 2523; x_wconf 91' lang='lat' dir='ltr'>una</span> <span class='ocrx_word' id='word_1_175' title='bbox 1862 2452 2047 2540; x_wconf 88' lang='lat' dir='ltr'>betcllata,</span> <span class='ocrx_word' id='word_1_176' title='bbox 2064 2458 2168 2540; x_wconf 92' lang='lat' dir='ltr'>porci</span> 
     </span>
     <span class='ocr_line' id='line_1_14' title="bbox 311 2605 2163 2696; baseline 0 -20"><span class='ocrx_word' id='word_1_177' title='bbox 311 2606 434 2696; x_wconf 89' lang='lat' dir='ltr'>capita</span> <span class='ocrx_word' id='word_1_178' title='bbox 456 2607 602 2694; x_wconf 90' lang='lat' dir='ltr'>decem,</span> <span class='ocrx_word' id='word_1_179' title='bbox 637 2624 745 2695; x_wconf 88' lang='lat' dir='ltr'>capre</span> <span class='ocrx_word' id='word_1_180' title='bbox 777 2606 879 2676; x_wconf 85' lang='lat' dir='ltr'>edate</span> <span class='ocrx_word' id='word_1_181' title='bbox 907 2609 993 2675; x_wconf 88' lang='lat' dir='ltr'>tres.</span> <span class='ocrx_word' id='word_1_182' title='bbox 1029 2608 1101 2675; x_wconf 89' lang='lat' dir='ltr'>Hec</span> <span class='ocrx_word' id='word_1_183' title='bbox 1132 2608 1253 2675; x_wconf 88' lang='lat' dir='ltr'>omnia</span> <span class='ocrx_word' id='word_1_184' title='bbox 1283 2606 1528 2694; x_wconf 87' lang='lat' dir='ltr'>suprascripta</span> <span class='ocrx_word' id='word_1_185' title='bbox 1551 2605 1697 2675; x_wconf 90' lang='lat' dir='ltr'>movilia</span> <span class='ocrx_word' id='word_1_186' title='bbox 1726 2612 1762 2675; x_wconf 90' lang='lat' dir='ltr'>et</span> <span class='ocrx_word' id='word_1_187' title='bbox 1784 2607 1953 2694; x_wconf 82' lang='lat' dir='ltr'>predictis</span> <span class='ocrx_word' id='word_1_188' title='bbox 1976 2609 2163 2678; x_wconf 89' lang='lat' dir='ltr'>animallis</span> 
     </span>
     <span class='ocr_line' id='line_1_15' title="bbox 314 2757 2168 2850; baseline 0.002 -22"><span class='ocrx_word' id='word_1_189' title='bbox 314 2761 428 2847; x_wconf 89' lang='lat' dir='ltr'>ipsius</span> <span class='ocrx_word' id='word_1_190' title='bbox 449 2759 542 2828; x_wconf 86' lang='lat' dir='ltr'>susci</span> <span class='ocrx_word' id='word_1_191' title='bbox 566 2759 758 2846; x_wconf 83' lang='lat' dir='ltr'>presbiteri</span> <span class='ocrx_word' id='word_1_192' title='bbox 782 2759 884 2828; x_wconf 91' lang='lat' dir='ltr'>modo</span> <span class='ocrx_word' id='word_1_193' title='bbox 907 2757 1203 2847; x_wconf 83' lang='lat' dir='ltr'>adsingnavimus</span> <span class='ocrx_word' id='word_1_194' title='bbox 1226 2759 1265 2828; x_wconf 91' lang='lat' dir='ltr'>in</span> <span class='ocrx_word' id='word_1_195' title='bbox 1288 2761 1355 2830; x_wconf 91' lang='lat' dir='ltr'>tali</span> <span class='ocrx_word' id='word_1_196' title='bbox 1378 2761 1514 2850; x_wconf 90' lang='lat' dir='ltr'>ordine,</span> <span class='ocrx_word' id='word_1_197' title='bbox 1541 2767 1582 2831; x_wconf 90' lang='lat' dir='ltr'>ut</span> <span class='ocrx_word' id='word_1_198' title='bbox 1603 2763 1728 2831; x_wconf 92' lang='lat' dir='ltr'>amodo</span> <span class='ocrx_word' id='word_1_199' title='bbox 1750 2767 1788 2831; x_wconf 90' lang='lat' dir='ltr'>et</span> <span class='ocrx_word' id='word_1_200' title='bbox 1811 2763 1928 2832; x_wconf 89' lang='lat' dir='ltr'>cuntis</span> <span class='ocrx_word' id='word_1_201' title='bbox 1943 2763 2068 2832; x_wconf 90' lang='lat' dir='ltr'>diebus</span> <span class='ocrx_word' id='word_1_202' title='bbox 2093 2766 2168 2833; x_wconf 88' lang='lat' dir='ltr'>vite</span> 
     </span>
     <span class='ocr_line' id='line_1_16' title="bbox 311 2912 2162 3005; baseline 0.004 -24"><span class='ocrx_word' id='word_1_203' title='bbox 311 2933 375 2983; x_wconf 92' lang='lat' dir='ltr'>sue</span> <span class='ocrx_word' id='word_1_204' title='bbox 398 2914 504 3001; x_wconf 89' lang='lat' dir='ltr'>hipsa</span> <span class='ocrx_word' id='word_1_205' title='bbox 527 2913 702 3000; x_wconf 89' lang='lat' dir='ltr'>ecclesia,</span> <span class='ocrx_word' id='word_1_206' title='bbox 727 2932 808 2981; x_wconf 89' lang='lat' dir='ltr'>oum</span> <span class='ocrx_word' id='word_1_207' title='bbox 831 2912 952 2981; x_wconf 87' lang='lat' dir='ltr'>omnia</span> <span class='ocrx_word' id='word_1_208' title='bbox 974 2931 1044 2999; x_wconf 87' lang='lat' dir='ltr'>que</span> <span class='ocrx_word' id='word_1_209' title='bbox 1066 2912 1364 3002; x_wconf 81' lang='lat' dir='ltr'>supradiximus,</span> <span class='ocrx_word' id='word_1_210' title='bbox 1399 2935 1461 2984; x_wconf 89' lang='lat' dir='ltr'>sue</span> <span class='ocrx_word' id='word_1_211' title='bbox 1485 2917 1672 3002; x_wconf 79' lang='lat' dir='ltr'>potcstatis</span> <span class='ocrx_word' id='word_1_212' title='bbox 1694 2921 1817 2985; x_wconf 91' lang='lat' dir='ltr'>tenere</span> <span class='ocrx_word' id='word_1_213' title='bbox 1841 2923 1875 2986; x_wconf 89' lang='lat' dir='ltr'>et</span> <span class='ocrx_word' id='word_1_214' title='bbox 1905 2918 2103 3005; x_wconf 90' lang='lat' dir='ltr'>dominare,</span> <span class='ocrx_word' id='word_1_215' title='bbox 2126 2924 2162 2988; x_wconf 93' lang='lat' dir='ltr'>et</span> 
     </span>
     <span class='ocr_line' id='line_1_17' title="bbox 310 3066 2167 3157; baseline 0.002 -21"><span class='ocrx_word' id='word_1_216' title='bbox 310 3069 426 3136; x_wconf 89' lang='lat' dir='ltr'>omnis</span> <span class='ocrx_word' id='word_1_217' title='bbox 450 3085 512 3134; x_wconf 89' lang='lat' dir='ltr'>sue</span> <span class='ocrx_word' id='word_1_218' title='bbox 537 3067 706 3136; x_wconf 82' lang='lat' dir='ltr'>utilitatis</span> <span class='ocrx_word' id='word_1_219' title='bbox 730 3066 769 3132; x_wconf 93' lang='lat' dir='ltr'>in</span> <span class='ocrx_word' id='word_1_220' title='bbox 793 3067 870 3154; x_wconf 89' lang='lat' dir='ltr'>ipsa</span> <span class='ocrx_word' id='word_1_221' title='bbox 893 3066 1043 3136; x_wconf 90' lang='lat' dir='ltr'>ecclesia</span> <span class='ocrx_word' id='word_1_222' title='bbox 1066 3071 1102 3135; x_wconf 95' lang='lat' dir='ltr'>et</span> <span class='ocrx_word' id='word_1_223' title='bbox 1125 3068 1165 3135; x_wconf 90' lang='lat' dir='ltr'>in</span> <span class='ocrx_word' id='word_1_224' title='bbox 1188 3069 1294 3136; x_wconf 88' lang='lat' dir='ltr'>rebus</span> <span class='ocrx_word' id='word_1_225' title='bbox 1317 3069 1429 3155; x_wconf 86' lang='lat' dir='ltr'>ipsius</span> <span class='ocrx_word' id='word_1_226' title='bbox 1451 3069 1601 3138; x_wconf 88' lang='lat' dir='ltr'>ecclesie</span> <span class='ocrx_word' id='word_1_227' title='bbox 1633 3069 1728 3138; x_wconf 88' lang='lat' dir='ltr'>iusta</span> <span class='ocrx_word' id='word_1_228' title='bbox 1759 3071 1900 3138; x_wconf 88' lang='lat' dir='ltr'>ratione</span> <span class='ocrx_word' id='word_1_229' title='bbox 1932 3071 1984 3139; x_wconf 88' lang='lat' dir='ltr'>ibi</span> <span class='ocrx_word' id='word_1_230' title='bbox 2016 3071 2134 3140; x_wconf 82' lang='lat' dir='ltr'>facere</span> <span class='ocrx_word' id='word_1_231' title='bbox 2158 3123 2167 3157; x_wconf 90' lang='lat'>‚</span> 
     </span>
    </p>
   </div>
   <div class='ocr_carea' id='block_1_3' title="bbox 316 3218 2163 3310">
    <p class='ocr_par' dir='ltr' id='par_1_3' title="bbox 316 3218 2163 3310">
     <span class='ocr_line' id='line_1_18' title="bbox 316 3218 2163 3310; baseline 0.003 -21"><span class='ocrx_word' id='word_1_232' title='bbox 316 3223 355 3289; x_wconf 90' lang='lat' dir='ltr'>et</span> <span class='ocrx_word' id='word_1_233' title='bbox 378 3219 505 3290; x_wconf 90' lang='lat' dir='ltr'>amodo</span> <span class='ocrx_word' id='word_1_234' title='bbox 527 3220 656 3290; x_wconf 88' lang='lat' dir='ltr'>cotidie</span> <span class='ocrx_word' id='word_1_235' title='bbox 679 3219 811 3288; x_wconf 86' lang='lat' dir='ltr'>ibidem</span> <span class='ocrx_word' id='word_1_236' title='bbox 833 3219 988 3288; x_wconf 88' lang='lat' dir='ltr'>residere</span> <span class='ocrx_word' id='word_1_237' title='bbox 1013 3223 1048 3288; x_wconf 91' lang='lat' dir='ltr'>et</span> <span class='ocrx_word' id='word_1_238' title='bbox 1070 3218 1221 3308; x_wconf 87' lang='lat' dir='ltr'>avitare,</span> <span class='ocrx_word' id='word_1_239' title='bbox 1245 3224 1281 3289; x_wconf 90' lang='lat' dir='ltr'>et</span> <span class='ocrx_word' id='word_1_240' title='bbox 1302 3222 1365 3289; x_wconf 92' lang='lat' dir='ltr'>diu</span> <span class='ocrx_word' id='word_1_241' title='bbox 1387 3225 1566 3308; x_wconf 91' lang='lat' dir='ltr'>noctuque</span> <span class='ocrx_word' id='word_1_242' title='bbox 1589 3222 1630 3289; x_wconf 91' lang='lat' dir='ltr'>in</span> <span class='ocrx_word' id='word_1_243' title='bbox 1652 3221 1732 3310; x_wconf 90' lang='lat' dir='ltr'>ipsa</span> <span class='ocrx_word' id='word_1_244' title='bbox 1755 3222 1905 3292; x_wconf 86' lang='lat' dir='ltr'>ecclesia</span> <span class='ocrx_word' id='word_1_245' title='bbox 1939 3225 2098 3294; x_wconf 87' lang='lat' dir='ltr'>officiare</span> <span class='ocrx_word' id='word_1_246' title='bbox 2126 3231 2163 3295; x_wconf 92' lang='lat' dir='ltr'>et</span> 
     </span>
    </p>
   </div>
   <div class='ocr_carea' id='block_1_4' title="bbox 313 3370 2295 3462">
    <p class='ocr_par' dir='ltr' id='par_1_4' title="bbox 313 3370 2295 3462">
     <span class='ocr_line' id='line_1_19' title="bbox 313 3370 2295 3462; baseline 0.003 -23"><span class='ocrx_word' id='word_1_247' title='bbox 313 3371 472 3442; x_wconf 85' lang='lat' dir='ltr'>officiare</span> <span class='ocrx_word' id='word_1_248' title='bbox 494 3375 645 3462; x_wconf 87' lang='lat' dir='ltr'>saciant,</span> <span class='ocrx_word' id='word_1_249' title='bbox 670 3375 764 3443; x_wconf 88' lang='lat' dir='ltr'>sicut</span> <span class='ocrx_word' id='word_1_250' title='bbox 787 3372 972 3460; x_wconf 89' lang='lat' dir='ltr'>meruerit,</span> <span class='ocrx_word' id='word_1_251' title='bbox 995 3370 1170 3459; x_wconf 85' lang='lat' dir='ltr'>presbiter</span> <span class='ocrx_word' id='word_1_252' title='bbox 1193 3370 1357 3442; x_wconf 83' lang='lat' dir='ltr'>villanos.</span> <span class='ocrx_word' id='word_1_253' title='bbox 1382 3373 1427 3442; x_wconf 88' lang='lat' dir='ltr'>Et</span> <span class='ocrx_word' id='word_1_254' title='bbox 1448 3373 1564 3442; x_wconf 87' lang='lat' dir='ltr'>omnis</span> <span class='ocrx_word' id='word_1_255' title='bbox 1586 3375 1714 3443; x_wconf 84' lang='lat' dir='ltr'>offerta</span> <span class='ocrx_word' id='word_1_256' title='bbox 1738 3379 1775 3443; x_wconf 93' lang='lat' dir='ltr'>et</span> <span class='ocrx_word' id='word_1_257' title='bbox 1796 3376 1995 3445; x_wconf 86' lang='lat' dir='ltr'>botationes</span> <span class='ocrx_word' id='word_1_258' title='bbox 2026 3393 2089 3444; x_wconf 85' lang='lat' dir='ltr'>seu</span> <span class='ocrx_word' id='word_1_259' title='bbox 2112 3395 2167 3445; x_wconf 84' lang='lat' dir='ltr'>se·</span> <span class='ocrx_word' id='word_1_260' title='bbox 2291 3418 2295 3424; x_wconf 91' lang='lat'>·</span> 
     </span>
    </p>
   </div>
   <div class='ocr_carea' id='block_1_5' title="bbox 311 3520 2166 3617">
    <p class='ocr_par' dir='ltr' id='par_1_5' title="bbox 311 3520 2166 3617">
     <span class='ocr_line' id='line_1_20' title="bbox 311 3520 2166 3617; baseline 0.002 -22"><span class='ocrx_word' id='word_1_261' title='bbox 311 3527 472 3617; x_wconf 89' lang='lat' dir='ltr'>pultura,</span> <span class='ocrx_word' id='word_1_262' title='bbox 496 3547 563 3616; x_wconf 89' lang='lat' dir='ltr'>que</span> <span class='ocrx_word' id='word_1_263' title='bbox 587 3531 625 3596; x_wconf 90' lang='lat' dir='ltr'>in</span> <span class='ocrx_word' id='word_1_264' title='bbox 648 3531 727 3615; x_wconf 88' lang='lat' dir='ltr'>ipsa</span> <span class='ocrx_word' id='word_1_265' title='bbox 750 3527 903 3597; x_wconf 89' lang='lat' dir='ltr'>ecclesia</span> <span class='ocrx_word' id='word_1_266' title='bbox 926 3526 1128 3614; x_wconf 86' lang='lat' dir='ltr'>intraverit,</span> <span class='ocrx_word' id='word_1_267' title='bbox 1150 3529 1264 3594; x_wconf 87' lang='lat' dir='ltr'>totum</span> <span class='ocrx_word' id='word_1_268' title='bbox 1287 3525 1371 3594; x_wconf 91' lang='lat' dir='ltr'>illut</span> <span class='ocrx_word' id='word_1_269' title='bbox 1394 3524 1462 3594; x_wconf 85' lang='lat' dir='ltr'>sivi</span> <span class='ocrx_word' id='word_1_270' title='bbox 1481 3533 1626 3616; x_wconf 88' lang='lat' dir='ltr'>aveant,</span> <span class='ocrx_word' id='word_1_271' title='bbox 1650 3529 1855 3598; x_wconf 84' lang='lat' dir='ltr'>faciendum</span> <span class='ocrx_word' id='word_1_272' title='bbox 1877 3520 1963 3599; x_wconf 52' lang='lat' dir='ltr'>‘inde</span> <span class='ocrx_word' id='word_1_273' title='bbox 1985 3529 2078 3616; x_wconf 87' lang='lat' dir='ltr'>quod</span> <span class='ocrx_word' id='word_1_274' title='bbox 2108 3535 2166 3599; x_wconf 90' lang='lat' dir='ltr'>bo·</span> 
     </span>
    </p>
   </div>
   <div class='ocr_carea' id='block_1_6' title="bbox 313 3677 2162 3769">
    <p class='ocr_par' dir='ltr' id='par_1_6' title="bbox 313 3677 2162 3769">
     <span class='ocr_line' id='line_1_21' title="bbox 313 3677 2162 3769; baseline 0.002 -22"><span class='ocrx_word' id='word_1_275' title='bbox 313 3681 437 3769; x_wconf 89' lang='lat' dir='ltr'>luerit,</span> <span class='ocrx_word' id='word_1_276' title='bbox 459 3685 590 3768; x_wconf 88' lang='lat' dir='ltr'>scept0,</span> <span class='ocrx_word' id='word_1_277' title='bbox 613 3682 643 3749; x_wconf 83' lang='lat' dir='ltr'>ei</span> <span class='ocrx_word' id='word_1_278' title='bbox 669 3680 800 3749; x_wconf 91' lang='lat' dir='ltr'>ibidem</span> <span class='ocrx_word' id='word_1_279' title='bbox 823 3678 1015 3762; x_wconf 82' lang='lat' dir='ltr'>intraberit</span> <span class='ocrx_word' id='word_1_280' title='bbox 1038 3677 1211 3747; x_wconf 89' lang='lat' dir='ltr'>animalia</span> <span class='ocrx_word' id='word_1_281' title='bbox 1228 3678 1324 3765; x_wconf 88' lang='lat' dir='ltr'>biba,</span> <span class='ocrx_word' id='word_1_282' title='bbox 1340 3683 1405 3747; x_wconf 89' lang='lat' dir='ltr'>aut</span> <span class='ocrx_word' id='word_1_283' title='bbox 1419 3678 1495 3748; x_wconf 88' lang='lat' dir='ltr'>tale</span> <span class='ocrx_word' id='word_1_284' title='bbox 1511 3699 1622 3750; x_wconf 89' lang='lat' dir='ltr'>causa</span> <span class='ocrx_word' id='word_1_285' title='bbox 1637 3699 1706 3768; x_wconf 90' lang='lat' dir='ltr'>que</span> <span class='ocrx_word' id='word_1_286' title='bbox 1721 3681 1766 3750; x_wconf 92' lang='lat' dir='ltr'>ad</span> <span class='ocrx_word' id='word_1_287' title='bbox 1783 3685 2034 3750; x_wconf 89' lang='lat' dir='ltr'>ornamentum</span> <span class='ocrx_word' id='word_1_288' title='bbox 2050 3683 2162 3752; x_wconf 83' lang='lat' dir='ltr'>luerit</span> 
     </span>
    </p>
   </div>
   <div class='ocr_carea' id='block_1_7' title="bbox 312 3830 2289 3923">
    <p class='ocr_par' dir='ltr' id='par_1_7' title="bbox 312 3830 2289 3923">
     <span class='ocr_line' id='line_1_22' title="bbox 312 3830 2289 3923; baseline 0 -21"><span class='ocrx_word' id='word_1_289' title='bbox 312 3835 355 3904; x_wconf 90' lang='lat' dir='ltr'>de</span> <span class='ocrx_word' id='word_1_290' title='bbox 379 3837 458 3923; x_wconf 89' lang='lat' dir='ltr'>ipsa</span> <span class='ocrx_word' id='word_1_291' title='bbox 482 3833 644 3921; x_wconf 90' lang='lat' dir='ltr'>ecclesia,</span> <span class='ocrx_word' id='word_1_292' title='bbox 668 3851 805 3920; x_wconf 88' lang='lat' dir='ltr'>semper</span> <span class='ocrx_word' id='word_1_293' title='bbox 829 3833 927 3902; x_wconf 87' lang='lat' dir='ltr'>siant</span> <span class='ocrx_word' id='word_1_294' title='bbox 941 3832 986 3901; x_wconf 89' lang='lat' dir='ltr'>ad</span> <span class='ocrx_word' id='word_1_295' title='bbox 1001 3835 1174 3919; x_wconf 88' lang='lat' dir='ltr'>potestate</span> <span class='ocrx_word' id='word_1_296' title='bbox 1188 3831 1231 3899; x_wconf 93' lang='lat' dir='ltr'>de</span> <span class='ocrx_word' id='word_1_297' title='bbox 1248 3830 1328 3917; x_wconf 90' lang='lat' dir='ltr'>ipsa</span> <span class='ocrx_word' id='word_1_298' title='bbox 1351 3830 1515 3919; x_wconf 90' lang='lat' dir='ltr'>ecclesia,</span> <span class='ocrx_word' id='word_1_299' title='bbox 1533 3831 1711 3902; x_wconf 89' lang='lat' dir='ltr'>abendum</span> <span class='ocrx_word' id='word_1_300' title='bbox 1725 3837 1761 3902; x_wconf 92' lang='lat' dir='ltr'>et</span> <span class='ocrx_word' id='word_1_301' title='bbox 1775 3835 2049 3921; x_wconf 81' lang='lat' dir='ltr'>gubernandum</span> <span class='ocrx_word' id='word_1_302' title='bbox 2065 3837 2164 3923; x_wconf 88' lang='lat' dir='ltr'>illut,</span> <span class='ocrx_word' id='word_1_303' title='bbox 2287 3897 2289 3902; x_wconf 89' lang='lat'><em>.</em></span> 
     </span>
    </p>
   </div>
   <div class='ocr_carea' id='block_1_8' title="bbox 312 3969 2161 4077">
    <p class='ocr_par' dir='ltr' id='par_1_8' title="bbox 312 3969 2161 4077">
     <span class='ocr_line' id='line_1_23' title="bbox 312 3969 2161 4077; baseline 0.003 -23"><span class='ocrx_word' id='word_1_304' title='bbox 312 3989 406 4057; x_wconf 90' lang='lat' dir='ltr'>sicut</span> <span class='ocrx_word' id='word_1_305' title='bbox 429 3991 465 4057; x_wconf 89' lang='lat' dir='ltr'>et</span> <span class='ocrx_word' id='word_1_306' title='bbox 490 3969 566 4076; x_wconf 87' lang='lat' dir='ltr'>ipso</span> <span class='ocrx_word' id='word_1_307' title='bbox 589 3986 692 4056; x_wconf 89' lang='lat' dir='ltr'>aliut:</span> <span class='ocrx_word' id='word_1_308' title='bbox 717 3985 893 4073; x_wconf 89' lang='lat' dir='ltr'>simulque</span> <span class='ocrx_word' id='word_1_309' title='bbox 916 3989 952 4055; x_wconf 89' lang='lat' dir='ltr'>et</span> <span class='ocrx_word' id='word_1_310' title='bbox 974 3983 1049 4053; x_wconf 89' lang='lat' dir='ltr'>alia</span> <span class='ocrx_word' id='word_1_311' title='bbox 1073 3986 1180 4053; x_wconf 88' lang='lat' dir='ltr'>rebus</span> <span class='ocrx_word' id='word_1_312' title='bbox 1201 3988 1238 4054; x_wconf 89' lang='lat' dir='ltr'>et</span> <span class='ocrx_word' id='word_1_313' title='bbox 1260 4003 1380 4072; x_wconf 90' lang='lat' dir='ltr'>causa,</span> <span class='ocrx_word' id='word_1_314' title='bbox 1405 4004 1475 4072; x_wconf 89' lang='lat' dir='ltr'>que</span> <span class='ocrx_word' id='word_1_315' title='bbox 1497 4003 1561 4072; x_wconf 90' lang='lat' dir='ltr'>per</span> <span class='ocrx_word' id='word_1_316' title='bbox 1583 4003 1649 4053; x_wconf 88' lang='lat' dir='ltr'>nos</span> <span class='ocrx_word' id='word_1_317' title='bbox 1672 3985 1727 4055; x_wconf 90' lang='lat' dir='ltr'>vel</span> <span class='ocrx_word' id='word_1_318' title='bbox 1751 4005 1813 4074; x_wconf 90' lang='lat' dir='ltr'>per</span> <span class='ocrx_word' id='word_1_319' title='bbox 1829 3987 1962 4056; x_wconf 85' lang='lat' dir='ltr'>nostris</span> <span class='ocrx_word' id='word_1_320' title='bbox 1978 3991 2161 4077; x_wconf 89' lang='lat' dir='ltr'>eredibus,</span> 
     </span>
    </p>
   </div>
   <div class='ocr_carea' id='block_1_9' title="bbox 311 4137 2166 5303">
    <p class='ocr_par' dir='ltr' id='par_1_9' title="bbox 311 4137 2166 5303">
     <span class='ocr_line' id='line_1_24' title="bbox 311 4137 2164 4234; baseline 0.003 -27"><span class='ocrx_word' id='word_1_321' title='bbox 311 4158 374 4209; x_wconf 91' lang='lat' dir='ltr'>seu</span> <span class='ocrx_word' id='word_1_322' title='bbox 398 4159 463 4228; x_wconf 92' lang='lat' dir='ltr'>per</span> <span class='ocrx_word' id='word_1_323' title='bbox 486 4139 571 4210; x_wconf 88' lang='lat' dir='ltr'>aliis</span> <span class='ocrx_word' id='word_1_324' title='bbox 593 4141 797 4209; x_wconf 90' lang='lat' dir='ltr'>hominibus</span> <span class='ocrx_word' id='word_1_325' title='bbox 819 4139 858 4208; x_wconf 91' lang='lat' dir='ltr'>in</span> <span class='ocrx_word' id='word_1_326' title='bbox 882 4141 961 4228; x_wconf 89' lang='lat' dir='ltr'>ipsa</span> <span class='ocrx_word' id='word_1_327' title='bbox 984 4139 1135 4208; x_wconf 88' lang='lat' dir='ltr'>ecclesia</span> <span class='ocrx_word' id='word_1_328' title='bbox 1161 4137 1285 4208; x_wconf 90' lang='lat' dir='ltr'>datum</span> <span class='ocrx_word' id='word_1_329' title='bbox 1307 4141 1345 4206; x_wconf 89' lang='lat' dir='ltr'>et</span> <span class='ocrx_word' id='word_1_330' title='bbox 1368 4138 1533 4207; x_wconf 84' lang='lat' dir='ltr'>offertum</span> <span class='ocrx_word' id='word_1_331' title='bbox 1557 4140 1668 4208; x_wconf 87' lang='lat' dir='ltr'>suerit</span> <span class='ocrx_word' id='word_1_332' title='bbox 1692 4141 1815 4209; x_wconf 89' lang='lat' dir='ltr'>amodo</span> <span class='ocrx_word' id='word_1_333' title='bbox 1830 4140 1871 4208; x_wconf 93' lang='lat' dir='ltr'>in</span> <span class='ocrx_word' id='word_1_334' title='bbox 1886 4145 2006 4230; x_wconf 88' lang='lat' dir='ltr'>antea,</span> <span class='ocrx_word' id='word_1_335' title='bbox 2024 4161 2164 4234; x_wconf 86' lang='lat' dir='ltr'>semper</span> 
     </span>
     <span class='ocr_line' id='line_1_25' title="bbox 313 4289 2164 4385; baseline 0.003 -24"><span class='ocrx_word' id='word_1_336' title='bbox 313 4296 410 4365; x_wconf 90' lang='lat' dir='ltr'>siant</span> <span class='ocrx_word' id='word_1_337' title='bbox 434 4293 480 4363; x_wconf 93' lang='lat' dir='ltr'>ad</span> <span class='ocrx_word' id='word_1_338' title='bbox 503 4296 677 4380; x_wconf 88' lang='lat' dir='ltr'>potestate</span> <span class='ocrx_word' id='word_1_339' title='bbox 693 4292 845 4380; x_wconf 91' lang='lat' dir='ltr'>predicti</span> <span class='ocrx_word' id='word_1_340' title='bbox 864 4293 953 4360; x_wconf 88' lang='lat' dir='ltr'>susci</span> <span class='ocrx_word' id='word_1_341' title='bbox 971 4292 1173 4379; x_wconf 89' lang='lat' dir='ltr'>presbiteri,</span> <span class='ocrx_word' id='word_1_342' title='bbox 1191 4289 1367 4360; x_wconf 87' lang='lat' dir='ltr'>abendum</span> <span class='ocrx_word' id='word_1_343' title='bbox 1383 4291 1466 4361; x_wconf 87' lang='lat' dir='ltr'>illut</span> <span class='ocrx_word' id='word_1_344' title='bbox 1481 4292 1607 4361; x_wconf 89' lang='lat' dir='ltr'>diebus</span> <span class='ocrx_word' id='word_1_345' title='bbox 1622 4292 1695 4362; x_wconf 86' lang='lat' dir='ltr'>vite</span> <span class='ocrx_word' id='word_1_346' title='bbox 1712 4311 1788 4380; x_wconf 91' lang='lat' dir='ltr'>sue,</span> <span class='ocrx_word' id='word_1_347' title='bbox 1804 4298 1898 4363; x_wconf 90' lang='lat' dir='ltr'>sicut</span> <span class='ocrx_word' id='word_1_348' title='bbox 1913 4299 1949 4365; x_wconf 89' lang='lat' dir='ltr'>et</span> <span class='ocrx_word' id='word_1_349' title='bbox 1965 4295 2042 4383; x_wconf 90' lang='lat' dir='ltr'>ipso</span> <span class='ocrx_word' id='word_1_350' title='bbox 2058 4296 2164 4385; x_wconf 91' lang='lat' dir='ltr'>aliut,</span> 
     </span>
     <span class='ocr_line' id='line_1_26' title="bbox 311 4443 2166 4538; baseline 0.003 -24"><span class='ocrx_word' id='word_1_351' title='bbox 311 4450 347 4514; x_wconf 89' lang='lat' dir='ltr'>et</span> <span class='ocrx_word' id='word_1_352' title='bbox 370 4447 414 4516; x_wconf 92' lang='lat' dir='ltr'>de</span> <span class='ocrx_word' id='word_1_353' title='bbox 438 4447 508 4534; x_wconf 91' lang='lat' dir='ltr'>ipsi</span> <span class='ocrx_word' id='word_1_354' title='bbox 533 4445 730 4532; x_wconf 89' lang='lat' dir='ltr'>animaliis,</span> <span class='ocrx_word' id='word_1_355' title='bbox 753 4449 790 4514; x_wconf 92' lang='lat' dir='ltr'>et</span> <span class='ocrx_word' id='word_1_356' title='bbox 813 4446 857 4514; x_wconf 91' lang='lat' dir='ltr'>de</span> <span class='ocrx_word' id='word_1_357' title='bbox 880 4444 967 4514; x_wconf 84' lang='lat' dir='ltr'>filiis</span> <span class='ocrx_word' id='word_1_358' title='bbox 989 4443 1133 4512; x_wconf 85' lang='lat' dir='ltr'>filiabus</span> <span class='ocrx_word' id='word_1_359' title='bbox 1155 4445 1248 4532; x_wconf 90' lang='lat' dir='ltr'>quod</span> <span class='ocrx_word' id='word_1_360' title='bbox 1272 4445 1411 4532; x_wconf 88' lang='lat' dir='ltr'>fecerit,</span> <span class='ocrx_word' id='word_1_361' title='bbox 1435 4444 1564 4514; x_wconf 91' lang='lat' dir='ltr'>cotidie</span> <span class='ocrx_word' id='word_1_362' title='bbox 1587 4464 1676 4516; x_wconf 88' lang='lat' dir='ltr'>cura</span> <span class='ocrx_word' id='word_1_363' title='bbox 1699 4451 1735 4516; x_wconf 87' lang='lat' dir='ltr'>et</span> <span class='ocrx_word' id='word_1_364' title='bbox 1758 4447 1969 4536; x_wconf 82' lang='lat' dir='ltr'>bigilatione</span> <span class='ocrx_word' id='word_1_365' title='bbox 1992 4451 2068 4538; x_wconf 89' lang='lat' dir='ltr'>ipse</span> <span class='ocrx_word' id='word_1_366' title='bbox 2084 4471 2166 4538; x_wconf 85' lang='lat' dir='ltr'>pre·</span> 
     </span>
     <span class='ocr_line' id='line_1_27' title="bbox 311 4595 2162 4690; baseline 0.005 -26"><span class='ocrx_word' id='word_1_367' title='bbox 311 4597 425 4666; x_wconf 87' lang='lat' dir='ltr'>sbiter</span> <span class='ocrx_word' id='word_1_368' title='bbox 449 4599 570 4686; x_wconf 88' lang='lat' dir='ltr'>abere,</span> <span class='ocrx_word' id='word_1_369' title='bbox 593 4601 630 4666; x_wconf 91' lang='lat' dir='ltr'>et</span> <span class='ocrx_word' id='word_1_370' title='bbox 653 4597 789 4668; x_wconf 83' lang='lat' dir='ltr'>iaciant</span> <span class='ocrx_word' id='word_1_371' title='bbox 811 4599 931 4683; x_wconf 86' lang='lat' dir='ltr'>abere,</span> <span class='ocrx_word' id='word_1_372' title='bbox 956 4598 998 4662; x_wconf 91' lang='lat' dir='ltr'>ut</span> <span class='ocrx_word' id='word_1_373' title='bbox 1022 4595 1223 4681; x_wconf 86' lang='lat' dir='ltr'>proficiant.</span> <span class='ocrx_word' id='word_1_374' title='bbox 1248 4595 1294 4662; x_wconf 85' lang='lat' dir='ltr'>Et</span> <span class='ocrx_word' id='word_1_375' title='bbox 1315 4595 1359 4666; x_wconf 91' lang='lat' dir='ltr'>de</span> <span class='ocrx_word' id='word_1_376' title='bbox 1383 4613 1503 4666; x_wconf 90' lang='lat' dir='ltr'>omnes</span> <span class='ocrx_word' id='word_1_377' title='bbox 1525 4597 1617 4668; x_wconf 88' lang='lat' dir='ltr'>tllios</span> <span class='ocrx_word' id='word_1_378' title='bbox 1647 4599 1701 4668; x_wconf 91' lang='lat' dir='ltr'>vel</span> <span class='ocrx_word' id='word_1_379' title='bbox 1726 4599 1834 4690; x_wconf 87' lang='lat' dir='ltr'>filias,</span> <span class='ocrx_word' id='word_1_380' title='bbox 1859 4602 1952 4689; x_wconf 92' lang='lat' dir='ltr'>quod</span> <span class='ocrx_word' id='word_1_381' title='bbox 1975 4604 2100 4674; x_wconf 89' lang='lat' dir='ltr'>amodo</span> <span class='ocrx_word' id='word_1_382' title='bbox 2125 4609 2162 4674; x_wconf 90' lang='lat' dir='ltr'>in</span> 
     </span>
     <span class='ocr_line' id='line_1_28' title="bbox 314 4746 2165 4844; baseline 0.003 -25"><span class='ocrx_word' id='word_1_383' title='bbox 314 4755 426 4820; x_wconf 89' lang='lat' dir='ltr'>antea</span> <span class='ocrx_word' id='word_1_384' title='bbox 449 4750 491 4819; x_wconf 91' lang='lat' dir='ltr'>de</span> <span class='ocrx_word' id='word_1_385' title='bbox 515 4748 604 4838; x_wconf 84' lang='lat' dir='ltr'>ipsis</span> <span class='ocrx_word' id='word_1_386' title='bbox 627 4748 813 4819; x_wconf 85' lang='lat' dir='ltr'>animaliis</span> <span class='ocrx_word' id='word_1_387' title='bbox 836 4750 940 4818; x_wconf 89' lang='lat' dir='ltr'>natos</span> <span class='ocrx_word' id='word_1_388' title='bbox 964 4746 1100 4834; x_wconf 88' lang='lat' dir='ltr'>suerit,</span> <span class='ocrx_word' id='word_1_389' title='bbox 1125 4748 1254 4818; x_wconf 90' lang='lat' dir='ltr'>tollant</span> <span class='ocrx_word' id='word_1_390' title='bbox 1277 4748 1360 4817; x_wconf 90' lang='lat' dir='ltr'>inde</span> <span class='ocrx_word' id='word_1_391' title='bbox 1383 4750 1558 4836; x_wconf 85' lang='lat' dir='ltr'>presbiter</span> <span class='ocrx_word' id='word_1_392' title='bbox 1592 4752 1669 4840; x_wconf 85' lang='lat' dir='ltr'>ipso</span> <span class='ocrx_word' id='word_1_393' title='bbox 1700 4771 1774 4823; x_wconf 92' lang='lat' dir='ltr'>una</span> <span class='ocrx_word' id='word_1_394' title='bbox 1796 4756 1945 4824; x_wconf 89' lang='lat' dir='ltr'>tertiam</span> <span class='ocrx_word' id='word_1_395' title='bbox 1974 4759 2078 4842; x_wconf 91' lang='lat' dir='ltr'>parte</span> <span class='ocrx_word' id='word_1_396' title='bbox 2102 4776 2165 4844; x_wconf 89' lang='lat' dir='ltr'>pro</span> 
     </span>
     <span class='ocr_line' id='line_1_29' title="bbox 313 4900 2163 4997; baseline 0.004 -25"><span class='ocrx_word' id='word_1_397' title='bbox 313 4906 477 4975; x_wconf 87' lang='lat' dir='ltr'>utilitate</span> <span class='ocrx_word' id='word_1_398' title='bbox 501 4922 567 4973; x_wconf 93' lang='lat' dir='ltr'>sua</span> <span class='ocrx_word' id='word_1_399' title='bbox 583 4908 618 4972; x_wconf 88' lang='lat' dir='ltr'>et</span> <span class='ocrx_word' id='word_1_400' title='bbox 634 4901 677 4971; x_wconf 91' lang='lat' dir='ltr'>de</span> <span class='ocrx_word' id='word_1_401' title='bbox 691 4903 769 4990; x_wconf 87' lang='lat' dir='ltr'>ipsa</span> <span class='ocrx_word' id='word_1_402' title='bbox 785 4900 949 4988; x_wconf 88' lang='lat' dir='ltr'>ecclesia,</span> <span class='ocrx_word' id='word_1_403' title='bbox 973 4900 1187 4990; x_wconf 84' lang='lat' dir='ltr'>faciendum,</span> <span class='ocrx_word' id='word_1_404' title='bbox 1212 4901 1368 4988; x_wconf 89' lang='lat' dir='ltr'>qualiter</span> <span class='ocrx_word' id='word_1_405' title='bbox 1391 4902 1545 4974; x_wconf 88' lang='lat' dir='ltr'>boluerit</span> <span class='ocrx_word' id='word_1_406' title='bbox 1567 4906 1662 4977; x_wconf 88' lang='lat' dir='ltr'>iusta</span> <span class='ocrx_word' id='word_1_407' title='bbox 1677 4908 1829 4978; x_wconf 88' lang='lat' dir='ltr'>ratione.</span> <span class='ocrx_word' id='word_1_408' title='bbox 1848 4909 1893 4978; x_wconf 83' lang='lat' dir='ltr'>Et</span> <span class='ocrx_word' id='word_1_409' title='bbox 1909 4908 1984 4997; x_wconf 87' lang='lat' dir='ltr'>ipse</span> <span class='ocrx_word' id='word_1_410' title='bbox 2006 4908 2077 4979; x_wconf 88' lang='lat' dir='ltr'>alie</span> <span class='ocrx_word' id='word_1_411' title='bbox 2092 4910 2163 4980; x_wconf 90' lang='lat' dir='ltr'>due</span> 
     </span>
     <span class='ocr_line' id='line_1_30' title="bbox 313 5053 2159 5150; baseline 0.002 -25"><span class='ocrx_word' id='word_1_412' title='bbox 313 5059 421 5126; x_wconf 85' lang='lat' dir='ltr'>sortis</span> <span class='ocrx_word' id='word_1_413' title='bbox 443 5075 524 5126; x_wconf 88' lang='lat' dir='ltr'>cum</span> <span class='ocrx_word' id='word_1_414' title='bbox 548 5059 624 5127; x_wconf 92' lang='lat' dir='ltr'>tota</span> <span class='ocrx_word' id='word_1_415' title='bbox 648 5055 726 5144; x_wconf 86' lang='lat' dir='ltr'>ipsa</span> <span class='ocrx_word' id='word_1_416' title='bbox 750 5053 939 5142; x_wconf 89' lang='lat' dir='ltr'>capetania</span> <span class='ocrx_word' id='word_1_417' title='bbox 962 5073 1032 5142; x_wconf 89' lang='lat' dir='ltr'>que</span> <span class='ocrx_word' id='word_1_418' title='bbox 1055 5055 1358 5142; x_wconf 82' lang='lat' dir='ltr'>supradiximus,</span> <span class='ocrx_word' id='word_1_419' title='bbox 1382 5074 1520 5144; x_wconf 90' lang='lat' dir='ltr'>semper</span> <span class='ocrx_word' id='word_1_420' title='bbox 1544 5059 1592 5127; x_wconf 90' lang='lat' dir='ltr'>sit</span> <span class='ocrx_word' id='word_1_421' title='bbox 1622 5057 1665 5126; x_wconf 93' lang='lat' dir='ltr'>de</span> <span class='ocrx_word' id='word_1_422' title='bbox 1688 5061 1767 5146; x_wconf 88' lang='lat' dir='ltr'>ipsa</span> <span class='ocrx_word' id='word_1_423' title='bbox 1789 5061 1953 5150; x_wconf 88' lang='lat' dir='ltr'>ccclesia,</span> <span class='ocrx_word' id='word_1_424' title='bbox 1982 5063 2159 5132; x_wconf 88' lang='lat' dir='ltr'>abendum</span> 
     </span>
     <span class='ocr_line' id='line_1_31' title="bbox 312 5207 2163 5303; baseline 0.003 -25"><span class='ocrx_word' id='word_1_425' title='bbox 312 5209 393 5278; x_wconf 90' lang='lat' dir='ltr'>illos</span> <span class='ocrx_word' id='word_1_426' title='bbox 418 5227 478 5280; x_wconf 89' lang='lat' dir='ltr'>eos</span> <span class='ocrx_word' id='word_1_427' title='bbox 501 5211 541 5278; x_wconf 93' lang='lat' dir='ltr'>in</span> <span class='ocrx_word' id='word_1_428' title='bbox 564 5209 771 5298; x_wconf 88' lang='lat' dir='ltr'>supradicta</span> <span class='ocrx_word' id='word_1_429' title='bbox 793 5208 948 5277; x_wconf 88' lang='lat' dir='ltr'>ratione.</span> <span class='ocrx_word' id='word_1_430' title='bbox 965 5208 1010 5277; x_wconf 86' lang='lat' dir='ltr'>Et</span> <span class='ocrx_word' id='word_1_431' title='bbox 1033 5225 1097 5276; x_wconf 90' lang='lat' dir='ltr'>nos</span> <span class='ocrx_word' id='word_1_432' title='bbox 1112 5207 1271 5278; x_wconf 88' lang='lat' dir='ltr'>iamdicti</span> <span class='ocrx_word' id='word_1_433' title='bbox 1287 5210 1452 5297; x_wconf 84' lang='lat' dir='ltr'>germani</span> <span class='ocrx_word' id='word_1_434' title='bbox 1476 5213 1542 5279; x_wconf 90' lang='lat' dir='ltr'>hoc</span> <span class='ocrx_word' id='word_1_435' title='bbox 1558 5229 1694 5280; x_wconf 93' lang='lat' dir='ltr'>annum</span> <span class='ocrx_word' id='word_1_436' title='bbox 1710 5211 1840 5282; x_wconf 89' lang='lat' dir='ltr'>ibidem</span> <span class='ocrx_word' id='word_1_437' title='bbox 1865 5213 1904 5283; x_wconf 92' lang='lat' dir='ltr'>in</span> <span class='ocrx_word' id='word_1_438' title='bbox 1925 5216 2033 5284; x_wconf 85' lang='lat' dir='ltr'>rebus</span> <span class='ocrx_word' id='word_1_439' title='bbox 2049 5215 2163 5303; x_wconf 85' lang='lat' dir='ltr'>ipsius</span> 
     </span>
    </p>
   </div>
   <div class='ocr_carea' id='block_1_10' title="bbox 310 5358 2161 5456">
    <p class='ocr_par' dir='ltr' id='par_1_10' title="bbox 310 5358 2161 5456">
     <span class='ocr_line' id='line_1_32' title="bbox 310 5358 2161 5456; baseline 0.004 -26"><span class='ocrx_word' id='word_1_440' title='bbox 310 5362 462 5431; x_wconf 90' lang='lat' dir='ltr'>ecclesie</span> <span class='ocrx_word' id='word_1_441' title='bbox 485 5365 676 5449; x_wconf 90' lang='lat' dir='ltr'>pastenare</span> <span class='ocrx_word' id='word_1_442' title='bbox 700 5359 873 5431; x_wconf 81' lang='lat' dir='ltr'>iaciamus</span> <span class='ocrx_word' id='word_1_443' title='bbox 890 5378 1001 5446; x_wconf 92' lang='lat' dir='ltr'>usque</span> <span class='ocrx_word' id='word_1_444' title='bbox 1018 5358 1176 5447; x_wconf 88' lang='lat' dir='ltr'>conplete</span> <span class='ocrx_word' id='word_1_445' title='bbox 1200 5359 1297 5429; x_wconf 91' lang='lat' dir='ltr'>mille</span> <span class='ocrx_word' id='word_1_446' title='bbox 1314 5362 1418 5449; x_wconf 79' lang='lat' dir='ltr'>biteS,</span> <span class='ocrx_word' id='word_1_447' title='bbox 1435 5361 1528 5432; x_wconf 86' lang='lat' dir='ltr'>sicut</span> <span class='ocrx_word' id='word_1_448' title='bbox 1543 5366 1727 5452; x_wconf 87' lang='lat' dir='ltr'>meruerit,</span> <span class='ocrx_word' id='word_1_449' title='bbox 1748 5368 1785 5434; x_wconf 89' lang='lat' dir='ltr'>et</span> <span class='ocrx_word' id='word_1_450' title='bbox 1801 5366 1876 5452; x_wconf 89' lang='lat' dir='ltr'>ipse</span> <span class='ocrx_word' id='word_1_451' title='bbox 1897 5369 2069 5453; x_wconf 86' lang='lat' dir='ltr'>presbiter</span> <span class='ocrx_word' id='word_1_452' title='bbox 2084 5369 2161 5456; x_wconf 88' lang='lat' dir='ltr'>ipso</span> 
     </span>
    </p>
   </div>
   <div class='ocr_carea' id='block_1_11' title="bbox 308 5648 717 5662">
    <p class='ocr_par' dir='ltr' id='par_1_11' title="bbox 308 5648 717 5662">
     <span class='ocr_line' id='line_1_33' title="bbox 308 5648 717 5662; baseline -0.002 -4"><span class='ocrx_word' id='word_1_453' title='bbox 308 5648 717 5662; x_wconf 54' lang='lat' dir='ltr'>—m———a—-n-</span> 
     </span>
    </p>
   </div>
   <div class='ocr_carea' id='block_1_12' title="bbox 351 5853 2100 5943">
    <p class='ocr_par' dir='ltr' id='par_1_12' title="bbox 351 5853 2100 5943">
     <span class='ocr_line' id='line_1_34' title="bbox 351 5853 2100 5943; baseline 0.001 -21"><span class='ocrx_word' id='word_1_454' title='bbox 351 5855 374 5942; x_wconf 71' lang='lat'>¹)</span> <span class='ocrx_word' id='word_1_455' title='bbox 397 5860 482 5936; x_wconf 87' lang='lat' dir='ltr'>Quid</span> <span class='ocrx_word' id='word_1_456' title='bbox 505 5878 566 5942; x_wconf 89' lang='lat' dir='ltr'>per</span> <span class='ocrx_word' id='word_1_457' title='bbox 587 5858 784 5938; x_wconf 80' lang='lat' dir='ltr'>superiori?</span> <span class='ocrx_word' id='word_1_458' title='bbox 808 5863 842 5918; x_wconf 91' lang='lat' dir='ltr'>et</span> <span class='ocrx_word' id='word_1_459' title='bbox 865 5855 952 5919; x_wconf 83' lang='lat' dir='ltr'>inira</span> <span class='ocrx_word' id='word_1_460' title='bbox 976 5856 1055 5935; x_wconf 92' lang='lat' dir='ltr'>quid</span> <span class='ocrx_word' id='word_1_461' title='bbox 1077 5875 1138 5938; x_wconf 90' lang='lat' dir='ltr'>per</span> <span class='ocrx_word' id='word_1_462' title='bbox 1161 5853 1363 5939; x_wconf 80' lang='lat' dir='ltr'>scomopuo‘?</span> <span class='ocrx_word' id='word_1_463' title='bbox 1385 5859 1536 5920; x_wconf 85' lang='lat' dir='ltr'>Forsitan</span> <span class='ocrx_word' id='word_1_464' title='bbox 1561 5859 1672 5940; x_wconf 89' lang='lat' dir='ltr'>aliqua</span> <span class='ocrx_word' id='word_1_465' title='bbox 1696 5862 1828 5943; x_wconf 88' lang='lat' dir='ltr'>species</span> <span class='ocrx_word' id='word_1_466' title='bbox 1852 5867 2002 5925; x_wconf 84' lang='lat' dir='ltr'>texturae</span> <span class='ocrx_word' id='word_1_467' title='bbox 2028 5863 2100 5924; x_wconf 88' lang='lat' dir='ltr'>lini.</span> 
     </span>
    </p>
   </div>
   <div class='ocr_carea' id='block_1_13' title="bbox 0 0 2738 7106">
    <p class='ocr_par' dir='ltr' id='par_1_13' title="bbox 0 0 2738 7106">
     <span class='ocr_line' id='line_1_35' title="bbox 0 0 2738 7106; baseline 0 1"><span class='ocrx_word' id='word_1_468' title='bbox 0 0 2738 7106; x_wconf 95' lang='lat' dir='ltr'> </span> 
     </span>
    </p>
   </div>
  </div>
 </body>
</html>
