5414 7098
1005 585 1404 666 DIPLOMATICUS
2043 591 2090 664 53

284 816 381 904 ideo,
405 819 446 886 ut
468 815 640 903 diximus,
665 816 737 884 toto
760 817 797 884 et
819 815 945 886 inolito
969 817 1036 886 iste
1059 819 1181 886 nostre
1212 819 1380 888 sortionis
1399 819 1442 890 de
1457 819 1628 892 iamdicta
1651 821 1753 908 peoia
1776 819 1819 888 de
1844 822 1941 889 terra
1960 836 2027 905 ego
2050 817 2141 888 iam-

279 969 400 1040 dictus
423 973 531 1040 tauro
555 969 683 1038 inclita
706 967 874 1057 sortione,
899 968 960 1056 qui
985 969 1056 1038 fuit
1078 971 1192 1058 ipsius
1215 965 1370 1061 genitori
1394 991 1485 1060 meo,
1509 976 1545 1042 et
1559 990 1625 1062 ego
1641 972 1834 1042 iamdictus
1849 975 1972 1061 petrus
1986 971 2139 1042 mediam

280 1123 498 1211 sortionem,
522 1125 585 1212 qui
609 1123 678 1193 ituit
700 1122 815 1212 ipsius
837 1125 960 1194 ioanni
984 1125 1142 1213 genitori
1166 1144 1264 1214 meo,
1289 1127 1383 1195 unde
1407 1125 1546 1195 nuliam
1568 1124 1691 1214 nobis,
1715 1125 1772 1195 vel
1794 1126 1968 1194 uxoribus
1993 1129 2138 1212 nostre,

286 1276 342 1348 vol
365 1277 405 1345 in
428 1275 558 1364 quabis
581 1281 749 1365 partibus
773 1279 905 1348 exinde
927 1279 1089 1367 restitit,
1114 1281 1179 1347 aut
1202 1277 1354 1346 dicimus
1376 1296 1565 1348 remanere
1589 1279 1804 1363 sortionem3
1827 1281 1900 1365 set,
1924 1276 2023 1346 sicud
2046 1277 2141 1396 dixi·

284 1449 377 1520 mus,
401 1429 567 1500 inclitum
590 1429 672 1500 illut
695 1431 761 1500 tivi
785 1431 955 1500 iamdicto
978 1429 1105 1498 monde
1127 1430 1434 1518 benumdedimus,
1458 1435 1493 1500 et
1516 1433 1570 1500 est
1593 1436 1693 1501 terra
1716 1431 1795 1520 ipsa
1821 1428 1998 1498 inlocum
2022 1432 2141 1499 trans-
2210 1447 2212 1453 ·

286 1585 430 1673 boneia,
453 1587 492 1654 et
514 1585 577 1654 ubi
599 1553 723 1674 propio
747 1586 895 1652 bocatur
919 1583 966 1652 ad
989 1583 1138 1653 maianu
1161 1583 1293 1652 tinibus
1317 1583 1573 1672 mitilianense,
1598 1603 1679 1652 cum
1706 1586 1827 1655 omnia
1851 1584 1948 1659 infra
1971 1602 2008 1653 se
2031 1585 2141 1653 aben-

189 1710 194 1718 ’
288 1739 385 1808 tibus
406 1741 442 1806 et
465 1738 541 1806 suis
563 1737 807 1825 pertinentiis,
824 1739 861 1805 et
884 1755 965 1805 cum
989 1737 1067 1804 vice
1090 1735 1133 1806 de
1157 1737 1217 1806 bia
1232 1753 1313 1824 sua,
1329 1737 1375 1806 ad
1391 1737 1566 1806 securiter
1588 1741 1625 1808 et
1641 1739 1794 1808 firmiter
1809 1740 1934 1808 amodo
1950 1741 1986 1807 et
2002 1755 2140 1826 semper

287 1897 329 1962 tu
351 1897 389 1964 et
412 1893 487 1962 tuis
509 1891 674 1963 eredibus
699 1891 781 1960 illut
804 1891 997 1979 abendam,
1021 1889 1292 1976 dominandum,
1316 1889 1580 1979 possidendum,
1596 1891 1717 1963 omnia
1733 1891 2030 1964 indeiaciendum
2048 1893 2141 1978 quod

291 2045 490 2133 bolueritis3
514 2051 552 2116 et
574 2065 639 2134 pro
662 2045 790 2116 inclita
813 2047 938 2114 nostra
961 2043 1162 2113 vinditione
1184 2043 1471 2114 confirmandum
1496 2063 1519 2112 a
1541 2043 1717 2129 presentis
1740 2045 1938 2131 recepimus
1961 2050 2036 2116 ate
2052 2045 2142 2116 iam-

285 2201 386 2270 dicta
409 2200 541 2269 monda
564 2219 627 2288 per
650 2200 846 2270 bolumtate
869 2197 1019 2287 predicti
1047 2197 1118 2265 biri
1141 2197 1197 2266 tui
1220 2198 1291 2266 duo
1315 2199 1397 2268 auri
1421 2200 1509 2285 tari,
1532 2199 1634 2267 sicud
1650 2199 1745 2267 inter
1766 2197 1869 2266 nobis
1891 2200 2081 2290 comvenit,
2103 2203 2142 2271 in

284 2372 408 2424 omnes
431 2353 702 2439 deliberatione;
725 2352 769 2420 de
785 2371 856 2439 qua
871 2371 935 2440 per
951 2370 1044 2422 vona
1059 2349 1321 2420 combenientia
1344 2351 1479 2438 guadia
1503 2369 1567 2418 nos
1590 2351 1658 2420 tivi
1682 2351 1856 2441 dedimus,
1873 2355 1909 2420 et
1926 2351 2142 2425 mediatores

287 2509 354 2580 tibi
379 2508 563 2596 posuimus
585 2524 649 2574 nos
672 2505 775 2594 ipsis3
799 2509 836 2573 et
858 2525 921 2592 per
945 2507 1023 2592 ipsa
1045 2503 1179 2592 guadia
1196 2507 1260 2571 cto.
1286 2505 1454 2589 sequitur
1468 2509 1634 2574 consueto
1645 2508 1819 2592 formato.
1838 2509 1989 2577 statuta
2005 2511 2141 2580 mulcta

287 2663 423 2750 viciati
437 2662 524 2728 ouri
539 2661 733 2728 solidorum
755 2660 1145 2728 cocstoottoiocorum.
1172 2658 1217 2724 Et
1239 2655 1364 2725 taliter
1387 2658 1544 2728 scribere
1569 2660 1775 2746 rogabimus
1798 2665 1834 2728 te
1851 2660 2015 2729 alderissi
2041 2665 2144 2731 nota·

286 2816 379 2906 riuS,
403 2819 526 2885 actum
549 2815 704 2885 salerno.

334 2942 365 3060 †
388 2972 465 3058 Ego
488 2971 661 3040 iohannes
683 2967 846 3036 notarius
868 2984 923 3034 me
947 2965 1141 3052 subscripsi

334 3093 366 3211 †
389 3123 465 3210 Ego
488 3119 682 3190 radoaldus
704 3139 761 3188 me
784 3117 991 3204 subscripsi.

971 3391 1422 3406 ——————-—-—

1074 3731 1325 3819 DCGXL·

1046 3993 1100 4070 A.
1128 3989 1178 4068 D.
1206 3985 1334 4070 1022.

333 4246 435 4388 †1n
458 4294 602 4363 nomine
629 4291 764 4360 domini
794 4289 975 4358 tricesimo
1004 4290 1132 4375 quarto
1162 4302 1258 4355 anno
1287 4283 1511 4372 principatus
1539 4283 1659 4352 domni
1683 4283 1799 4350 nostri
1830 4281 2062 4368 Guaimarii‚
2098 4281 2145 4347 Et

283 4457 418 4543 quarto
429 4468 524 4521 anuo
536 4447 762 4537 principatus
774 4445 895 4514 domni
910 4440 1108 4531 guaimarii
1124 4440 1202 4510 eius
1218 4437 1306 4526 filio,
1320 4439 1466 4527 gloriosi
1477 4435 1715 4525 principibus,
1729 4453 1849 4504 mense
1862 4434 1999 4521 iunius,
2015 4435 2145 4522 quinta

292 4609 500 4681 indictione.
526 4605 817 4676 Memoratorium
841 4603 939 4672 sactu
963 4620 986 4670 a
1008 4619 1065 4668 me
1089 4595 1215 4686 angilu
1237 4593 1311 4663 filio
1333 4592 1512 4680 quondam
1536 4591 1632 4679 ursi,
1656 4591 1706 4658 Eo
1729 4589 1822 4677 quod
1845 4595 1929 4659 ante
1953 4590 2144 4678 subscripti

293 4761 442 4849 ydoneis
458 4759 663 4828 hominibus
678 4775 741 4844 per
759 4753 1049 4824 conbenientiam
1064 4747 1217 4818 tradidit
1235 4745 1327 4816 mihi
1350 4745 1445 4813 maio
1467 4742 1643 4832 presbiter
1666 4745 1703 4810 et
1719 4743 1830 4811 abbas
1852 4742 2001 4812 ecclesie
2025 4747 2141 4814 sancti

292 4913 474 5002 maximi,
497 4930 572 4980 una
594 4931 675 4979 cum
697 4928 781 4977 eum
804 4907 944 4978 adesset
967 4902 1163 4992 myrandus
1186 4899 1350 4969 notarius
1374 4897 1622 4969 advocatorem
1646 4895 1758 4984 ipsius
1781 4896 1944 4984 ecclesie,
1968 4895 2143 4966 derebus

291 5068 535 5156 pertinentem
559 5067 671 5153 ipsius
695 5063 871 5148 ecclesie,
895 5080 965 5148 que
987 5077 1062 5127 esse
1085 5055 1226 5124 videtur
1250 5054 1289 5120 in
1313 5052 1429 5119 locum
1451 5049 1654 5119 mairacum
1678 5048 1742 5116 illa
1772 5067 1856 5136 pars
1890 5048 1999 5116 dubio
2027 5049 2144 5118 forino

294 5222 518 5312 pertinentia
541 5219 780 5304 salernitana,
804 5233 872 5302 que
896 5215 979 5283 sunt
1002 5210 1101 5298 pecie
1125 5209 1206 5295 due,
1231 5225 1305 5276 una
1327 5225 1408 5274 cum
1423 5207 1612 5276 arbustum
1637 5205 1802 5292 vitatum,
1820 5209 1856 5273 et
1870 5203 1995 5292 pomis,
2012 5208 2049 5273 et
2064 5223 2144 5292 per·

290 5377 379 5466 gola
401 5377 444 5445 de
479 5375 586 5444 binea
613 5371 803 5442 coniuncta
830 5369 873 5438 de
896 5386 970 5436 una
994 5369 1097 5453 parte
1120 5363 1167 5432 ad
1190 5361 1265 5448 ipso
1287 5359 1395 5426 dubio
1418 5357 1546 5443 forino,
1573 5361 1610 5426 et
1636 5355 1731 5425 sicut
1753 5357 1837 5428 salit
1860 5360 1906 5426 ab
1937 5358 2014 5445 ipso
2036 5359 2144 5427 dubio

288 5537 329 5600 et
354 5529 523 5618 appiozad
546 5527 574 5614 Ι)
590 5530 627 5598 et
650 5525 839 5611 coniungit
861 5523 900 5590 in
917 5520 978 5589 bia
993 5518 1154 5606 publica,
1178 5533 1248 5602 que
1270 5512 1370 5581 ducit
1385 5531 1408 5581 a
1422 5529 1505 5599 pars
1520 5509 1684 5598 orientis,
1700 5515 1735 5580 et
1750 5510 1796 5582 da
1818 5527 1988 5580 mucrone
2003 5512 2046 5579 de
2064 5512 2145 5598 ripa

296 5749 751 5765 Μ

330 5900 353 5980 ’)
376 5901 549 5981 appiozad,
574 5899 662 5964 idest
685 5892 917 5962 conterminat.
941 5890 1032 5952 Haec
1055 5904 1116 5949 vox
1140 5883 1235 5947 deest
1256 5883 1290 5944 in
1313 5883 1363 5944 Du
1387 5879 1509 5959 Gange.
