5466 7106
1035 562 1435 638 DIPLOMATICUS
2054 567 2120 640 les

308 786 480 858 dietatem
504 787 565 855 ille
590 787 658 856 sibi
684 789 805 876 abere,
830 795 866 858 et
888 807 956 875 que
980 791 1018 858 in
1043 791 1121 877 ipsa
1145 790 1251 857 rebus
1282 789 1529 876 seminaberit,
1554 789 1683 859 darent
1707 789 1791 859 iude
1813 787 1904 856 mibi
1928 787 1983 854 vel
2008 786 2045 854 in
2075 803 2160 873 pers

306 941 426 1028 ipsius
448 941 597 1010 ecclesis
620 941 833 1013 terraticum
857 944 1051 1013 secuudum
1082 943 1337 1013 consuetudine
1367 943 1410 1012 de
1433 945 1510 1031 ipso
1540 939 1670 1028 locum,
1698 939 1846 1010 missum
1868 943 2031 1008 nostrum
2054 959 2161 1028 quam

306 1095 702 1167 ibidem-direxerimus
724 1117 788 1186 per
810 1097 886 1186 ipse
908 1097 1087 1168 bindemie
1110 1101 1147 1166 et
1168 1115 1232 1184 per
1255 1097 1332 1184 ipse
1355 1097 1433 1166 aire
1456 1099 1493 1164 et
1515 1113 1578 1183 per
1592 1093 1676 1164 aliis
1690 1092 1923 1183 temporibus,
1947 1112 2011 1182 pro
2027 1093 2161 1182 recipi·

307 1248 439 1318 endum
462 1250 543 1338 ipsa
565 1250 714 1338 frudia,
742 1251 816 1320 illis
839 1269 921 1322 eum
943 1251 1084 1320 nutrire
1108 1251 1301 1320 secundum
1325 1249 1468 1320 illorum
1492 1249 1777 1338 possibilitatem,
1801 1251 1839 1318 et
1861 1247 1948 1318 dare
1964 1248 2158 1336 uobispal·

307 1406 513 1473 mentatecs
536 1408 571 1473 et
595 1403 781 1490 airateca,
806 1405 898 1472 sicut
921 1401 1119 1491 meruerit,
1143 1408 1179 1472 et
1214 1402 1436 1491 pelmentum
1467 1403 1540 1472 illis
1575 1403 1708 1473 ibidem
1741 1403 1861 1472 facere
1892 1405 1928 1472 et
1955 1405 2089 1490 abere;
2115 1401 2161 1472 ad

305 1553 508 1644 completim
533 1559 654 1624 autem
678 1555 802 1625 amodo
824 1556 944 1625 decem
967 1555 1052 1625 anui
1083 1557 1216 1624 abeant
1238 1555 1340 1624 illum
1363 1555 1456 1643 quod
1480 1555 1552 1624 illis
1575 1559 1764 1644 pastenare
1787 1561 1823 1626 et
1847 1555 1999 1625 irisitare
2031 1555 2149 1644 debet,

306 1711 458 1778 arbustu
482 1714 517 1778 et
540 1710 726 1780 insitetum
751 1711 900 1798 sactum,
923 1713 959 1778 et
982 1713 1189 1798 operatum,
1213 1713 1249 1778 et
1272 1709 1462 1796 collatum,
1480 1711 1574 1778 sicut
1596 1709 1640 1778 de
1662 1713 1780 1778 tentos
1812 1727 1926 1779 anuos
1958 1711 2055 1780 locus
2079 1713 2158 1798 ipse

304 1865 491 1950 meruerit,
515 1867 555 1932 ut
579 1865 669 1932 bene
692 1865 823 1952 pareed
846 1864 974 1949 iactos,
992 1865 1028 1931 et
1051 1861 1199 1932 abinde
1215 1861 1254 1931 iu
1271 1861 1489 1932 anteaomni
1508 1864 1666 1948 tempore
1689 1861 1792 1930 illum
1809 1863 1973 1934 laborare
1987 1863 2032 1934 de
2049 1883 2157 1952 super

306 2019 341 2084 et
364 2017 408 2084 de
431 2019 581 2104 supter,
604 2019 697 2084 sicut
721 2017 819 2085 locus
841 2016 917 2104 ipse
939 2017 1124 2101 meruerit,
1157 2018 1197 2083 ut
1220 2013 1411 2103 proficiant
1434 2019 1470 2083 et
1496 2034 1568 2084 non
1592 2015 1825 2104 dispereant,
1849 2021 1885 2086 et
1919 2017 1998 2104 ipsa
2034 2016 2158 2084 trudis

305 2187 443 2239 meeum
466 2169 521 2238 vel
545 2189 626 2238 cum
650 2189 733 2258 pars
755 2169 868 2258 ipsius
890 2169 1041 2239 ecclesie
1063 2168 1223 2239 dibidere
1246 2186 1310 2255 per
1334 2167 1397 2235 illa
1426 2169 1590 2260 ratione,
1614 2171 1710 2239 sicut
1744 2173 1908 2257 superius
1944 2169 2092 2258 legitur.
2117 2171 2160 2238 de

304 2344 378 2412 qua
401 2342 465 2411 per
488 2326 583 2392 bona
605 2322 865 2392 combenientia
888 2342 953 2410 pro
985 2341 1070 2410 pars
1104 2321 1261 2410 predicte
1296 2323 1443 2392 ecclesie
1466 2322 1602 2412 guadia
1625 2322 1714 2390 mihi
1731 2321 1807 2409 ipse
1824 2322 1997 2391 iohannes
2014 2321 2095 2391 dedi
2115 2327 2153 2393 et

303 2478 517 2548 mediatores
541 2478 632 2546 mihi
657 2477 774 2566 posuit
797 2497 834 2547 se
858 2477 973 2566 ipsum
996 2481 1032 2546 et
1054 2477 1152 2565 giezo
1176 2476 1291 2546 filium
1315 2475 1445 2547 stefani
1468 2495 1532 2564 per
1555 2474 1716 2563 apposita
1739 2474 1881 2543 illorum
1904 2475 2082 2562 pingnera
2108 2477 2158 2547 le-

303 2630 435 2719 gitima
457 2635 493 2701 et
518 2631 746 2720 inlegitima3
770 2635 806 2700 et
829 2650 891 2718 per
916 2633 994 2719 ipsa
1017 2631 1153 2720 guadia
1175 2632 1350 2720 obligavit
1381 2651 1418 2702 se
1446 2637 1483 2702 et
1509 2650 1590 2723 suos
1613 2631 1748 2719 eredes,
1772 2635 1813 2700 ut
1836 2631 1867 2699 si
1889 2629 2013 2700 taliter
2036 2632 2158 2703 omnia

302 2784 547 2874 suprascripta
569 2805 632 2872 per
656 2784 860 2872 supradicto
884 2785 1008 2853 ordine
1032 2785 1120 2852 mihi
1145 2783 1199 2852 vel
1224 2783 1268 2853 ad
1292 2803 1376 2871 pars
1399 2773 1514 2872 ipsius
1544 2784 1693 2854 ecclesie
1729 2801 1802 2850 non
1834 2783 2087 2870 adimpleberit
2121 2790 2157 2854 et

304 2937 347 3006 de
370 2937 617 3024 suprascripta
640 2935 770 3024 aliquit
794 2937 1075 3024 contradisserit,
1092 2955 1155 3024 per
1181 2935 1257 3024 ipsa
1280 2937 1417 3025 guadia
1432 2954 1641 3024 componere
1663 2937 1838 3025 obligavit
1862 2956 1899 3005 se
1921 2941 1958 3006 et
1980 2954 2063 3004 suos
2080 2956 2156 3006 ere-

303 3093 365 3162 des
389 3092 435 3162 ad
460 3110 546 3178 pars
570 3089 737 3160 iamdicte
760 3092 908 3159 ecclesie
932 3090 1065 3178 biginti
1090 3088 1172 3158 auri
1196 3088 1299 3157 solidi
1322 3090 1567 3175 constantini,
1592 3089 1686 3176 quod
1710 3089 1837 3177 scripsi
1873 3107 1938 3177 ego
1968 3089 2158 3176 iaquiutus

301 3249 492 3318 notarius:
519 3253 764 3317 verumtamen
787 3264 1022 3316 memoramus
1045 3251 1082 3316 et
1106 3246 1180 3333 ipse
1204 3245 1366 3315 abelleno
1388 3261 1451 3333 per
1473 3245 1588 3311 omnis
1610 3261 1747 3313 annum
1770 3242 1838 3311 due
1865 3244 1971 3311 sortis
1993 3235 2060 3330 ego
2096 3241 2152 3309 vel

301 3417 387 3487 pars
410 3399 525 3486 ipsius
548 3397 696 3468 ecclesie
719 3398 780 3466 ille
803 3397 968 3466 tollamus
991 3415 1102 3485 secce,
1118 3402 1155 3466 et
1178 3395 1252 3464 illis
1267 3398 1424 3486 tertiam,
1441 3401 1477 3466 et
1494 3397 1553 3465 ubi
1572 3385 1648 3484 ipso
1671 3385 1796 3465 binum
1820 3395 1863 3464 de
1887 3396 1965 3481 ipsa
1988 3411 2146 3481 organea

301 3553 505 3641 tulerimus,
530 3574 553 3622 a
576 3554 752 3641 presentis
775 3573 837 3640 per
854 3570 975 3620 omnes
991 3551 1087 3619 biees
1102 3551 1175 3618 illis
1200 3551 1299 3620 illam
1323 3549 1445 3618 labare
1468 3551 1504 3616 et
1519 3547 1679 3616 studiare
1702 3565 1766 3634 per
1789 3545 1995 3632 supradicta
2018 3543 2152 3632 guadia

302 3709 339 3773 et
361 3701 521 3790 obligata
544 3721 650 3791 pena,
673 3703 765 3791 quod
789 3703 948 3770 subiunsi
974 3689 1040 3790 ego
1062 3701 1215 3772 esdictus
1240 3702 1425 3790 iaquintus
1449 3701 1624 3770 notarius.

348 3831 380 3948 †
404 3860 479 3947 Ego
503 3857 667 3928 alderissi
691 3859 852 3928 notarius
875 3877 931 3926 me
954 3856 1148 3944 subscripsi

346 3979 378 4096 †
401 4009 477 4096 Ego
500 4008 707 4079 smaraedus
730 4009 891 4078 notarius
915 4027 971 4077 me
995 4007 1205 4096 subscripsi.

348 4163 395 4231 lo
417 4163 490 4247 fine
511 4163 662 4232 chartae
683 4163 768 4232 leaeo
790 4167 985 4249 sequuntur
1007 4163 1142 4231 verba:

347 4313 523 4382 lohannes
546 4312 642 4380 filius
665 4314 758 4400 petri
782 4319 818 4382 et
840 4315 936 4402 giezo
958 4314 1053 4382 lilius
1077 4314 1205 4384 stefani
1223 4314 1266 4382 ds
1289 4315 1398 4403 periti
1423 4314 1466 4383 de
1489 4314 1654 4402 nucerie3
1679 4313 1755 4402 ipso
1770 4315 2006 4385 castanietum
2021 4317 2076 4384 est
2091 4315 2142 4384 la-

298 4463 413 4532 titudo
436 4465 531 4551 passi
556 4469 698 4534 centum
722 4472 758 4535 et
781 4467 949 4555 medium,
974 4471 1011 4536 et
1034 4465 1218 4556 longitudo
1241 4470 1335 4556 pessi
1360 4472 1504 4538 centum
1527 4467 1661 4558 biginti
1686 4487 1751 4540 sex
1775 4473 1811 4541 et
1832 4470 1902 4542 due
1924 4472 2035 4558 parti.

1064 5031 1387 5114 DCCXCVI.

1078 5293 1133 5369 A.
1161 5291 1210 5368 D.
1240 5291 1369 5372 1028.

340 5503 376 5643 †
402 5559 441 5622 ln
466 5556 609 5623 nomine
632 5553 764 5623 domini
790 5553 924 5622 decimo
941 5571 1036 5622 auno
1053 5555 1277 5640 principatus
1302 5555 1423 5622 domni
1448 5554 1560 5623 nostri
1578 5553 1773 5642 guaimairi
1792 5552 1938 5642 gloriosi
1954 5553 2146 5642 principis,

296 5727 419 5779 mense
438 5709 638 5798 ianuarius,
662 5708 850 5779 undecima
874 5707 1079 5776 indictione.
1098 5707 1385 5777 Memoratorium
1401 5707 1534 5775 sactum
1549 5725 1571 5776 a
1588 5725 1644 5775 me
1661 5709 1784 5794 petrus
1808 5707 1882 5775 filio
1898 5707 2078 5794 quondam
2095 5709 2147 5776 ci·

295 5866 383 5952 ceri,
399 5883 440 5932 so
457 5863 548 5950 quod
566 5868 649 5933 ante
664 5861 845 5950 presentia
868 5861 1122 5948 regempraudi
1149 5861 1256 5928 iudici
1273 5863 1309 5929 et
1327 5861 1388 5931 alii
1406 5861 1593 5949 subscripti
1611 5861 1746 5932 idoneis
1761 5862 1965 5932 bominibus
1988 5865 2142 5931 coniun-
