5414 7098
997 553 1410 632 DlPLOMATIOUS
2037 561 2083 634 03

281 783 556 865 nostrorumque
592 777 756 847 eredibus
791 781 1045 849 contrarietate
1081 781 1135 850 vel
1166 783 1451 870 requisitionem.
1477 783 1522 852 Et
1545 801 1608 872 pro
1631 781 1909 852 confirmandam
1933 786 1969 851 et
1992 783 2128 852 stabili-

283 933 454 1002 scendam
478 949 547 1002 auc
571 952 651 1003 mea
676 933 960 1022 bindictionem,
991 953 1087 1002 nunc
1110 955 1132 1004 a
1156 938 1330 1023 presentis
1352 938 1469 1025 recepi
1494 957 1517 1006 a
1541 942 1575 1006 te
1599 935 1661 1024 qui
1686 956 1794 1024 supra
1825 955 1930 1004 ursus
1959 941 2128 1006 emtorem

283 1104 402 1153 meum
427 1089 603 1155 statutum
627 1089 809 1175 pretium,
833 1089 847 1153 l
870 1092 954 1156 sunt
977 1089 1058 1156 auri
1082 1088 1155 1157 tari
1180 1087 1261 1155 voni
1286 1107 1349 1174 per
1372 1109 1560 1158 numerum
1585 1093 1716 1175 septem
1739 1091 1779 1155 In
1810 1090 1925 1157 omnis
1956 1089 2130 1159 delivera-

276 1233 391 1324 tione‚
408 1237 501 1306 sicut
518 1237 693 1306 internos
717 1237 905 1326 combenit‚
922 1239 1093 1325 finitoque
1118 1259 1200 1308 vero
1225 1243 1379 1326 pretium
1403 1242 1518 1330 ipsum
1543 1246 1629 1328 aput
1652 1260 1726 1309 nos.
1753 1245 1799 1310 lle
1823 1262 1894 1330 qua
1917 1261 1981 1310 nos
2005 1261 2130 1330 supra-

277 1391 375 1460 dicta
413 1393 640 1480 ingnellreda
674 1413 737 1481 per
772 1412 866 1462 rona
894 1392 1145 1464 conbcnientia
1168 1395 1288 1462 wadia
1311 1395 1377 1462 tivi
1402 1395 1464 1480 qui
1487 1413 1596 1482 supra
1619 1396 1693 1462 ursi
1718 1395 1815 1462 dedit
1838 1401 1873 1464 et
1897 1397 2129 1466 mediatorem

279 1546 350 1615 tiri
376 1549 496 1634 posuit
518 1547 688 1634 alegardo
710 1547 926 1618 subdiacono
949 1547 1022 1614 filio
1046 1548 1223 1634 quondam
1247 1547 1418 1616 ferrandi.
1446 1551 1490 1618 Et
1513 1567 1575 1634 per
1600 1550 1722 1618 cadem
1746 1550 1866 1618 wadia
1890 1551 2007 1638 obligo
2023 1571 2078 1619 me
2096 1557 2129 1618 et

281 1719 377 1769 meos
399 1701 492 1769 illios
514 1706 550 1769 et
573 1702 695 1770 eredes
718 1701 843 1772 amodo
865 1705 900 1770 et
924 1720 1062 1788 semper
1085 1703 1181 1768 omni
1207 1707 1363 1788 tempore
1387 1701 1637 1770 antistandum
1654 1707 1689 1770 et
1704 1703 1958 1772 defensandum
1975 1703 2039 1771 tivi
2059 1703 2131 1770 tui·

280 1874 350 1942 que
365 1855 531 1924 eredibus
548 1858 623 1922 tota
645 1859 681 1923 et
705 1853 830 1922 inclita
854 1853 931 1940 ipsa
955 1873 1033 1922 mea
1057 1854 1275 1923 bindictione
1298 1857 1343 1926 da
1367 1873 1486 1922 omnes
1511 1853 1645 1922 omines
1670 1856 1838 1940 omnique
1861 1857 2023 1942 partibus
2048 1859 2083 1923 et
2109 1874 2131 1924 a

284 2027 369 2098 pars
393 2009 506 2097 ipsius
528 2010 634 2078 uxori
659 2029 754 2098 mee,
778 2011 836 2077 cui
861 2030 924 2096 per
947 2029 1003 2078 me
1027 2011 1080 2078 vel
1106 2010 1235 2079 exinde
1258 2011 1396 2098 datum,
1421 2012 1493 2081 aud
1516 2009 1726 2098 obligatum,
1751 2027 1812 2077 seu
1837 2012 2131 2098 manifestatum,

282 2166 337 2233 vel
359 2165 561 2254 thingatum
578 2183 654 2233 esse
673 2167 847 2254 paruerit.
865 2168 911 2234 Et
933 2169 975 2236 de
992 2165 1056 2235 alii
1074 2184 1159 2234 uero
1183 2165 1387 2232 hominibus
1411 2168 1446 2232 et
1469 2162 1635 2250 partibus
1657 2182 1721 2252 per
1745 2182 1805 2231 uos
1829 2163 1915 2251 ipsis
1939 2163 2022 2231 inde
2038 2168 2132 2233 esset

284 2323 450 2388 auctores
472 2324 508 2388 et
532 2321 744 2408 defensores,
768 2321 977 2406 potestatem
1001 2323 1036 2385 et
1060 2316 1242 2384 licentiam
1266 2317 1404 2384 abeatis
1418 2320 1458 2383 tu
1474 2321 1509 2384 et
1526 2316 1598 2384 tuis
1622 2316 1787 2384 eredibus
1804 2315 1841 2382 in
1865 2318 2027 2384 omnibus
2044 2317 2132 2386 inde

280 2495 448 2546 causares
472 2480 508 2544 et
531 2476 637 2542 finem
662 2475 793 2560 lacere,
818 2472 972 2560 qualiter
996 2472 1117 2560 bullis,
1141 2491 1222 2538 cum
1246 2473 1318 2540 ista
1342 2471 1484 2539 cartula
1507 2475 1542 2539 et
1565 2491 1646 2540 cum
1675 2473 1779 2558 quale
1803 2472 1876 2542 alia
1901 2475 2081 2542 monimen
2096 2477 2132 2543 et

283 2632 425 2700 ratione
441 2631 679 2718 pertinentem
705 2629 787 2696 inde
812 2629 917 2696 abere
942 2625 1145 2715 potueritis3
1171 2629 1262 2715 quod
1286 2630 1316 2696 si
1340 2627 1461 2696 taliter
1484 2625 1615 2712 omnia,
1641 2626 1812 2711 quomodo
1835 2631 1870 2694 et
1894 2628 2049 2715 qualiter
2074 2647 2134 2696 su-

280 2786 402 2876 perius
426 2785 573 2874 legitur,
598 2785 640 2852 de
665 2784 872 2871 supradicta
900 2788 1023 2853 nostra
1048 2781 1264 2850 bindictione
1289 2781 1421 2866 aliquit
1446 2779 1529 2847 inde
1554 2782 1734 2847 remobere
1759 2781 1831 2848 aud
1855 2753 2033 2869 contram,
2069 2803 2132 2852 seu

281 2947 467 3010 retoruarc
490 2942 575 3008 heos
598 2939 846 3026 quesierimus,
879 2953 1157 3022 quomocumque
1182 2935 1253 3002 aud
1276 2954 1338 3021 per
1362 2933 1618 3021 qualecumque
1642 2935 1831 3020 rationem,
1856 2934 1927 3002 aud
1951 2954 2013 3020 per
2040 2955 2128 3020 qua·
2197 3029 2204 3048 Ι

283 3097 338 3166 bis
361 3097 576 3174 rationibus,
601 3096 681 3164 ldeo
705 3114 768 3181 per
792 3093 998 3180 supradicta
1022 3091 1142 3159 wadia
1164 3108 1227 3176 per
1251 3107 1344 3157 vona
1366 3086 1616 3156 combenientia
1640 3105 1848 3173 componere
1871 3088 1989 3176 obligo
2013 3109 2069 3156 me
2094 3094 2129 3158 et

281 3254 374 3322 meis
398 3252 492 3320 illios
515 3255 550 3318 et
572 3249 694 3318 eredes
716 3247 783 3316 tivi
805 3245 928 3334 tuique
951 3243 1133 3330 eredibuS,
1166 3245 1202 3308 et
1224 3239 1284 3307 cui
1307 3238 1449 3307 cartula
1472 3238 1545 3308 ista.
1565 3237 1604 3306 in
1627 3256 1774 3306 manum
1798 3240 1984 3328 paruerit,
2008 3243 2130 3312 decem

282 3408 366 3479 auri
390 3405 519 3474 solidos
542 3400 800 3487 constantinus,
825 3403 861 3466 et
884 3397 1018 3484 omnia,
1042 3400 1080 3463 ut
1103 3394 1267 3482 superius
1292 3393 1437 3482 legitur,
1465 3413 1528 3482 per
1552 3395 1677 3462 invitis
1703 3413 1761 3462 eos
1784 3395 1965 3482 adinplere
1989 3415 2052 3483 per
2075 3416 2134 3464 su·

282 3562 447 3651 predicta
470 3559 591 3629 wadia
615 3563 651 3626 et
673 3557 833 3644 obligata
857 3572 1002 3641 penam,
1019 3555 1055 3619 et
1071 3551 1208 3638 questio
1231 3555 1267 3620 et
1284 3552 1445 3622 causatio
1468 3554 1592 3618 nostra
1615 3555 1650 3618 ct
1673 3549 1715 3616 de
1740 3551 1871 3619 nostris
1895 3553 2059 3620 eredibus
2084 3553 2132 3621 sit

279 3716 410 3787 exinde
434 3715 547 3785 tacita
570 3720 605 3783 et
627 3716 752 3783 bacua.
771 3713 816 3778 Et
833 3709 956 3779 taliter
980 3709 1136 3776 scribere
1160 3706 1392 3794 hrogavimus
1415 3708 1449 3772 te
1473 3705 1595 3790 petrus
1617 3703 1770 3772 clericus
1793 3713 1829 3772 et
1852 3707 2032 3794 notarius,
2050 3712 2132 3778 acto

279 3877 318 3941 et
341 3873 440 3940 intus
463 3870 645 3938 civitatem
670 3867 828 3935 nucerie.

327 3998 357 4116 †
383 4029 458 4116 Ego
481 4026 542 4112 qui
565 4043 675 4112 supra
698 4021 887 4091 mirandus
912 4017 1023 4088 iudex

326 4153 357 4271 †
381 4199 447 4268 ego
469 4179 610 4248 mirimo

324 4309 455 4426 †'Ego
478 4335 653 4404 iohannes
676 4332 840 4400 clericus.

1052 4886 1380 4972 DCCXLVI.

992 5085 997 5094 ’
1061 5135 1116 5214 n.
1145 5134 1194 5212 n.
1224 5133 1352 5214 1023.

325 5353 362 5495 †
386 5407 425 5473 ln
448 5404 595 5474 nomine
617 5402 753 5473 domini
776 5398 956 5470 tricesimo
972 5403 1100 5485 quarto
1116 5415 1211 5466 anno
1228 5396 1452 5484 principatus
1467 5395 1586 5464 domni
1604 5396 1715 5465 nostri
1733 5396 1928 5483 guaimari,
1947 5400 1983 5465 et
1999 5397 2129 5484 quinto

277 5579 375 5632 anno
398 5559 624 5648 principatus
646 5557 767 5625 domni
791 5553 971 5643 guaimari
995 5553 1073 5622 eius
1096 5551 1182 5638 filio,
1207 5548 1350 5637 gloriosi
1376 5550 1611 5636 principibus,
1639 5566 1760 5617 mense
1785 5547 1994 5637 ianuarius‚
2021 5557 2128 5622 sexta

278 5711 490 5782 indictione.
517 5709 808 5780 memoratorium
830 5708 927 5778 factu
952 5728 974 5777 a
1003 5725 1057 5790 me
1092 5703 1276 5791 iaquintus
1311 5702 1483 5770 diaconus
1515 5706 1552 5770 et
1579 5700 1806 5787 primicerius
1835 5703 1982 5773 ecclesie
2007 5707 2127 5776 sancti

277 5869 442 5956 maximi,
466 5888 508 5939 co
532 5867 625 5956 quod
640 5869 735 5936 'ante
759 5859 951 5950 subscripti
976 5864 1084 5929 testes
1108 5877 1170 5944 per
1195 5858 1287 5925 bona
1312 5851 1588 5940 combenientia,
1606 5857 1749 5924 astante
1773 5854 1867 5925 malo
1891 5859 2068 5943 presbiter
2093 5867 2129 5932 et
