5414 7098
624 569 672 637 ts
1245 570 1422 641 tenax
1465 572 1729 644 CAVENSIS

574 793 739 880 maximi,
763 794 856 862 sicut
879 797 1020 864 ballone
1044 796 1216 865 discernit
1240 801 1276 865 et
1299 800 1434 866 rectum
1447 797 1681 868 descendente
1705 800 1744 866 in
1766 799 1843 887 ipso
1856 799 1984 887 lorino,
2005 799 2099 867 unde
2112 819 2206 885 aqua
2225 802 2345 869 lebata
2362 794 2433 869 fu'it

573 963 638 1032 pro
675 951 844 1018 arcatura
878 949 921 1018 do
952 951 1125 1017 molinum
1151 949 1262 1035 ipsius
1285 949 1400 1018 sancti
1423 950 1585 1017 maximi:
1611 953 1641 1018 A
1666 968 1751 1036 pars
1774 949 2039 1039 septemtrionis
2061 951 2133 1018 fine
2156 950 2235 1037 ipsa
2258 951 2339 1036 ripa
2363 969 2433 1037 que

575 1101 748 1170 discernit
771 1105 816 1172 ab
840 1103 918 1190 ipsa
941 1104 1012 1171 fine
1036 1103 1150 1190 ipsius
1173 1104 1288 1172 sancti
1313 1101 1491 1190 maximi,
1527 1103 1619 1189 quod
1642 1102 1680 1170 in
1704 1102 1780 1191 ipso
1803 1103 1980 1192 episcopio
2003 1103 2128 1190 dedit,
2164 1107 2200 1171 ct
2224 1104 2295 1172 tine
2320 1104 2436 1191 ipsius

575 1255 763 1344 episcopii,
788 1257 881 1325 sicut
906 1257 981 1344 ipso
1005 1258 1160 1326 cristone
1183 1259 1226 1326 de
1250 1259 1326 1344 ipso
1349 1263 1467 1326 monte
1491 1257 1662 1326 discernit
1685 1277 1748 1343 per
1771 1258 1953 1326 mensuria
1977 1275 2039 1342 per
2063 1258 2143 1343 ipsa
2167 1277 2263 1344 aqua
2285 1255 2328 1325 de
2353 1259 2432 1344 ipso

575 1409 692 1474 forino
715 1411 807 1495 passi
836 1414 978 1478 centum
1002 1409 1267 1498 quinquaginta
1291 1410 1481 1496 quattuor,
1505 1415 1540 1478 et
1564 1429 1626 1496 per
1652 1413 1730 1497 ipsa
1753 1411 1813 1482 bia
1835 1411 2006 1508 publica,
2036 1431 2105 1497 que
2129 1411 2225 1478 intra
2248 1411 2324 1498 ipse
2348 1411 2435 1479 linis

574 1561 694 1647 pergit
717 1561 762 1628 da
785 1559 859 1648 ipso
882 1561 1060 1632 ballonem
1082 1564 1121 1630 in
1144 1582 1228 1650 pars
1252 1561 1563 1649 septemtrionalis,
1588 1561 1684 1648 passi
1708 1566 1851 1630 centum
1874 1562 2005 1650 biginti
2031 1563 2228 1648 quadtuor:
2254 1563 2298 1630 de
2322 1582 2432 1649 super

576 1717 647 1784 line
672 1717 750 1803 ipsa
774 1737 900 1805 serra;
925 1720 967 1787 de
992 1723 1097 1788 rebus
1120 1723 1190 1790 ista
1214 1722 1311 1789 infra
1333 1718 1499 1789 iamdicte
1523 1721 1611 1787 fines
1632 1723 1670 1786 et
1692 1737 1880 1786 mensuras
1902 1717 2117 1786 tradidimus
2143 1719 2225 1787 inde
2249 1721 2282 1788 ei
2316 1740 2432 1807 quan·

576 1876 653 1938 turn
678 1872 761 1939 inde
786 1872 859 1941 iam
883 1875 1098 1942 seminatum
1121 1877 1204 1944 abet
1227 1894 1290 1962 per
1314 1878 1436 1942 nostra
1459 1873 1663 1960 iussionem,
1689 1873 1745 1940 vel
1769 1877 1943 1959 quantum
1966 1872 2050 1940 inde
2073 1873 2106 1940 ei
2131 1875 2320 1972 assignare
2345 1874 2439 1942 fece-

578 2025 695 2092 rimus
719 2027 764 2094 ad
788 2026 1037 2114 laborandum,
1061 2028 1126 2095 tali
1150 2028 1312 2114 hordine,
1330 2031 1369 2094 ut
1393 2027 1516 2096 amodo
1540 2029 1575 2093 et
1600 2045 1712 2111 usque
1735 2026 1806 2094 dua
1822 2026 1940 2094 frudia
1964 2025 2168 2114 recollecta,
2185 2027 2247 2112 qui
2265 2046 2344 2092 cum
2366 2023 2434 2094 isto

579 2179 697 2248 srudio
720 2180 762 2246 de
787 2183 853 2248 boc
878 2199 973 2248 anno
996 2186 1244 2267 numerentur,
1268 2181 1349 2248 illut
1371 2199 1434 2247 sue
1457 2174 1642 2265 potestatis
1665 2181 1802 2263 tenere,
1826 2180 1862 2244 et
1885 2177 2100 2265 dominare,
2126 2181 2161 2244 et
2184 2178 2377 2266 lavoraret,
2397 2183 2433 2246 et

581 2333 790 2419 seminaret,
815 2334 920 2420 quale
944 2337 1100 2401 semente
1124 2333 1173 2399 ibi
1197 2333 1383 2416 meruerit;
1409 2334 1444 2398 et
1467 2350 1530 2418 per
1553 2329 1630 2400 aire
1654 2331 1770 2399 faciad
1795 2331 1885 2398 scire
1903 2349 1980 2418 nos,
1997 2331 2051 2398 vel
2077 2350 2162 2417 pars
2187 2331 2298 2418 ipsius
2321 2329 2436 2399 eccle-

577 2486 657 2572 sie,
682 2491 722 2553 ut
745 2486 944 2572 dirigamus
969 2485 1054 2554 illuc
1078 2486 1223 2551 missurn
1248 2487 1437 2570 nostrum,
1462 2488 1498 2551 et
1522 2483 1580 2551 ille
1605 2484 1661 2552 vel
1697 2501 1779 2550 suos
1815 2487 1936 2553 eredes
1960 2487 2099 2554 lavores
2129 2485 2261 2554 exinde
2292 2485 2435 2574 recolli-

575 2645 678 2729 geret
693 2648 728 2709 ot
745 2642 865 2728 ibique
883 2644 919 2710 in
943 2644 1021 2728 ipsa
1044 2644 1151 2709 rebus
1175 2641 1220 2710 ad
1243 2661 1365 2709 aream
1390 2640 1471 2708 illut
1495 2640 1680 2710 tritularet
1703 2645 1739 2709 et
1761 2645 2001 2729 procuraret,
2026 2643 2062 2708 et
2088 2641 2130 2708 de
2155 2643 2272 2718 omnis
2296 2644 2434 2710 rictum

575 2801 612 2862 et
637 2795 786 2884 lavoreS,
800 2816 908 2883 quarn
921 2797 1002 2864 inde
1015 2795 1161 2880 exierit,
1174 2795 1276 2862 daret
1288 2795 1333 2862 ad
1348 2797 1496 2862 missum
1508 2806 1668 2865 nostrum
1696 2796 1816 2881 ibique
1840 2797 2050 2864 terraticum
2073 2796 2268 2864 secundum
2283 2812 2430 2864 consue-

577 2951 664 3018 tudo
681 2952 793 3037 ipsius
810 2952 907 3039 lociS,
920 2957 956 3019 et
971 2954 1047 3038 ipso
1063 2951 1152 3020 aliut
1166 2950 1233 3017 sivi
1256 2954 1390 3034 aberet;
1405 2952 1481 3017 etsi
1496 2951 1633 3035 quertie
1646 2952 1779 3017 suntin
1794 2949 1979 3036 illutquod
1997 2951 2229 3039 lavoraberit,
2249 2970 2374 3020 curam
2394 2957 2430 3020 et

553 3113 556 3118 '
577 3105 830 3193 vigilationem
844 3105 926 3172 inde
951 3065 1086 3190 aberet,
1105 3108 1145 3170 ut
1168 3105 1265 3172 salbe
1283 3105 1372 3190 siad,
1390 3109 1425 3172 et
1440 3106 1581 3189 quando
1597 3123 1686 3172 exoa
1703 3106 1936 3192 revocaberit,
1953 3105 1984 3172 si
2007 3104 2160 3173 voluerit
2176 3103 2257 3174 illas
2282 3105 2431 3194 collige·
2479 3091 2486 3104 ’

579 3265 648 3345 ret,
664 3263 874 3345 potestatem
898 3261 1016 3346 abeat,
1042 3262 1077 3325 et
1100 3259 1326 3325 medietatem
1349 3257 1431 3325 illas
1444 3257 1546 3324 daret
1559 3258 1678 3342 ibique
1703 3257 1741 3321 in
1755 3275 1836 3341 pars
1849 3257 1961 3342 ipsius
1974 3257 2134 3344 ecclesie,
2151 3261 2187 3324 et
2204 3259 2430 3330 medietatem

577 3377 636 3483 cos
660 3413 728 3480 sibi
753 3414 901 3497 aberet;
926 3416 961 3478 ot
984 3413 1014 3478 si
1039 3410 1197 3478 noluerit
1221 3410 1302 3480 illas
1328 3409 1524 3496 colligeret,
1548 3410 1639 3477 scire
1664 3428 1728 3476 nos
1751 3410 1835 3478 inde
1858 3410 1975 3480 faoiad
1999 3415 2120 3498 antea,
2139 3416 2177 3479 ut
2200 3412 2324 3480 demus
2349 3413 2435 3484 illas

580 3569 624 3636 ad
649 3565 888 3653 colligendum
912 3565 1046 3634 alteris.
1072 3566 1126 3632 Ad
1149 3565 1321 3652 completa
1345 3567 1422 3652 ipsa
1445 3565 1535 3632 duas
1551 3565 1670 3632 frudia
1683 3565 1854 3632 iamdicta
1866 3564 2061 3633 traditione
2087 3567 2252 3634 robertad
2278 3567 2316 3632 in
2344 3587 2431 3653 pars

584 3723 698 3810 ipsius
722 3724 870 3791 ecclesie
895 3722 1008 3807 salva,
1033 3726 1068 3789 ot
1091 3720 1204 3788 licead
1229 3719 1301 3787 illis
1324 3719 1407 3786 inde
1431 3719 1531 3786 exire
1555 3737 1636 3784 cum
1659 3737 1724 3786 sua
1748 3737 1905 3805 causam3
1934 3718 2026 3786 unde
2050 3719 2154 3786 ineo
2178 3719 2331 3788 hordine
2365 3740 2428 3808 per

578 3876 869 3944 conbenientiam
894 3874 1029 3962 guadia
1052 3865 1155 3942 nobi‘s
1178 3874 1276 3941 dedit
1301 3873 1375 3959 ipse
1399 3871 1617 3956 solmannus,
1642 3873 1678 3936 et
1701 3870 1935 3937 mediatorem
1958 3871 2058 3939 nobis
2082 3870 2198 3956 posuit
2223 3889 2260 3938 se
2286 3872 2430 3960 ipsum,

470 4091 471 4095 ,
579 4035 619 4096 ut
643 4031 673 4096 si
697 4028 818 4096 taliter
842 4026 962 4094 omnia
985 4026 1227 4112 suprascripta
1251 4024 1289 4090 in
1315 4043 1398 4110 pars
1422 4023 1532 4110 ipsius
1555 4022 1701 4089 ecclesie
1725 4039 1797 4089 non
1820 4021 2069 4108 adimpleberit
2093 4025 2153 4090 ille
2177 4029 2213 4093 et
2236 4041 2317 4092 suos
2349 4045 2430 4094 ere·

578 4183 652 4269 des,
669 4151 705 4248 et
723 4179 853 4264 aliquit
878 4177 960 4245 inde
984 4175 1285 4262 contradixerint,
1302 4195 1364 4262 per
1389 4177 1465 4260 ipsa
1488 4175 1623 4262 guadia
1646 4194 1855 4261 componere
1879 4177 2054 4264 obligavit
2078 4197 2115 4246 se
2141 4178 2203 4246 ille
2227 4184 2264 4247 et
2286 4197 2368 4248 suos
2391 4183 2435 4248 fi-

580 4337 645 4405 lios
669 4335 790 4403 erodes
813 4335 929 4420 nobis,
955 4332 1009 4400 rel
1035 4335 1074 4400 in
1097 4350 1182 4418 pars
1204 4330 1317 4418 ipsius
1340 4329 1516 4418 ecclesie,
1540 4331 1660 4399 decern
1684 4332 1765 4399 auri
1787 4330 1889 4399 solidi
1914 4333 2146 4419 constantini,
2180 4334 2271 4419 quod
2296 4335 2427 4420 scripsi

579 4510 645 4577 ego
668 4490 864 4575 myrandus
888 4488 949 4572 qui
973 4505 1080 4576 supra
1103 4487 1277 4554 notarius.

626 4615 654 4731 †
681 4645 753 4730 Ego
778 4641 838 4727 qui
865 4659 974 4726 supra
998 4638 1282 4724 ragemprandus
1305 4638 1427 4706 iudex.

1323 4891 1364 4898 ..—
1376 4893 1429 4899 ...—
1434 4895 1457 4900 ...
1471 4894 1575 4901 .-...-.-.
1579 4896 1604 4901 -.-
1608 4893 1672 4903 ---

1306 5185 1694 5266 DCCXXXVI.

1354 5422 1408 5496 A.
1437 5417 1487 5494 D.
1516 5418 1642 5500 1022.

625 5661 660 5804 †
687 5717 726 5780 ln
751 5717 893 5781 nomine
919 5715 1050 5782 domini
1074 5711 1253 5781 tricesimo
1269 5714 1398 5798 quarto
1411 5729 1506 5778 anno
1522 5709 1746 5796 principatus
1763 5713 1883 5780 domni
1901 5715 2013 5781 nostri
2032 5717 2228 5802 guaimari,
2245 5721 2281 5784 et
2296 5719 2434 5804 quarto

577 5885 674 5935 armo
698 5869 922 5954 principatus
947 5867 1064 5934 domni
1090 5863 1267 5952 guaimari
1285 5863 1361 5932 eius
1374 5863 1462 5950 filio,
1480 5862 1625 5950 gloriosi
1639 5863 1879 5952 principibus,
1894 5883 2012 5933 mense
2030 5869 2213 5956 martium,
2231 5869 2358 5954 quinta
2374 5869 2437 5938 in-
