<?xml version="1.0" encoding="UTF-8"?>
<!DOCTYPE html PUBLIC "-//W3C//DTD XHTML 1.0 Transitional//EN"
    "http://www.w3.org/TR/xhtml1/DTD/xhtml1-transitional.dtd">
<html xmlns="http://www.w3.org/1999/xhtml" xml:lang="en" lang="en">
 <head>
  <title>
</title>
<meta http-equiv="Content-Type" content="text/html;charset=utf-8" />
  <meta name='ocr-system' content='tesseract 3.04.00' />
  <meta name='ocr-capabilities' content='ocr_page ocr_carea ocr_par ocr_line ocrx_word'/>
</head>
<body>
  <div class='ocr_page' id='page_1' title='image "./codexdiplomatic03aragoog_0071.png"; bbox 0 0 5414 7098; ppageno 0'>
   <div class='ocr_carea' id='block_1_1' title="bbox 1018 568 2106 682">
    <p class='ocr_par' dir='ltr' id='par_1_1' title="bbox 1018 568 2106 682">
     <span class='ocr_line' id='line_1_1' title="bbox 1018 568 2106 682; baseline 0.002 -44"><span class='ocrx_word' id='word_1_1' title='bbox 1018 568 1425 682; x_wconf 80' lang='lat' dir='ltr'>lllPLOllll&#39;llCllS</span> <span class='ocrx_word' id='word_1_2' title='bbox 2060 570 2106 640; x_wconf 79' lang='lat'>35</span> 
     </span>
    </p>
   </div>
   <div class='ocr_carea' id='block_1_2' title="bbox 299 788 2160 3965">
    <p class='ocr_par' dir='ltr' id='par_1_2' title="bbox 299 788 2160 3965">
     <span class='ocr_line' id='line_1_2' title="bbox 299 788 2152 882; baseline 0.003 -27"><span class='ocrx_word' id='word_1_3' title='bbox 299 788 440 857; x_wconf 84' lang='lat' dir='ltr'>satione</span> <span class='ocrx_word' id='word_1_4' title='bbox 464 788 566 856; x_wconf 86' lang='lat' dir='ltr'>nobis</span> <span class='ocrx_word' id='word_1_5' title='bbox 589 789 720 858; x_wconf 85' lang='lat' dir='ltr'>exiudc</span> <span class='ocrx_word' id='word_1_6' title='bbox 743 789 916 879; x_wconf 82' lang='lat' dir='ltr'>emiserit,</span> <span class='ocrx_word' id='word_1_7' title='bbox 941 807 1150 878; x_wconf 86' lang='lat' dir='ltr'>componere</span> <span class='ocrx_word' id='word_1_8' title='bbox 1174 793 1347 881; x_wconf 83' lang='lat' dir='ltr'>obligavit</span> <span class='ocrx_word' id='word_1_9' title='bbox 1371 813 1407 863; x_wconf 90' lang='lat' dir='ltr'>se</span> <span class='ocrx_word' id='word_1_10' title='bbox 1430 798 1466 864; x_wconf 92' lang='grc'>61</span> <span class='ocrx_word' id='word_1_11' title='bbox 1490 797 1565 864; x_wconf 91' lang='lat' dir='ltr'>suis</span> <span class='ocrx_word' id='word_1_12' title='bbox 1593 795 1796 882; x_wconf 87' lang='lat' dir='ltr'>heredibus,</span> <span class='ocrx_word' id='word_1_13' title='bbox 1822 793 1910 860; x_wconf 89' lang='lat' dir='ltr'>mihi</span> <span class='ocrx_word' id='word_1_14' title='bbox 1935 796 1971 862; x_wconf 90' lang='grc'>61</span> <span class='ocrx_word' id='word_1_15' title='bbox 1998 793 2043 864; x_wconf 89' lang='lat' dir='ltr'>ad</span> <span class='ocrx_word' id='word_1_16' title='bbox 2063 795 2152 862; x_wconf 87' lang='lat' dir='ltr'>meis</span> 
     </span>
     <span class='ocr_line' id='line_1_3' title="bbox 300 942 2156 1050; baseline 0.003 -41"><span class='ocrx_word' id='word_1_17' title='bbox 300 942 508 1031; x_wconf 89' lang='lat' dir='ltr'>heredibus,</span> <span class='ocrx_word' id='word_1_18' title='bbox 532 948 675 1012; x_wconf 87' lang='lat' dir='ltr'>centum</span> <span class='ocrx_word' id='word_1_19' title='bbox 698 943 780 1013; x_wconf 86' lang='lat' dir='ltr'>auri</span> <span class='ocrx_word' id='word_1_20' title='bbox 804 946 933 1014; x_wconf 90' lang='lat' dir='ltr'>solidos</span> <span class='ocrx_word' id='word_1_21' title='bbox 955 948 1213 1036; x_wconf 88' lang='grc'><strong>661616111166,</strong></span> <span class='ocrx_word' id='word_1_22' title='bbox 1238 951 1356 1018; x_wconf 88' lang='lat' dir='ltr'>etheo</span> <span class='ocrx_word' id='word_1_23' title='bbox 1374 951 1480 1050; x_wconf 85' lang='lat' dir='ltr'>sortis</span> <span class='ocrx_word' id='word_1_24' title='bbox 1504 949 1579 1036; x_wconf 93' lang='lat' dir='ltr'>ipse</span> <span class='ocrx_word' id='word_1_25' title='bbox 1604 950 1698 1017; x_wconf 88' lang='lat' dir='ltr'>inter</span> <span class='ocrx_word' id='word_1_26' title='bbox 1723 965 1787 1015; x_wconf 88' lang='lat' dir='ltr'>nos</span> <span class='ocrx_word' id='word_1_27' title='bbox 1809 947 1904 1014; x_wconf 92' lang='lat' dir='ltr'>omni</span> <span class='ocrx_word' id='word_1_28' title='bbox 1922 951 2078 1034; x_wconf 90' lang='lat' dir='ltr'>tempore</span> <span class='ocrx_word' id='word_1_29' title='bbox 2094 948 2156 1015; x_wconf 88' lang='grc'><strong>111-</strong></span> 
     </span>
     <span class='ocr_line' id='line_1_4' title="bbox 300 1097 2150 1189; baseline 0.003 -27"><span class='ocrx_word' id='word_1_30' title='bbox 300 1115 358 1164; x_wconf 87' lang='lat' dir='ltr'>me</span> <span class='ocrx_word' id='word_1_31' title='bbox 374 1101 410 1164; x_wconf 87' lang='lat' dir='ltr'>et</span> <span class='ocrx_word' id='word_1_32' title='bbox 434 1097 573 1166; x_wconf 86' lang='lat' dir='ltr'>stabilis</span> <span class='ocrx_word' id='word_1_33' title='bbox 596 1099 814 1184; x_wconf 85' lang='lat' dir='ltr'>permanead</span> <span class='ocrx_word' id='word_1_34' title='bbox 837 1117 901 1185; x_wconf 92' lang='lat' dir='ltr'>per</span> <span class='ocrx_word' id='word_1_35' title='bbox 924 1097 988 1168; x_wconf 88' lang='lat' dir='ltr'>illa</span> <span class='ocrx_word' id='word_1_36' title='bbox 1012 1101 1166 1188; x_wconf 88' lang='lat' dir='ltr'>ratione,</span> <span class='ocrx_word' id='word_1_37' title='bbox 1191 1104 1284 1170; x_wconf 89' lang='lat' dir='ltr'>sicut</span> <span class='ocrx_word' id='word_1_38' title='bbox 1308 1104 1472 1189; x_wconf 90' lang='lat' dir='ltr'>superius</span> <span class='ocrx_word' id='word_1_39' title='bbox 1495 1101 1641 1188; x_wconf 88' lang='lat' dir='ltr'>legitur.</span> <span class='ocrx_word' id='word_1_40' title='bbox 1660 1104 1918 1170; x_wconf 75' lang='lat' dir='ltr'>Verumtamen</span> <span class='ocrx_word' id='word_1_41' title='bbox 1934 1103 2000 1168; x_wconf 92' lang='lat' dir='ltr'>hec</span> <span class='ocrx_word' id='word_1_42' title='bbox 2024 1120 2150 1188; x_wconf 90' lang='lat' dir='ltr'>supra-</span> 
     </span>
     <span class='ocr_line' id='line_1_5' title="bbox 302 1251 2154 1348; baseline 0.006 -31"><span class='ocrx_word' id='word_1_43' title='bbox 302 1251 398 1321; x_wconf 90' lang='lat' dir='ltr'>dicta</span> <span class='ocrx_word' id='word_1_44' title='bbox 421 1252 595 1321; x_wconf 79' lang='lat' dir='ltr'>diuisione</span> <span class='ocrx_word' id='word_1_45' title='bbox 620 1252 714 1322; x_wconf 90' lang='lat' dir='ltr'>inter</span> <span class='ocrx_word' id='word_1_46' title='bbox 738 1273 801 1322; x_wconf 91' lang='lat' dir='ltr'>nos</span> <span class='ocrx_word' id='word_1_47' title='bbox 824 1253 983 1343; x_wconf 85' lang='grc'><strong>16611116,</strong></span> <span class='ocrx_word' id='word_1_48' title='bbox 1000 1255 1094 1323; x_wconf 88' lang='lat' dir='ltr'>sicut</span> <span class='ocrx_word' id='word_1_49' title='bbox 1117 1259 1363 1344; x_wconf 88' lang='lat' dir='ltr'>supradictum</span> <span class='ocrx_word' id='word_1_50' title='bbox 1386 1265 1453 1348; x_wconf 89' lang='lat' dir='ltr'>est,</span> <span class='ocrx_word' id='word_1_51' title='bbox 1468 1264 1504 1328; x_wconf 91' lang='lat' dir='ltr'>et</span> <span class='ocrx_word' id='word_1_52' title='bbox 1521 1261 1634 1328; x_wconf 90' lang='lat' dir='ltr'>licead</span> <span class='ocrx_word' id='word_1_53' title='bbox 1650 1279 1706 1328; x_wconf 87' lang='grc'>116</span> <span class='ocrx_word' id='word_1_54' title='bbox 1730 1265 1767 1328; x_wconf 91' lang='grc'>61</span> <span class='ocrx_word' id='word_1_55' title='bbox 1784 1261 1872 1328; x_wconf 90' lang='lat' dir='ltr'>meis</span> <span class='ocrx_word' id='word_1_56' title='bbox 1888 1258 2080 1328; x_wconf 87' lang='lat' dir='ltr'>heredibus</span> <span class='ocrx_word' id='word_1_57' title='bbox 2097 1261 2154 1328; x_wconf 89' lang='lat' dir='ltr'>in-</span> 
     </span>
     <span class='ocr_line' id='line_1_6' title="bbox 300 1403 2150 1500; baseline 0.004 -29"><span class='ocrx_word' id='word_1_58' title='bbox 300 1403 344 1473; x_wconf 90' lang='lat' dir='ltr'>de</span> <span class='ocrx_word' id='word_1_59' title='bbox 361 1405 550 1492; x_wconf 80' lang='lat' dir='ltr'>ingredere</span> <span class='ocrx_word' id='word_1_60' title='bbox 575 1411 610 1474; x_wconf 95' lang='lat' dir='ltr'>et</span> <span class='ocrx_word' id='word_1_61' title='bbox 632 1408 822 1494; x_wconf 81' lang='lat' dir='ltr'>regredere</span> <span class='ocrx_word' id='word_1_62' title='bbox 845 1427 926 1476; x_wconf 91' lang='lat' dir='ltr'>cum</span> <span class='ocrx_word' id='word_1_63' title='bbox 949 1411 1044 1478; x_wconf 90' lang='lat' dir='ltr'>omni</span> <span class='ocrx_word' id='word_1_64' title='bbox 1070 1413 1194 1480; x_wconf 87' lang='lat' dir='ltr'>nostra</span> <span class='ocrx_word' id='word_1_65' title='bbox 1217 1412 1441 1500; x_wconf 79' lang='lat' dir='ltr'>congruitate</span> <span class='ocrx_word' id='word_1_66' title='bbox 1464 1432 1527 1500; x_wconf 90' lang='lat' dir='ltr'>per</span> <span class='ocrx_word' id='word_1_67' title='bbox 1551 1413 1627 1500; x_wconf 88' lang='lat' dir='ltr'>ipso</span> <span class='ocrx_word' id='word_1_68' title='bbox 1650 1413 1786 1498; x_wconf 83' lang='lat' dir='ltr'>andito,</span> <span class='ocrx_word' id='word_1_69' title='bbox 1810 1410 1872 1499; x_wconf 91' lang='lat' dir='ltr'>qui</span> <span class='ocrx_word' id='word_1_70' title='bbox 1897 1417 1950 1481; x_wconf 89' lang='lat' dir='ltr'>est</span> <span class='ocrx_word' id='word_1_71' title='bbox 1974 1412 2018 1481; x_wconf 89' lang='lat' dir='ltr'>de</span> <span class='ocrx_word' id='word_1_72' title='bbox 2042 1431 2150 1500; x_wconf 89' lang='lat' dir='ltr'>super</span> 
     </span>
     <span class='ocr_line' id='line_1_7' title="bbox 301 1561 2150 1654; baseline 0.002 -25"><span class='ocrx_word' id='word_1_73' title='bbox 301 1564 405 1646; x_wconf 90' lang='lat' dir='ltr'>parte</span> <span class='ocrx_word' id='word_1_74' title='bbox 429 1561 476 1630; x_wconf 84' lang='lat' dir='ltr'>da</span> <span class='ocrx_word' id='word_1_75' title='bbox 499 1565 578 1650; x_wconf 91' lang='lat' dir='ltr'>ipsa</span> <span class='ocrx_word' id='word_1_76' title='bbox 600 1563 756 1632; x_wconf 89' lang='lat' dir='ltr'>sortione</span> <span class='ocrx_word' id='word_1_77' title='bbox 780 1584 860 1634; x_wconf 91' lang='lat' dir='ltr'>mea</span> <span class='ocrx_word' id='word_1_78' title='bbox 883 1570 919 1634; x_wconf 93' lang='lat' dir='ltr'>et</span> <span class='ocrx_word' id='word_1_79' title='bbox 941 1584 1053 1654; x_wconf 88' lang='lat' dir='ltr'>usque</span> <span class='ocrx_word' id='word_1_80' title='bbox 1077 1565 1154 1651; x_wconf 91' lang='lat' dir='ltr'>ipsa</span> <span class='ocrx_word' id='word_1_81' title='bbox 1178 1565 1295 1652; x_wconf 86' lang='lat' dir='ltr'>platea</span> <span class='ocrx_word' id='word_1_82' title='bbox 1318 1566 1379 1652; x_wconf 89' lang='lat' dir='ltr'>qui</span> <span class='ocrx_word' id='word_1_83' title='bbox 1404 1572 1457 1633; x_wconf 91' lang='lat' dir='ltr'>est</span> <span class='ocrx_word' id='word_1_84' title='bbox 1481 1587 1504 1634; x_wconf 91' lang='lat' dir='ltr'>a</span> <span class='ocrx_word' id='word_1_85' title='bbox 1528 1584 1612 1652; x_wconf 92' lang='lat' dir='ltr'>pars</span> <span class='ocrx_word' id='word_1_86' title='bbox 1628 1566 1791 1653; x_wconf 91' lang='lat' dir='ltr'>orientis,</span> <span class='ocrx_word' id='word_1_87' title='bbox 1808 1569 1845 1632; x_wconf 91' lang='grc'>61</span> <span class='ocrx_word' id='word_1_88' title='bbox 1861 1567 1937 1652; x_wconf 90' lang='lat' dir='ltr'>ipso</span> <span class='ocrx_word' id='word_1_89' title='bbox 1954 1565 2077 1634; x_wconf 85' lang='lat' dir='ltr'>andito</span> <span class='ocrx_word' id='word_1_90' title='bbox 2096 1569 2150 1634; x_wconf 89' lang='grc'>661</span> 
     </span>
     <span class='ocr_line' id='line_1_8' title="bbox 303 1717 2156 1807; baseline 0.001 -25"><span class='ocrx_word' id='word_1_91' title='bbox 303 1717 462 1784; x_wconf 86' lang='lat' dir='ltr'>latitudo</span> <span class='ocrx_word' id='word_1_92' title='bbox 485 1717 590 1804; x_wconf 90' lang='lat' dir='ltr'>pedes</span> <span class='ocrx_word' id='word_1_93' title='bbox 614 1737 678 1786; x_wconf 84' lang='lat' dir='ltr'>sex</span> <span class='ocrx_word' id='word_1_94' title='bbox 700 1723 736 1787; x_wconf 85' lang='lat' dir='ltr'>et</span> <span class='ocrx_word' id='word_1_95' title='bbox 758 1719 903 1804; x_wconf 88' lang='lat' dir='ltr'>plancta</span> <span class='ocrx_word' id='word_1_96' title='bbox 926 1737 1071 1788; x_wconf 88' lang='lat' dir='ltr'>manum</span> <span class='ocrx_word' id='word_1_97' title='bbox 1093 1717 1229 1785; x_wconf 91' lang='lat' dir='ltr'>homini</span> <span class='ocrx_word' id='word_1_98' title='bbox 1252 1737 1345 1806; x_wconf 91' lang='lat' dir='ltr'>una;</span> <span class='ocrx_word' id='word_1_99' title='bbox 1370 1723 1405 1786; x_wconf 88' lang='lat' dir='ltr'>et</span> <span class='ocrx_word' id='word_1_100' title='bbox 1428 1719 1459 1786; x_wconf 90' lang='lat' dir='ltr'>si</span> <span class='ocrx_word' id='word_1_101' title='bbox 1482 1719 1556 1804; x_wconf 89' lang='lat' dir='ltr'>ipse</span> <span class='ocrx_word' id='word_1_102' title='bbox 1579 1719 1670 1788; x_wconf 90' lang='lat' dir='ltr'>mari</span> <span class='ocrx_word' id='word_1_103' title='bbox 1694 1717 1750 1785; x_wconf 86' lang='lat' dir='ltr'>vel</span> <span class='ocrx_word' id='word_1_104' title='bbox 1774 1720 1851 1785; x_wconf 91' lang='lat' dir='ltr'>eius</span> <span class='ocrx_word' id='word_1_105' title='bbox 1876 1717 2023 1788; x_wconf 86' lang='lat' dir='ltr'>heredes</span> <span class='ocrx_word' id='word_1_106' title='bbox 2048 1737 2156 1807; x_wconf 90' lang='lat' dir='ltr'>super</span> 
     </span>
     <span class='ocr_line' id='line_1_9' title="bbox 305 1869 2155 1959; baseline 0.002 -23"><span class='ocrx_word' id='word_1_107' title='bbox 305 1871 381 1956; x_wconf 89' lang='lat' dir='ltr'>ipso</span> <span class='ocrx_word' id='word_1_108' title='bbox 398 1869 520 1939; x_wconf 90' lang='lat' dir='ltr'>andito</span> <span class='ocrx_word' id='word_1_109' title='bbox 544 1891 640 1959; x_wconf 85' lang='lat' dir='ltr'>casa,</span> <span class='ocrx_word' id='word_1_110' title='bbox 658 1876 722 1941; x_wconf 90' lang='lat' dir='ltr'>aut</span> <span class='ocrx_word' id='word_1_111' title='bbox 745 1873 904 1959; x_wconf 86' lang='lat' dir='ltr'>qualibet</span> <span class='ocrx_word' id='word_1_112' title='bbox 927 1873 1107 1942; x_wconf 88' lang='lat' dir='ltr'>edificium</span> <span class='ocrx_word' id='word_1_113' title='bbox 1131 1873 1268 1957; x_wconf 88' lang='grc'><strong>1666111,</strong></span> <span class='ocrx_word' id='word_1_114' title='bbox 1294 1889 1365 1940; x_wconf 89' lang='grc'>161</span> <span class='ocrx_word' id='word_1_115' title='bbox 1390 1871 1504 1940; x_wconf 82' lang='grc'><strong>1661611</strong></span> <span class='ocrx_word' id='word_1_116' title='bbox 1528 1870 1722 1956; x_wconf 86' lang='lat' dir='ltr'>aliquando</span> <span class='ocrx_word' id='word_1_117' title='bbox 1745 1872 1876 1958; x_wconf 85' lang='lat' dir='ltr'>aliquit</span> <span class='ocrx_word' id='word_1_118' title='bbox 1899 1872 2072 1940; x_wconf 90' lang='lat' dir='ltr'>soctimen</span> <span class='ocrx_word' id='word_1_119' title='bbox 2096 1891 2155 1941; x_wconf 90' lang='lat' dir='ltr'>su-</span> 
     </span>
     <span class='ocr_line' id='line_1_10' title="bbox 304 2023 2153 2114; baseline 0.003 -24"><span class='ocrx_word' id='word_1_120' title='bbox 304 2043 368 2110; x_wconf 90' lang='lat' dir='ltr'>per</span> <span class='ocrx_word' id='word_1_121' title='bbox 393 2024 469 2110; x_wconf 88' lang='lat' dir='ltr'>ipso</span> <span class='ocrx_word' id='word_1_122' title='bbox 493 2025 615 2093; x_wconf 86' lang='lat' dir='ltr'>andito</span> <span class='ocrx_word' id='word_1_123' title='bbox 638 2045 702 2113; x_wconf 92' lang='lat' dir='ltr'>per</span> <span class='ocrx_word' id='word_1_124' title='bbox 726 2027 933 2112; x_wconf 90' lang='lat' dir='ltr'>supradicta</span> <span class='ocrx_word' id='word_1_125' title='bbox 956 2023 1118 2114; x_wconf 86' lang='lat' dir='ltr'>obligata</span> <span class='ocrx_word' id='word_1_126' title='bbox 1140 2043 1247 2112; x_wconf 90' lang='lat' dir='ltr'>pena,</span> <span class='ocrx_word' id='word_1_127' title='bbox 1271 2029 1307 2092; x_wconf 86' lang='lat' dir='ltr'>et</span> <span class='ocrx_word' id='word_1_128' title='bbox 1330 2026 1408 2111; x_wconf 91' lang='lat' dir='ltr'>ipsa</span> <span class='ocrx_word' id='word_1_129' title='bbox 1431 2024 1586 2092; x_wconf 90' lang='lat' dir='ltr'>sortione</span> <span class='ocrx_word' id='word_1_130' title='bbox 1609 2025 1702 2110; x_wconf 91' lang='lat' dir='ltr'>quod</span> <span class='ocrx_word' id='word_1_131' title='bbox 1726 2026 1802 2110; x_wconf 90' lang='lat' dir='ltr'>ipse</span> <span class='ocrx_word' id='word_1_132' title='bbox 1817 2027 1908 2094; x_wconf 88' lang='lat' dir='ltr'>mari</span> <span class='ocrx_word' id='word_1_133' title='bbox 1933 2030 2153 2114; x_wconf 83' lang='lat' dir='ltr'>conprehen-</span> 
     </span>
     <span class='ocr_line' id='line_1_11' title="bbox 303 2175 2154 2265; baseline 0.003 -20"><span class='ocrx_word' id='word_1_134' title='bbox 303 2177 353 2245; x_wconf 86' lang='lat' dir='ltr'>sit</span> <span class='ocrx_word' id='word_1_135' title='bbox 377 2175 419 2244; x_wconf 89' lang='lat' dir='ltr'>de</span> <span class='ocrx_word' id='word_1_136' title='bbox 445 2178 522 2262; x_wconf 88' lang='lat' dir='ltr'>ipsa</span> <span class='ocrx_word' id='word_1_137' title='bbox 546 2177 653 2247; x_wconf 87' lang='lat' dir='ltr'>vinea</span> <span class='ocrx_word' id='word_1_138' title='bbox 676 2179 719 2246; x_wconf 91' lang='lat' dir='ltr'>de</span> <span class='ocrx_word' id='word_1_139' title='bbox 742 2181 858 2265; x_wconf 90' lang='lat' dir='ltr'>ipsum</span> <span class='ocrx_word' id='word_1_140' title='bbox 881 2180 1066 2247; x_wconf 87' lang='lat' dir='ltr'>montedo</span> <span class='ocrx_word' id='word_1_141' title='bbox 1089 2177 1238 2265; x_wconf 89' lang='grc'><strong>1611116,</strong></span> <span class='ocrx_word' id='word_1_142' title='bbox 1273 2181 1327 2245; x_wconf 92' lang='grc'>661</span> <span class='ocrx_word' id='word_1_143' title='bbox 1350 2176 1566 2264; x_wconf 84' lang='lat' dir='ltr'>superfluum</span> <span class='ocrx_word' id='word_1_144' title='bbox 1591 2196 1697 2263; x_wconf 86' lang='lat' dir='ltr'>super</span> <span class='ocrx_word' id='word_1_145' title='bbox 1728 2178 1807 2264; x_wconf 91' lang='lat' dir='ltr'>ipsa</span> <span class='ocrx_word' id='word_1_146' title='bbox 1841 2177 1996 2246; x_wconf 90' lang='lat' dir='ltr'>sortione</span> <span class='ocrx_word' id='word_1_147' title='bbox 2029 2184 2154 2250; x_wconf 89' lang='lat' dir='ltr'>nostra</span> 
     </span>
     <span class='ocr_line' id='line_1_12' title="bbox 303 2331 2154 2420; baseline 0.002 -22"><span class='ocrx_word' id='word_1_148' title='bbox 303 2350 416 2400; x_wconf 90' lang='lat' dir='ltr'>unum</span> <span class='ocrx_word' id='word_1_149' title='bbox 433 2351 575 2419; x_wconf 91' lang='lat' dir='ltr'>passum</span> <span class='ocrx_word' id='word_1_150' title='bbox 599 2333 645 2401; x_wconf 88' lang='lat' dir='ltr'>da</span> <span class='ocrx_word' id='word_1_151' title='bbox 667 2333 744 2418; x_wconf 87' lang='lat' dir='ltr'>ipso</span> <span class='ocrx_word' id='word_1_152' title='bbox 768 2334 910 2400; x_wconf 90' lang='lat' dir='ltr'>sorbum</span> <span class='ocrx_word' id='word_1_153' title='bbox 923 2382 933 2420; x_wconf 87' lang='lat'>‚</span> <span class='ocrx_word' id='word_1_154' title='bbox 964 2333 1027 2418; x_wconf 90' lang='lat' dir='ltr'>qui</span> <span class='ocrx_word' id='word_1_155' title='bbox 1051 2332 1224 2402; x_wconf 87' lang='grc'><strong>66111116</strong></span> <span class='ocrx_word' id='word_1_156' title='bbox 1247 2331 1325 2420; x_wconf 90' lang='lat' dir='ltr'>ipsa</span> <span class='ocrx_word' id='word_1_157' title='bbox 1348 2334 1454 2402; x_wconf 90' lang='lat' dir='ltr'>vinea</span> <span class='ocrx_word' id='word_1_158' title='bbox 1478 2337 1513 2400; x_wconf 93' lang='grc'>61</span> <span class='ocrx_word' id='word_1_159' title='bbox 1539 2334 1712 2420; x_wconf 90' lang='lat' dir='ltr'>usquein</span> <span class='ocrx_word' id='word_1_160' title='bbox 1736 2333 1852 2418; x_wconf 91' lang='lat' dir='ltr'>capite</span> <span class='ocrx_word' id='word_1_161' title='bbox 1876 2332 1919 2400; x_wconf 87' lang='lat' dir='ltr'>de</span> <span class='ocrx_word' id='word_1_162' title='bbox 1943 2333 2026 2420; x_wconf 89' lang='lat' dir='ltr'>ipsa</span> <span class='ocrx_word' id='word_1_163' title='bbox 2045 2335 2154 2404; x_wconf 86' lang='lat' dir='ltr'>vinea</span> 
     </span>
     <span class='ocr_line' id='line_1_13' title="bbox 306 2471 2154 2572; baseline 0.002 -21"><span class='ocrx_word' id='word_1_164' title='bbox 306 2502 420 2571; x_wconf 88' lang='lat' dir='ltr'>usquc</span> <span class='ocrx_word' id='word_1_165' title='bbox 445 2484 482 2550; x_wconf 91' lang='lat' dir='ltr'>in</span> <span class='ocrx_word' id='word_1_166' title='bbox 508 2471 613 2552; x_wconf 85' lang='lat' dir='ltr'>binea</span> <span class='ocrx_word' id='word_1_167' title='bbox 636 2484 678 2552; x_wconf 88' lang='lat' dir='ltr'>dc</span> <span class='ocrx_word' id='word_1_168' title='bbox 703 2484 771 2571; x_wconf 92' lang='lat' dir='ltr'>ipsi</span> <span class='ocrx_word' id='word_1_169' title='bbox 795 2484 861 2553; x_wconf 90' lang='lat' dir='ltr'>filii</span> <span class='ocrx_word' id='word_1_170' title='bbox 886 2485 1035 2553; x_wconf 89' lang='lat' dir='ltr'>iohanni</span> <span class='ocrx_word' id='word_1_171' title='bbox 1060 2485 1169 2554; x_wconf 89' lang='lat' dir='ltr'>madi.</span> <span class='ocrx_word' id='word_1_172' title='bbox 1196 2487 1240 2553; x_wconf 81' lang='lat' dir='ltr'>Et</span> <span class='ocrx_word' id='word_1_173' title='bbox 1264 2503 1333 2553; x_wconf 91' lang='lat' dir='ltr'>unc</span> <span class='ocrx_word' id='word_1_174' title='bbox 1358 2484 1498 2552; x_wconf 90' lang='lat' dir='ltr'>brebem</span> <span class='ocrx_word' id='word_1_175' title='bbox 1521 2486 1648 2572; x_wconf 86' lang='lat' dir='ltr'>scripsi</span> <span class='ocrx_word' id='word_1_176' title='bbox 1672 2504 1737 2572; x_wconf 88' lang='lat' dir='ltr'>ego</span> <span class='ocrx_word' id='word_1_177' title='bbox 1764 2486 1959 2554; x_wconf 91' lang='lat' dir='ltr'>madelmus</span> <span class='ocrx_word' id='word_1_178' title='bbox 1989 2489 2154 2556; x_wconf 89' lang='lat' dir='ltr'>notarius</span> 
     </span>
     <span class='ocr_line' id='line_1_14' title="bbox 308 2639 2154 2730; baseline 0 -22"><span class='ocrx_word' id='word_1_179' title='bbox 308 2640 372 2728; x_wconf 89' lang='lat' dir='ltr'>qui</span> <span class='ocrx_word' id='word_1_180' title='bbox 397 2640 559 2708; x_wconf 83' lang='lat' dir='ltr'>interlui.</span> <span class='ocrx_word' id='word_1_181' title='bbox 585 2660 650 2728; x_wconf 86' lang='lat' dir='ltr'>ego</span> <span class='ocrx_word' id='word_1_182' title='bbox 674 2639 850 2730; x_wconf 82' lang='lat' dir='ltr'>edelgari.</span> <span class='ocrx_word' id='word_1_183' title='bbox 886 2660 952 2729; x_wconf 87' lang='lat' dir='ltr'>ego</span> <span class='ocrx_word' id='word_1_184' title='bbox 987 2641 1148 2710; x_wconf 89' lang='lat' dir='ltr'>sikelmo.</span> <span class='ocrx_word' id='word_1_185' title='bbox 1175 2659 1242 2728; x_wconf 87' lang='lat' dir='ltr'>ego</span> <span class='ocrx_word' id='word_1_186' title='bbox 1265 2659 1355 2710; x_wconf 85' lang='lat' dir='ltr'>azzo.</span> <span class='ocrx_word' id='word_1_187' title='bbox 1381 2658 1447 2727; x_wconf 85' lang='lat' dir='ltr'>ego</span> <span class='ocrx_word' id='word_1_188' title='bbox 1477 2639 1583 2708; x_wconf 83' lang='lat' dir='ltr'>maio.</span> <span class='ocrx_word' id='word_1_189' title='bbox 1609 2639 1654 2705; x_wconf 89' lang='lat' dir='ltr'>Et</span> <span class='ocrx_word' id='word_1_190' title='bbox 1684 2657 1764 2706; x_wconf 90' lang='lat' dir='ltr'>cum</span> <span class='ocrx_word' id='word_1_191' title='bbox 1798 2641 1874 2726; x_wconf 87' lang='lat' dir='ltr'>ipso</span> <span class='ocrx_word' id='word_1_192' title='bbox 1908 2642 2052 2710; x_wconf 89' lang='lat' dir='ltr'>brebem</span> <span class='ocrx_word' id='word_1_193' title='bbox 2085 2644 2154 2711; x_wconf 84' lang='lat' dir='ltr'>suit</span> 
     </span>
     <span class='ocr_line' id='line_1_15' title="bbox 307 2793 2159 2883; baseline 0.002 -21"><span class='ocrx_word' id='word_1_194' title='bbox 307 2795 441 2865; x_wconf 91' lang='lat' dir='ltr'>lectum</span> <span class='ocrx_word' id='word_1_195' title='bbox 462 2846 471 2882; x_wconf 86' lang='lat'>,</span> <span class='ocrx_word' id='word_1_196' title='bbox 494 2798 658 2864; x_wconf 86' lang='lat' dir='ltr'>causabit</span> <span class='ocrx_word' id='word_1_197' title='bbox 680 2797 756 2883; x_wconf 89' lang='lat' dir='ltr'>ipse</span> <span class='ocrx_word' id='word_1_198' title='bbox 780 2801 922 2866; x_wconf 90' lang='lat' dir='ltr'>amatus</span> <span class='ocrx_word' id='word_1_199' title='bbox 945 2815 1026 2863; x_wconf 92' lang='lat' dir='ltr'>cum</span> <span class='ocrx_word' id='word_1_200' title='bbox 1051 2795 1165 2882; x_wconf 90' lang='lat' dir='ltr'>ipsum</span> <span class='ocrx_word' id='word_1_201' title='bbox 1190 2795 1392 2882; x_wconf 89' lang='lat' dir='ltr'>iohannes,</span> <span class='ocrx_word' id='word_1_202' title='bbox 1417 2800 1457 2863; x_wconf 88' lang='lat' dir='ltr'>ut</span> <span class='ocrx_word' id='word_1_203' title='bbox 1480 2793 1540 2862; x_wconf 92' lang='lat' dir='ltr'>ille</span> <span class='ocrx_word' id='word_1_204' title='bbox 1564 2800 1599 2864; x_wconf 91' lang='lat' dir='ltr'>et</span> <span class='ocrx_word' id='word_1_205' title='bbox 1622 2813 1713 2862; x_wconf 86' lang='lat' dir='ltr'>uxor</span> <span class='ocrx_word' id='word_1_206' title='bbox 1737 2814 1832 2881; x_wconf 89' lang='lat' dir='ltr'>sua,</span> <span class='ocrx_word' id='word_1_207' title='bbox 1856 2797 1915 2880; x_wconf 91' lang='lat' dir='ltr'>qui</span> <span class='ocrx_word' id='word_1_208' title='bbox 1942 2800 1996 2864; x_wconf 91' lang='lat' dir='ltr'>est</span> <span class='ocrx_word' id='word_1_209' title='bbox 2018 2797 2159 2865; x_wconf 88' lang='lat' dir='ltr'>eredem</span> 
     </span>
     <span class='ocr_line' id='line_1_16' title="bbox 303 2950 2155 3040; baseline 0.001 -21"><span class='ocrx_word' id='word_1_210' title='bbox 303 2953 455 3038; x_wconf 87' lang='lat' dir='ltr'>predicti</span> <span class='ocrx_word' id='word_1_211' title='bbox 479 2953 586 3040; x_wconf 88' lang='lat' dir='ltr'>mari,</span> <span class='ocrx_word' id='word_1_212' title='bbox 605 2952 823 3021; x_wconf 85' lang='lat' dir='ltr'>ramossisset</span> <span class='ocrx_word' id='word_1_213' title='bbox 846 2955 882 3020; x_wconf 92' lang='lat' dir='ltr'>et</span> <span class='ocrx_word' id='word_1_214' title='bbox 906 2955 1105 3019; x_wconf 88' lang='grc'><strong>6611166661</strong></span> <span class='ocrx_word' id='word_1_215' title='bbox 1128 2950 1209 3018; x_wconf 89' lang='lat' dir='ltr'>illut</span> <span class='ocrx_word' id='word_1_216' title='bbox 1233 2969 1300 3037; x_wconf 91' lang='lat' dir='ltr'>que</span> <span class='ocrx_word' id='word_1_217' title='bbox 1323 2953 1494 3021; x_wconf 87' lang='lat' dir='ltr'>iamdicta</span> <span class='ocrx_word' id='word_1_218' title='bbox 1509 2951 1682 3020; x_wconf 89' lang='lat' dir='ltr'>divisione</span> <span class='ocrx_word' id='word_1_219' title='bbox 1698 2951 1868 3020; x_wconf 88' lang='lat' dir='ltr'>continet:</span> <span class='ocrx_word' id='word_1_220' title='bbox 1887 2952 1962 3037; x_wconf 91' lang='lat' dir='ltr'>ipse</span> <span class='ocrx_word' id='word_1_221' title='bbox 1979 2954 2155 3022; x_wconf 88' lang='lat' dir='ltr'>iohannes</span> 
     </span>
     <span class='ocr_line' id='line_1_17' title="bbox 305 3073 2160 3194; baseline -0.001 -19"><span class='ocrx_word' id='word_1_222' title='bbox 305 3108 412 3194; x_wconf 85' lang='lat' dir='ltr'>dixit,</span> <span class='ocrx_word' id='word_1_223' title='bbox 437 3108 577 3175; x_wconf 91' lang='lat' dir='ltr'>nescire</span> <span class='ocrx_word' id='word_1_224' title='bbox 600 3107 684 3174; x_wconf 90' lang='lat' dir='ltr'>inde</span> <span class='ocrx_word' id='word_1_225' title='bbox 708 3105 742 3174; x_wconf 91' lang='lat' dir='ltr'>ei</span> <span class='ocrx_word' id='word_1_226' title='bbox 767 3106 979 3193; x_wconf 88' lang='lat' dir='ltr'>respondere</span> <span class='ocrx_word' id='word_1_227' title='bbox 1002 3106 1080 3174; x_wconf 90' lang='lat' dir='ltr'>sine</span> <span class='ocrx_word' id='word_1_228' title='bbox 1103 3107 1377 3191; x_wconf 64' lang='lat' dir='ltr'>advocatorem</span> <span class='ocrx_word' id='word_1_229' title='bbox 1402 3107 1496 3174; x_wconf 88' lang='lat' dir='ltr'>unde</span> <span class='ocrx_word' id='word_1_230' title='bbox 1520 3107 1615 3176; x_wconf 90' lang='lat' dir='ltr'>inter</span> <span class='ocrx_word' id='word_1_231' title='bbox 1638 3107 1690 3174; x_wconf 91' lang='lat' dir='ltr'>eis</span> <span class='ocrx_word' id='word_1_232' title='bbox 1707 3105 1866 3174; x_wconf 89' lang='lat' dir='ltr'>iudicabi</span> <span class='ocrx_word' id='word_1_233' title='bbox 1883 3110 1919 3174; x_wconf 92' lang='lat' dir='ltr'>et</span> <span class='ocrx_word' id='word_1_234' title='bbox 1936 3073 2098 3194; x_wconf 83' lang='lat' dir='ltr'>utrisque</span> <span class='ocrx_word' id='word_1_235' title='bbox 2114 3107 2160 3174; x_wconf 92' lang='lat' dir='ltr'>il·</span> 
     </span>
     <span class='ocr_line' id='line_1_18' title="bbox 305 3258 2157 3348; baseline 0.001 -22"><span class='ocrx_word' id='word_1_236' title='bbox 305 3258 353 3327; x_wconf 90' lang='lat' dir='ltr'>lis</span> <span class='ocrx_word' id='word_1_237' title='bbox 378 3261 551 3348; x_wconf 88' lang='lat' dir='ltr'>guadiare</span> <span class='ocrx_word' id='word_1_238' title='bbox 567 3258 650 3346; x_wconf 89' lang='grc'><strong>1661,</strong></span> <span class='ocrx_word' id='word_1_239' title='bbox 668 3263 708 3328; x_wconf 91' lang='lat' dir='ltr'>ut</span> <span class='ocrx_word' id='word_1_240' title='bbox 731 3279 794 3347; x_wconf 91' lang='lat' dir='ltr'>per</span> <span class='ocrx_word' id='word_1_241' title='bbox 816 3264 938 3347; x_wconf 88' lang='lat' dir='ltr'>partes</span> <span class='ocrx_word' id='word_1_242' title='bbox 961 3260 1137 3346; x_wconf 88' lang='lat' dir='ltr'>plicarent</span> <span class='ocrx_word' id='word_1_243' title='bbox 1160 3276 1198 3326; x_wconf 89' lang='grc'>66</span> <span class='ocrx_word' id='word_1_244' title='bbox 1221 3263 1258 3328; x_wconf 89' lang='grc'>61</span> <span class='ocrx_word' id='word_1_245' title='bbox 1283 3259 1358 3347; x_wconf 89' lang='lat' dir='ltr'>ipse</span> <span class='ocrx_word' id='word_1_246' title='bbox 1382 3262 1555 3330; x_wconf 87' lang='lat' dir='ltr'>iohannes</span> <span class='ocrx_word' id='word_1_247' title='bbox 1578 3280 1660 3328; x_wconf 91' lang='lat' dir='ltr'>cum</span> <span class='ocrx_word' id='word_1_248' title='bbox 1682 3278 1747 3328; x_wconf 92' lang='lat' dir='ltr'>suo</span> <span class='ocrx_word' id='word_1_249' title='bbox 1771 3261 2019 3330; x_wconf 86' lang='lat' dir='ltr'>advocatorem</span> <span class='ocrx_word' id='word_1_250' title='bbox 2042 3259 2157 3330; x_wconf 88' lang='lat' dir='ltr'>eidem</span> 
     </span>
     <span class='ocr_line' id='line_1_19' title="bbox 303 3414 2155 3504; baseline -0.001 -20"><span class='ocrx_word' id='word_1_251' title='bbox 303 3418 415 3486; x_wconf 85' lang='lat' dir='ltr'>amati</span> <span class='ocrx_word' id='word_1_252' title='bbox 441 3417 652 3504; x_wconf 87' lang='lat' dir='ltr'>respondere</span> <span class='ocrx_word' id='word_1_253' title='bbox 676 3416 718 3484; x_wconf 91' lang='lat' dir='ltr'>de</span> <span class='ocrx_word' id='word_1_254' title='bbox 742 3419 821 3500; x_wconf 90' lang='lat' dir='ltr'>hoc,</span> <span class='ocrx_word' id='word_1_255' title='bbox 845 3415 940 3484; x_wconf 89' lang='lat' dir='ltr'>unde</span> <span class='ocrx_word' id='word_1_256' title='bbox 962 3433 1073 3502; x_wconf 89' lang='lat' dir='ltr'>supra</span> <span class='ocrx_word' id='word_1_257' title='bbox 1096 3435 1177 3483; x_wconf 89' lang='lat' dir='ltr'>cum</span> <span class='ocrx_word' id='word_1_258' title='bbox 1201 3434 1283 3484; x_wconf 89' lang='lat' dir='ltr'>eum</span> <span class='ocrx_word' id='word_1_259' title='bbox 1307 3416 1484 3504; x_wconf 82' lang='lat' dir='ltr'>causabit,</span> <span class='ocrx_word' id='word_1_260' title='bbox 1509 3420 1545 3484; x_wconf 91' lang='lat' dir='ltr'>et</span> <span class='ocrx_word' id='word_1_261' title='bbox 1569 3415 1666 3482; x_wconf 86' lang='lat' dir='ltr'>iusta</span> <span class='ocrx_word' id='word_1_262' title='bbox 1689 3414 1803 3502; x_wconf 86' lang='lat' dir='ltr'>legem</span> <span class='ocrx_word' id='word_1_263' title='bbox 1827 3417 1923 3485; x_wconf 90' lang='lat' dir='ltr'>inter</span> <span class='ocrx_word' id='word_1_264' title='bbox 1946 3436 1984 3486; x_wconf 89' lang='grc'>66</span> <span class='ocrx_word' id='word_1_265' title='bbox 2009 3415 2091 3484; x_wconf 88' lang='grc'><strong>1116</strong></span> <span class='ocrx_word' id='word_1_266' title='bbox 2116 3418 2155 3483; x_wconf 85' lang='lat' dir='ltr'>n-</span> 
     </span>
     <span class='ocr_line' id='line_1_20' title="bbox 299 3569 2156 3659; baseline 0.002 -23"><span class='ocrx_word' id='word_1_267' title='bbox 299 3588 381 3638; x_wconf 90' lang='lat' dir='ltr'>nem</span> <span class='ocrx_word' id='word_1_268' title='bbox 405 3571 577 3657; x_wconf 85' lang='lat' dir='ltr'>facerent3</span> <span class='ocrx_word' id='word_1_269' title='bbox 602 3572 697 3639; x_wconf 89' lang='lat' dir='ltr'>undo</span> <span class='ocrx_word' id='word_1_270' title='bbox 721 3571 795 3658; x_wconf 90' lang='lat' dir='ltr'>ipse</span> <span class='ocrx_word' id='word_1_271' title='bbox 820 3571 994 3639; x_wconf 88' lang='lat' dir='ltr'>iohannes</span> <span class='ocrx_word' id='word_1_272' title='bbox 1019 3572 1136 3656; x_wconf 90' lang='lat' dir='ltr'>posuit</span> <span class='ocrx_word' id='word_1_273' title='bbox 1159 3569 1194 3637; x_wconf 91' lang='grc'>61</span> <span class='ocrx_word' id='word_1_274' title='bbox 1218 3569 1448 3638; x_wconf 90' lang='lat' dir='ltr'>mediatorem</span> <span class='ocrx_word' id='word_1_275' title='bbox 1472 3569 1695 3657; x_wconf 85' lang='lat' dir='ltr'>grimoaldus</span> <span class='ocrx_word' id='word_1_276' title='bbox 1719 3569 1817 3638; x_wconf 88' lang='lat' dir='ltr'>filius</span> <span class='ocrx_word' id='word_1_277' title='bbox 1849 3569 1994 3658; x_wconf 87' lang='lat' dir='ltr'>siloriti,</span> <span class='ocrx_word' id='word_1_278' title='bbox 2019 3574 2156 3659; x_wconf 83' lang='lat' dir='ltr'>etipse</span> 
     </span>
     <span class='ocr_line' id='line_1_21' title="bbox 304 3721 2155 3811; baseline -0.002 -17"><span class='ocrx_word' id='word_1_279' title='bbox 304 3730 445 3794; x_wconf 88' lang='lat' dir='ltr'>amatus</span> <span class='ocrx_word' id='word_1_280' title='bbox 460 3724 580 3810; x_wconf 88' lang='lat' dir='ltr'>posuit</span> <span class='ocrx_word' id='word_1_281' title='bbox 595 3724 630 3792; x_wconf 92' lang='lat' dir='ltr'>ei</span> <span class='ocrx_word' id='word_1_282' title='bbox 652 3723 881 3793; x_wconf 88' lang='lat' dir='ltr'>mediatorem</span> <span class='ocrx_word' id='word_1_283' title='bbox 905 3722 1098 3792; x_wconf 89' lang='lat' dir='ltr'>radoaldus</span> <span class='ocrx_word' id='word_1_284' title='bbox 1121 3721 1219 3790; x_wconf 87' lang='lat' dir='ltr'>filius</span> <span class='ocrx_word' id='word_1_285' title='bbox 1243 3725 1350 3811; x_wconf 90' lang='lat' dir='ltr'>mari,</span> <span class='ocrx_word' id='word_1_286' title='bbox 1375 3729 1411 3792; x_wconf 90' lang='grc'>61</span> <span class='ocrx_word' id='word_1_287' title='bbox 1435 3742 1499 3810; x_wconf 92' lang='lat' dir='ltr'>pro</span> <span class='ocrx_word' id='word_1_288' title='bbox 1522 3727 1626 3810; x_wconf 89' lang='lat' dir='ltr'>parte</span> <span class='ocrx_word' id='word_1_289' title='bbox 1650 3724 1765 3810; x_wconf 93' lang='lat' dir='ltr'>ipsius</span> <span class='ocrx_word' id='word_1_290' title='bbox 1789 3724 1902 3792; x_wconf 88' lang='lat' dir='ltr'>amati</span> <span class='ocrx_word' id='word_1_291' title='bbox 1925 3725 2082 3793; x_wconf 89' lang='lat' dir='ltr'>scribere</span> <span class='ocrx_word' id='word_1_292' title='bbox 2106 3725 2155 3792; x_wconf 92' lang='grc'>16-</span> 
     </span>
     <span class='ocr_line' id='line_1_22' title="bbox 300 3879 891 3965; baseline 0.007 -22"><span class='ocrx_word' id='word_1_293' title='bbox 300 3879 415 3946; x_wconf 89' lang='lat' dir='ltr'>cimus</span> <span class='ocrx_word' id='word_1_294' title='bbox 438 3883 474 3948; x_wconf 92' lang='grc'>16</span> <span class='ocrx_word' id='word_1_295' title='bbox 497 3879 692 3965; x_wconf 90' lang='lat' dir='ltr'>myrandus</span> <span class='ocrx_word' id='word_1_296' title='bbox 715 3880 891 3948; x_wconf 80' lang='lat' dir='ltr'>notarius,</span> 
     </span>
    </p>
   </div>
   <div class='ocr_carea' id='block_1_3' title="bbox 296 4005 1070 4120">
    <p class='ocr_par' dir='ltr' id='par_1_3' title="bbox 296 4005 1070 4120">
     <span class='ocr_line' id='line_1_23' title="bbox 296 4005 1070 4120; baseline 0.001 -24"><span class='ocrx_word' id='word_1_297' title='bbox 296 4027 303 4042; x_wconf 86' lang='lat'>&#39;</span> <span class='ocrx_word' id='word_1_298' title='bbox 353 4005 383 4120; x_wconf 89' lang='lat'>†</span> <span class='ocrx_word' id='word_1_299' title='bbox 408 4033 483 4118; x_wconf 83' lang='lat' dir='ltr'>Ego</span> <span class='ocrx_word' id='word_1_300' title='bbox 506 4033 568 4118; x_wconf 84' lang='lat' dir='ltr'>qui</span> <span class='ocrx_word' id='word_1_301' title='bbox 592 4050 701 4119; x_wconf 91' lang='lat' dir='ltr'>supra</span> <span class='ocrx_word' id='word_1_302' title='bbox 724 4032 926 4101; x_wconf 87' lang='lat' dir='ltr'>romoaldus</span> <span class='ocrx_word' id='word_1_303' title='bbox 949 4031 1070 4100; x_wconf 85' lang='lat' dir='ltr'>iudex.</span> 
     </span>
    </p>
   </div>
   <div class='ocr_carea' id='block_1_4' title="bbox 1007 4289 1446 4300">
    <p class='ocr_par' dir='ltr' id='par_1_4' title="bbox 1007 4289 1446 4300">
     <span class='ocr_line' id='line_1_24' title="bbox 1007 4289 1446 4300; baseline 0.009 -4"><span class='ocrx_word' id='word_1_304' title='bbox 1007 4289 1446 4300; x_wconf 74' lang='lat'>-—-—.——-.—..—-</span> 
     </span>
    </p>
   </div>
   <div class='ocr_carea' id='block_1_5' title="bbox 1056 4583 1395 4666">
    <p class='ocr_par' dir='ltr' id='par_1_5' title="bbox 1056 4583 1395 4666">
     <span class='ocr_line' id='line_1_25' title="bbox 1056 4583 1395 4666; baseline -0.003 -1"><span class='ocrx_word' id='word_1_305' title='bbox 1056 4583 1395 4666; x_wconf 85' lang='lat' dir='ltr'>DCCXXIX.</span> 
     </span>
    </p>
   </div>
   <div class='ocr_carea' id='block_1_6' title="bbox 1080 4812 1597 4908">
    <p class='ocr_par' dir='ltr' id='par_1_6' title="bbox 1080 4812 1597 4908">
     <span class='ocr_line' id='line_1_26' title="bbox 1080 4812 1597 4908; baseline -0.006 -14"><span class='ocrx_word' id='word_1_306' title='bbox 1080 4816 1134 4894; x_wconf 86' lang='lat' dir='ltr'>A.</span> <span class='ocrx_word' id='word_1_307' title='bbox 1163 4812 1214 4891; x_wconf 91' lang='lat' dir='ltr'>D.</span> <span class='ocrx_word' id='word_1_308' title='bbox 1242 4812 1368 4894; x_wconf 83' lang='lat'><strong>1021.</strong></span> <span class='ocrx_word' id='word_1_309' title='bbox 1592 4893 1597 4908; x_wconf 76' lang='grc'><strong>,</strong></span> 
     </span>
    </p>
   </div>
   <div class='ocr_carea' id='block_1_7' title="bbox 301 5061 2160 5820">
    <p class='ocr_par' dir='ltr' id='par_1_7' title="bbox 301 5061 2160 5820">
     <span class='ocr_line' id='line_1_27' title="bbox 349 5061 2160 5203; baseline 0.002 -24"><span class='ocrx_word' id='word_1_310' title='bbox 349 5061 386 5203; x_wconf 80' lang='lat'><strong>†</strong></span> <span class='ocrx_word' id='word_1_311' title='bbox 410 5115 450 5182; x_wconf 91' lang='lat' dir='ltr'>ln</span> <span class='ocrx_word' id='word_1_312' title='bbox 474 5113 619 5180; x_wconf 91' lang='lat' dir='ltr'>nomine</span> <span class='ocrx_word' id='word_1_313' title='bbox 642 5111 777 5179; x_wconf 90' lang='lat' dir='ltr'>domini</span> <span class='ocrx_word' id='word_1_314' title='bbox 801 5109 985 5190; x_wconf 88' lang='lat' dir='ltr'>tricesimo</span> <span class='ocrx_word' id='word_1_315' title='bbox 1010 5109 1165 5179; x_wconf 89' lang='lat' dir='ltr'>secundo</span> <span class='ocrx_word' id='word_1_316' title='bbox 1188 5127 1284 5178; x_wconf 89' lang='lat' dir='ltr'>anno</span> <span class='ocrx_word' id='word_1_317' title='bbox 1308 5108 1533 5196; x_wconf 88' lang='lat' dir='ltr'>principatus</span> <span class='ocrx_word' id='word_1_318' title='bbox 1555 5108 1674 5176; x_wconf 90' lang='lat' dir='ltr'>domni</span> <span class='ocrx_word' id='word_1_319' title='bbox 1693 5111 1905 5200; x_wconf 87' lang='lat' dir='ltr'>Guaimarii‚</span> <span class='ocrx_word' id='word_1_320' title='bbox 1922 5113 2079 5182; x_wconf 87' lang='grc'><strong>61161116</strong></span> <span class='ocrx_word' id='word_1_321' title='bbox 2095 5135 2160 5184; x_wconf 92' lang='lat' dir='ltr'>an-</span> 
     </span>
     <span class='ocr_line' id='line_1_28' title="bbox 301 5261 2152 5358; baseline 0.003 -22"><span class='ocrx_word' id='word_1_322' title='bbox 301 5285 347 5336; x_wconf 91' lang='grc'>16</span> <span class='ocrx_word' id='word_1_323' title='bbox 369 5265 593 5356; x_wconf 89' lang='lat' dir='ltr'>principatus</span> <span class='ocrx_word' id='word_1_324' title='bbox 616 5265 736 5334; x_wconf 92' lang='lat' dir='ltr'>domni</span> <span class='ocrx_word' id='word_1_325' title='bbox 760 5263 957 5354; x_wconf 86' lang='lat' dir='ltr'>guaimarii</span> <span class='ocrx_word' id='word_1_326' title='bbox 980 5261 1058 5332; x_wconf 92' lang='lat' dir='ltr'>eius</span> <span class='ocrx_word' id='word_1_327' title='bbox 1082 5262 1176 5351; x_wconf 88' lang='lat' dir='ltr'>filio,</span> <span class='ocrx_word' id='word_1_328' title='bbox 1199 5262 1346 5352; x_wconf 83' lang='lat' dir='ltr'>gloriosi</span> <span class='ocrx_word' id='word_1_329' title='bbox 1369 5264 1605 5354; x_wconf 86' lang='lat' dir='ltr'>principibus,</span> <span class='ocrx_word' id='word_1_330' title='bbox 1629 5282 1751 5334; x_wconf 86' lang='lat' dir='ltr'>mense</span> <span class='ocrx_word' id='word_1_331' title='bbox 1774 5266 1993 5356; x_wconf 84' lang='lat' dir='ltr'>februarius,</span> <span class='ocrx_word' id='word_1_332' title='bbox 2017 5275 2152 5358; x_wconf 84' lang='lat' dir='ltr'>quarta</span> 
     </span>
     <span class='ocr_line' id='line_1_29' title="bbox 303 5419 2158 5513; baseline 0.001 -22"><span class='ocrx_word' id='word_1_333' title='bbox 303 5423 514 5492; x_wconf 90' lang='lat' dir='ltr'>indictione.</span> <span class='ocrx_word' id='word_1_334' title='bbox 540 5421 831 5490; x_wconf 88' lang='lat' dir='ltr'>Memoratorium</span> <span class='ocrx_word' id='word_1_335' title='bbox 855 5419 952 5489; x_wconf 87' lang='grc'><strong>16611</strong></span> <span class='ocrx_word' id='word_1_336' title='bbox 976 5437 999 5488; x_wconf 86' lang='grc'>6</span> <span class='ocrx_word' id='word_1_337' title='bbox 1021 5437 1077 5486; x_wconf 92' lang='lat' dir='ltr'>me</span> <span class='ocrx_word' id='word_1_338' title='bbox 1100 5419 1195 5489; x_wconf 91' lang='lat' dir='ltr'>maio</span> <span class='ocrx_word' id='word_1_339' title='bbox 1217 5421 1394 5507; x_wconf 87' lang='lat' dir='ltr'>presbiter</span> <span class='ocrx_word' id='word_1_340' title='bbox 1418 5425 1454 5488; x_wconf 91' lang='lat' dir='ltr'>et</span> <span class='ocrx_word' id='word_1_341' title='bbox 1476 5422 1589 5490; x_wconf 87' lang='lat' dir='ltr'>abbas</span> <span class='ocrx_word' id='word_1_342' title='bbox 1612 5421 1760 5490; x_wconf 88' lang='lat' dir='ltr'>ecclesie</span> <span class='ocrx_word' id='word_1_343' title='bbox 1783 5423 1899 5492; x_wconf 90' lang='lat' dir='ltr'>sancti</span> <span class='ocrx_word' id='word_1_344' title='bbox 1923 5423 2088 5513; x_wconf 85' lang='lat' dir='ltr'>maximi,</span> <span class='ocrx_word' id='word_1_345' title='bbox 2107 5427 2158 5494; x_wconf 85' lang='lat' dir='ltr'>Eo</span> 
     </span>
     <span class='ocr_line' id='line_1_30' title="bbox 304 5571 2156 5664; baseline 0 -20"><span class='ocrx_word' id='word_1_346' title='bbox 304 5577 398 5664; x_wconf 92' lang='lat' dir='ltr'>quod</span> <span class='ocrx_word' id='word_1_347' title='bbox 421 5580 505 5646; x_wconf 87' lang='lat' dir='ltr'>anto</span> <span class='ocrx_word' id='word_1_348' title='bbox 528 5575 721 5661; x_wconf 87' lang='lat' dir='ltr'>subscripti</span> <span class='ocrx_word' id='word_1_349' title='bbox 744 5573 879 5641; x_wconf 86' lang='lat' dir='ltr'>idoneis</span> <span class='ocrx_word' id='word_1_350' title='bbox 901 5571 1119 5659; x_wconf 89' lang='lat' dir='ltr'>hominibus,</span> <span class='ocrx_word' id='word_1_351' title='bbox 1132 5587 1210 5640; x_wconf 90' lang='lat' dir='ltr'>una</span> <span class='ocrx_word' id='word_1_352' title='bbox 1226 5589 1365 5641; x_wconf 89' lang='lat' dir='ltr'>mecum</span> <span class='ocrx_word' id='word_1_353' title='bbox 1381 5579 1473 5644; x_wconf 90' lang='grc'><strong>66661</strong></span> <span class='ocrx_word' id='word_1_354' title='bbox 1489 5574 1685 5661; x_wconf 87' lang='lat' dir='ltr'>myrandus</span> <span class='ocrx_word' id='word_1_355' title='bbox 1712 5573 1876 5642; x_wconf 90' lang='lat' dir='ltr'>notarius</span> <span class='ocrx_word' id='word_1_356' title='bbox 1905 5575 2156 5644; x_wconf 89' lang='lat' dir='ltr'>advocatorem</span> 
     </span>
     <span class='ocr_line' id='line_1_31' title="bbox 302 5724 2157 5820; baseline 0 -22"><span class='ocrx_word' id='word_1_357' title='bbox 302 5733 478 5817; x_wconf 88' lang='lat' dir='ltr'>nostrum,</span> <span class='ocrx_word' id='word_1_358' title='bbox 502 5727 720 5799; x_wconf 89' lang='lat' dir='ltr'>tradidimus</span> <span class='ocrx_word' id='word_1_359' title='bbox 743 5725 900 5812; x_wconf 88' lang='lat' dir='ltr'>iaquinti</span> <span class='ocrx_word' id='word_1_360' title='bbox 927 5728 962 5793; x_wconf 91' lang='lat' dir='ltr'>et</span> <span class='ocrx_word' id='word_1_361' title='bbox 985 5724 1080 5811; x_wconf 89' lang='lat' dir='ltr'>petri</span> <span class='ocrx_word' id='word_1_362' title='bbox 1104 5729 1140 5793; x_wconf 92' lang='lat' dir='ltr'>et</span> <span class='ocrx_word' id='word_1_363' title='bbox 1163 5725 1311 5796; x_wconf 85' lang='lat' dir='ltr'>iohanni</span> <span class='ocrx_word' id='word_1_364' title='bbox 1336 5731 1501 5816; x_wconf 78' lang='lat' dir='ltr'>germani</span> <span class='ocrx_word' id='word_1_365' title='bbox 1524 5729 1592 5799; x_wconf 87' lang='lat' dir='ltr'>filii</span> <span class='ocrx_word' id='word_1_366' title='bbox 1615 5730 1793 5816; x_wconf 90' lang='lat' dir='ltr'>quondam</span> <span class='ocrx_word' id='word_1_367' title='bbox 1822 5729 1949 5799; x_wconf 90' lang='lat' dir='ltr'>sellicti</span> <span class='ocrx_word' id='word_1_368' title='bbox 1969 5748 2157 5820; x_wconf 86' lang='lat' dir='ltr'>capuano,</span> 
     </span>
    </p>
   </div>
   <div class='ocr_carea' id='block_1_8' title="bbox 301 5877 2156 5974">
    <p class='ocr_par' dir='ltr' id='par_1_8' title="bbox 301 5877 2156 5974">
     <span class='ocr_line' id='line_1_32' title="bbox 301 5877 2156 5974; baseline 0.002 -22"><span class='ocrx_word' id='word_1_369' title='bbox 301 5885 467 5970; x_wconf 87' lang='lat' dir='ltr'>quisunt</span> <span class='ocrx_word' id='word_1_370' title='bbox 492 5883 674 5952; x_wconf 83' lang='lat' dir='ltr'>abitantes</span> <span class='ocrx_word' id='word_1_371' title='bbox 690 5878 729 5946; x_wconf 92' lang='lat' dir='ltr'>in</span> <span class='ocrx_word' id='word_1_372' title='bbox 746 5879 859 5946; x_wconf 89' lang='lat' dir='ltr'>locum</span> <span class='ocrx_word' id='word_1_373' title='bbox 883 5880 1033 5948; x_wconf 90' lang='lat' dir='ltr'>nuceria</span> <span class='ocrx_word' id='word_1_374' title='bbox 1057 5877 1276 5950; x_wconf 85' lang='lat' dir='ltr'>salernitane</span> <span class='ocrx_word' id='word_1_375' title='bbox 1299 5881 1444 5970; x_wconf 84' lang='lat' dir='ltr'>linibus,</span> <span class='ocrx_word' id='word_1_376' title='bbox 1461 5886 1569 5952; x_wconf 90' lang='lat' dir='ltr'>rebus</span> <span class='ocrx_word' id='word_1_377' title='bbox 1592 5884 1829 5972; x_wconf 89' lang='lat' dir='ltr'>pertinentem</span> <span class='ocrx_word' id='word_1_378' title='bbox 1852 5885 1967 5971; x_wconf 88' lang='lat' dir='ltr'>ipsius</span> <span class='ocrx_word' id='word_1_379' title='bbox 1991 5887 2156 5974; x_wconf 87' lang='lat' dir='ltr'>ecclesie,</span> 
     </span>
    </p>
   </div>
   <div class='ocr_carea' id='block_1_9' title="bbox 0 0 2721 7092">
    <p class='ocr_par' dir='ltr' id='par_1_9' title="bbox 0 0 2721 7092">
     <span class='ocr_line' id='line_1_33' title="bbox 0 0 2721 7092; baseline 0 0"><span class='ocrx_word' id='word_1_380' title='bbox 0 0 2721 7092; x_wconf 95' lang='lat' dir='ltr'> </span> 
     </span>
    </p>
   </div>
  </div>
 </body>
</html>
