5422 7102
611 510 679 582 198
966 559 973 572 ·
1265 508 1437 582 CODEX
1469 508 1733 583 unqusls

566 735 676 805 iudex
701 736 796 826 filius
820 737 998 825 quondam
1021 735 1210 824 grimoaldi
1234 735 1380 824 gentilis
1402 753 1483 804 oum
1506 739 1628 822 petrus
1650 737 1749 803 terra
1779 731 1936 801 bendeca
1967 729 2042 799 filia
2065 729 2243 817 quondam
2276 731 2402 822 aliani,

560 889 750 961 dicendum
773 891 820 980 ei,
845 896 885 960 ut
902 893 975 980 ipse
996 896 1118 979 petrus
1141 891 1235 960 malo
1257 887 1445 957 hordinem
1468 889 1505 956 et
1528 887 1606 956 sine
1629 886 1801 958 rationem
1822 882 1988 954 introiset
2007 883 2046 952 in
2061 886 2167 952 rebus
2185 884 2296 972 ipsius
2313 890 2407 974 petri

560 1045 672 1114 iudici
697 1045 740 1112 de
766 1045 880 1113 locum
904 1046 1065 1133 nuceria,
1090 1046 1126 1112 ct
1150 1042 1212 1110 ubi
1236 1041 1369 1110 dicitur
1392 1039 1591 1109 fluccanum
1614 1042 1650 1108 et
1674 1055 1802 1107 nornen
1833 1038 1964 1110 ibidem
1986 1035 2089 1106 abuit
2110 1037 2341 1128 ermoaldum,
2367 1043 2404 1110 et

560 1200 658 1267 fovee
681 1197 813 1266 ibidem
837 1198 987 1284 fecisset,
1010 1200 1047 1264 et
1069 1193 1228 1263 trudium
1252 1191 1335 1260 inde
1358 1193 1391 1260 oi
1414 1192 1566 1281 tulisset,
1590 1197 1626 1262 et
1649 1195 1755 1262 rebus
1789 1193 1869 1279 ipsa
1904 1189 2015 1278 ipsius
2038 1190 2071 1258 ei
2095 1193 2309 1278 contrasset3
2334 1210 2404 1278 quo

559 1351 700 1439 audito,
725 1353 800 1438 ipse
823 1353 945 1437 petrus
967 1364 1174 1434 responsum
1197 1345 1317 1433 pluras
1340 1343 1422 1414 illut
1445 1347 1551 1414 rebus
1575 1346 1613 1413 in
1630 1346 1705 1431 ipso
1722 1345 1838 1413 locum
1852 1345 1898 1415 ad
1914 1344 2132 1416 ermoaldum
2147 1347 2254 1416 abere
2270 1346 2403 1417 retdidi

548 1502 761 1590 dicendum,
785 1505 838 1570 set
861 1501 999 1569 nescire
1022 1499 1066 1568 de
1088 1498 1194 1585 quale
1217 1499 1322 1566 rebus
1345 1499 1439 1568 unde
1462 1519 1542 1568 cum
1565 1519 1646 1569 eum
1669 1519 1775 1569 cause
1798 1502 1890 1569 abet.
1907 1499 2018 1588 Unda,
2043 1499 2136 1568 sicut
2152 1501 2255 1570 inter
2270 1501 2322 1569 eis
2346 1503 2399 1598 iu·
2446 1471 2448 1476 ¹

556 1655 691 1742 dicavi,
716 1661 752 1723 et
775 1656 937 1740 utrisque
962 1652 1035 1719 illis
1058 1649 1233 1739 guadiare
1257 1651 1335 1739 feci,
1353 1656 1393 1719 ut
1408 1655 1544 1738 pariter
1567 1672 1672 1740 super
1696 1652 1774 1740 ipsa
1797 1652 1921 1722 cadem
1945 1655 2050 1720 rebus
2074 1672 2223 1740 pergere
2239 1673 2322 1748 cum
2344 1654 2400 1724 iu·

561 1809 678 1878 dicem
701 1811 737 1876 et
765 1807 975 1894 notarium,
999 1809 1035 1874 et
1058 1807 1134 1891 ipse
1157 1807 1280 1891 petrus
1304 1803 1411 1873 iudex
1434 1810 1649 1876 monstraret
1671 1807 1786 1876 eidem
1810 1807 1922 1896 ipsius
1956 1808 2034 1894 ipsa
2058 1808 2174 1896 rebus,
2203 1808 2297 1878 unde
2319 1827 2402 1878 cum

561 1984 643 2062 eum
667 1981 772 2032 cause
797 1964 975 2031 abuerunt
998 1965 1033 2030 et
1048 1977 1110 2047 per
1127 1963 1248 2046 partes
1271 1957 1343 2026 iliis
1367 1960 1517 2046 plicaret
1540 1979 1577 2027 se
1600 1979 1679 2028 cum
1695 1962 1770 2028 suis
1786 1961 1999 2048 rationibus,
2017 1965 2053 2029 et
2068 1961 2274 2030 secumdum
2290 1961 2404 2051 legem

558 2115 633 2182 iilis
657 2115 751 2182 inter
775 2132 812 2181 se
835 2112 918 2180 inde
941 2112 1048 2180 finem
1071 2111 1200 2202 facepo.
1225 2110 1324 2178 Unde
1348 2112 1423 2198 ipse
1445 2116 1566 2198 petrus
1589 2113 1706 2198 posuit
1730 2112 1960 2182 mediatorem
1983 2115 2163 2183 balsamus
2187 2118 2239 2192 tio
2259 2133 2336 2205 suo,
2365 2120 2400 2186 et

557 2269 634 2352 ipse
658 2269 780 2352 petrus
804 2265 913 2333 iudex
935 2263 1053 2350 posuit
1076 2253 1307 2330 mediatorem
1324 2263 1478 2332 iohanne
1501 2281 1634 2350 genero
1657 2283 1732 2351 suo,
1758 2265 1830 2332 tilio
1852 2266 2029 2351 quondam
2057 2267 2209 2337 moraldi
2247 2269 2399 2340 notarii.

555 2421 602 2486 Et
625 2435 689 2504 pro
712 2421 814 2503 parte
839 2415 950 2503 ipsius
974 2415 1066 2502 petri
1092 2415 1200 2482 iudici
1224 2396 1265 2482 oc
1289 2414 1444 2482 scribere
1468 2415 1614 2482 fecimus
1638 2421 1672 2483 te
1695 2419 1816 2502 petrus
1838 2416 1990 2486 clericus
2012 2422 2049 2486 at
2072 2419 2235 2488 notarius
2258 2419 2320 2507 qui
2344 2420 2399 2487 in-

558 2571 726 2639 toriuisti.

602 2695 633 2810 †
659 2727 733 2810 Ego
757 2724 819 2811 qui
844 2741 953 2810 supra
976 2705 1096 2808 guido.

1279 2979 1680 2990 --··———-——————-=

1300 3267 1653 3348 DCCCXXX.

1330 3527 1383 3602 A.
1412 3525 1461 3602 D.
1491 3524 1620 3604 1030.

600 3789 698 3855 Haeo
720 3787 890 3854 otrentum
913 3785 1034 3851 eodan
1056 3788 1106 3852 ost
1130 3801 1173 3852 oo
1194 3785 1422 3868 praecedens.

1296 4035 1701 4046 ——-————u

1296 4297 1677 4378 DCCGXXXI.

1334 4563 1387 4636 A.
1416 4559 1466 4635 D.
1496 4555 1624 4640 1030.

596 4807 633 4948 †
657 4859 698 4925 In
721 4856 864 4922 nomine
888 4853 1022 4921 domini
1039 4851 1282 4920 tertiodecimo
1299 4867 1394 4918 anno
1410 4849 1632 4936 principatus
1646 4847 1766 4916 domni
1782 4849 1895 4917 nostri
1912 4847 2092 4935 guaimari
2108 4846 2283 4934 gloriosus
2295 4848 2397 4934 prin-

553 5029 647 5098 cepS,
671 5027 792 5079 mense
815 5007 1010 5092 december,
1025 5003 1304 5103 'quartadecima
1328 5001 1534 5070 indictione.
1560 5001 1847 5067 Memoratorium
1871 5001 2003 5068 iactum
2039 5019 2062 5067 a
2095 4999 2196 5066 nobis
2220 5000 2395 5068 iohannes

551 5163 649 5230 filius
671 5161 764 5248 petri
788 5165 824 5229 et
847 5178 987 5248 gemma
1011 5159 1087 5227 filia
1110 5157 1215 5225 istius
1239 5156 1401 5242 iohanni,
1429 5159 1464 5222 et
1487 5171 1579 5222 uxor
1602 5154 1671 5221 suit
1695 5152 1843 5221 iohanni
1867 5171 2028 5240 pesanu‚
2053 5158 2088 5222 et
2112 5153 2271 5222 stefanus
2303 5151 2401 5220 filius

552 5315 659 5382 istius
682 5333 819 5401 gemme
842 5318 877 5381 et
899 5311 1052 5399 predicti
1077 5309 1227 5378 iohanni
1250 5323 1400 5394 pesanu3
1417 5325 1457 5374 eo
1474 5305 1565 5391 quod
1582 5308 1666 5374 ante
1681 5305 1872 5390 subscripti
1890 5307 2009 5391 testes,
2034 5309 2069 5372 et
2085 5305 2239 5372 vibimus
2253 5303 2298 5374 ad
2315 5303 2397 5392 lege

483 5461 487 5468 '
550 5481 715 5550 romana,
740 5463 897 5530 coniunti
922 5481 1044 5530 sumus
1066 5479 1147 5528 cum
1171 5475 1253 5526 urso
1278 5457 1483 5525 atrianonse
1513 5456 1586 5522 tilio
1610 5454 1786 5541 quondam
1811 5455 1904 5521 iconi
1930 5455 1973 5523 da
1999 5455 2110 5543 gutti,
2134 5457 2280 5542 propter
2303 5457 2397 5543 quod

436 5615 442 5626 '
539 5617 636 5706 ⁴ante
660 5633 699 5681 os
723 5633 837 5685 annos
861 5615 935 5701 ipse
961 5632 1046 5681 ursu
1071 5630 1134 5699 pro
1158 5611 1405 5698 pastenatione
1429 5609 1467 5676 in
1485 5612 1580 5675 sorte
1597 5605 1746 5676 tradidit
1769 5607 1875 5694 petri,
1899 5608 1961 5694 qui
1986 5608 2055 5676 fuit
2078 5605 2193 5675 filium
2208 5625 2395 5695 meumque
2513 5635 2520 5648 ·

548 5767 715 5853 iohanni,
738 5771 774 5836 at
796 5764 923 5834 stefani
948 5762 1022 5830 filio
1045 5761 1191 5830 iohanni
1218 5777 1351 5846 pesanu
1377 5776 1451 5828 una
1474 5757 1575 5845 pecia
1598 5757 1641 5826 de
1664 5764 1762 5826 terra
1785 5777 1866 5826 cum
1888 5757 1995 5828 vinea
2009 5759 2046 5826 in
2061 5759 2177 5827 locum
2194 5759 2307 5830 beteri
2324 5761 2395 5828 ista
