5422 7102
1247 566 1421 641 couhx
1454 561 1722 638 clvhhsls

1318 902 1660 986 DCCCLVII.

1343 1136 1397 1211 A.
1426 1133 1476 1210 D.
1504 1130 1632 1211 1033.
1727 1224 1728 1228 Ν

608 1345 645 1484 †
669 1398 709 1464 ln
732 1398 876 1466 nomine
900 1396 1035 1466 domini
1058 1395 1296 1465 sextodecimo
1319 1412 1414 1464 anno
1430 1393 1654 1481 principatus
1673 1391 1793 1460 domni
1808 1389 1922 1458 nostri
1937 1389 2133 1458 Guaimarii
2149 1386 2296 1476 gloriosi
2314 1388 2415 1475 prin-

564 1544 666 1635 cipie,
690 1549 757 1617 filii
780 1548 959 1636 quondam
981 1547 1102 1615 domni
1126 1545 1323 1634 guaimarii
1347 1545 1532 1634 principis,
1556 1562 1676 1613 mense
1700 1545 1856 1630 octuber,
1872 1540 2029 1612 secunda
2046 1541 2254 1609 indictione.
2279 1541 2410 1610 Memo-

563 1702 741 1771 ratorium
763 1701 897 1770 sactum
920 1720 944 1770 a
966 1718 1023 1768 me
1046 1697 1231 1784 iaquintus
1252 1698 1429 1784 presbiter
1451 1701 1488 1766 61
1509 1694 1736 1786 primicerius
1758 1693 1905 1764 ecclesie
1919 1666 2035 1764 sancti
2059 1694 2225 1782 maximi,
2242 1710 2317 1763 una
2340 1711 2412 1762 me·

563 1873 643 1921 cum
667 1857 758 1921 esset
781 1855 923 1922 amatus
946 1851 1135 1936 advocator
1158 1851 1271 1938 ipsius
1294 1848 1455 1935 ecclesie,
1479 1851 1563 1917 ante
1586 1846 1769 1936 presentia
1791 1845 1912 1913 domni
1936 1845 2063 1914 Allerii
2087 1844 2285 1914 venerabili
2308 1843 2417 1912 cleri·

563 2005 593 2072 ci
618 2007 654 2074 ct
677 2003 800 2073 abbati
823 2007 859 2073 61
881 2022 993 2072 unum
1018 2002 1062 2071 de
1085 1999 1234 2070 dominii
1259 1999 1371 2087 ipsius
1393 1998 1549 2074 ecclesie.
1575 2003 1612 2068 61
1637 2000 1768 2069 ibidem
1791 1999 1933 2068 adesset
1956 1997 2092 2066 idoneis
2115 1996 2332 2084 hominibus,
2349 2015 2415 2084 per

563 2157 752 2225 iussionem
775 2159 811 2224 et
833 2155 1092 2224 absolutionem
1116 2153 1230 2241 ipsius
1253 2152 1372 2221 domni
1396 2153 1518 2221 abbati
1542 2151 1674 2220 tradidi
1690 2150 1835 2220 bassalli
1860 2154 1895 2218 et
1917 2147 2066 2218 iohanni
2085 2149 2252 2246 germani
2274 2145 2344 2215 lilii
2361 2147 2414 2216 ia-

563 2308 693 2395 quinti,
718 2309 897 2378 abitantes
919 2308 962 2376 de
985 2308 1100 2375 locum
1123 2303 1296 2391 nuceria,
1320 2303 1382 2372 ubi
1406 2305 1543 2372 nobara
1566 2301 1722 2388 dicitur,
1746 2300 1793 2369 ad
1820 2299 2022 2370 faciendum
2045 2299 2217 2368 molinum
2251 2297 2292 2366 in
2314 2317 2411 2386 aqua

563 2459 627 2530 illa
650 2459 714 2547 qui
738 2459 874 2528 dicitur
897 2460 944 2529 da
968 2460 1004 2529 la
1027 2419 1152 2546 forma,
1176 2458 1414 2544 pertinentem
1438 2453 1552 2542 ipsius
1574 2453 1721 2522 ecclesie
1742 2451 1805 2539 qui
1829 2451 1986 2520 decurrit
2008 2470 2096 2541 erga
2112 2455 2226 2539 curte,
2251 2465 2340 2520 cum·
2355 2471 2415 2520 ar·

561 2613 675 2680 bustis
698 2611 812 2698 ipsius
834 2611 982 2680 ecclesie
1005 2607 1067 2698 qui
1091 2609 1207 2678 estin
1231 2605 1441 2677 vocabulum
1465 2604 1583 2692 aiella,
1609 2604 1700 2692 quod
1723 2608 1832 2674 hante
1854 2623 1892 2672 os
1914 2621 2026 2674 annos
2049 2604 2124 2691 ipse
2147 2603 2335 2691 iaquintus
2350 2623 2411 2693 ge·

560 2766 656 2833 nitor
681 2763 824 2831 illorum
846 2781 909 2851 per
933 2765 1078 2832 brebem
1101 2779 1182 2830 cum
1205 2759 1371 2849 germani
1394 2759 1450 2826 sui
1475 2761 1755 2845 conprehensum
1784 2759 1898 2826 abunt
1932 2755 2237 2828 adlaborandum
2261 2759 2410 2842 aparte

561 2918 675 3007 ipsius
699 2919 860 3007 ecclesie,
883 2919 947 2989 tali
974 2917 1135 3004 hordine,
1160 2923 1199 2986 ut
1222 2915 1336 2986 licead
1360 2915 1433 2982 illis
1456 2919 1491 2982 61
1513 2913 1590 2980 suis
1612 2887 1775 2980 eredihus
1799 2911 1917 2980 fodere
1940 2913 2127 2981 arcaturia
2150 2911 2247 2981 iusta
2268 2911 2411 2981 rationo

560 3091 623 3159 per
647 3071 727 3159 ipsa
749 3077 850 3140 66116
874 3072 988 3159 ipsius
1010 3071 1170 3160 ecclesie,
1194 3088 1301 3157 quam
1324 3068 1434 3136 etiam
1455 3068 1491 3134 et
1512 3064 1650 3132 sedium
1672 3063 1714 3132 de
1738 3064 1853 3151 ipsum
1876 3061 2049 3131 molinum
2072 3065 2111 3131 in
2135 3065 2214 3151 ipsa
2236 3059 2337 3134 66116
2360 3065 2411 3131 16-

561 3225 659 3311 dere,
683 3227 719 3291 et
743 3223 900 3292 reditum
923 3223 968 3290 de
990 3221 1106 3309 ipsum
1128 3220 1301 3288 molinum
1324 3218 1375 3286 ibi
1399 3216 1577 3304 edificare,
1601 3220 1637 3284 61
1659 3215 1813 3303 cludere,
1836 3220 1873 3286 61
1889 3215 2061 3304 coperire,
2087 3218 2123 3284 61
2137 3216 2234 3284 omni
2259 3215 2410 3286 hordine

561 3379 598 3442 61
621 3375 783 3462 regimen
806 3392 874 3461 que
897 3372 1066 3443 necessad
1090 3373 1205 3458 ipsum
1228 3367 1413 3455 molinum,
1437 3367 1487 3435 ibi
1511 3367 1687 3437 adducere
1709 3371 1745 3436 61
1768 3385 1974 3455 preparare,
1998 3369 2177 3453 quantum
2195 3371 2232 3436 61
2255 3367 2412 3454 qualiter

562 3525 731 3595 necessad
753 3525 798 3596 ad
822 3527 953 3593 bonum
977 3525 1174 3610 molinum,
1197 3527 1234 3590 61
1255 3524 1301 3594 ab
1323 3523 1439 3608 ipsum
1461 3520 1601 3589 albeum
1624 3520 1667 3590 (16
1691 3520 1768 3607 ipsa
1790 3539 1883 3608 aqua
1906 3518 1979 3588 illis
2003 3521 2111 3591 liceat
2133 3520 2252 3590 fodere
2274 3524 2312 3590 61
2334 3521 2409 3590 616-

561 3697 682 3750 samen
708 3683 743 3746 61
765 3677 1042 3765 antepositiones
1063 3681 1099 3745 ct
1121 3674 1246 3763 palata
1269 3675 1399 3764 facere,
1423 3675 1516 3744 sicut
1538 3675 1681 3742 illorum
1703 3674 1831 3743 melius
1854 3677 1977 3761 aptum
2000 3673 2183 3762 paruerit,
2219 3674 2315 3744 iusta
2350 3693 2409 3744 ra·

560 3835 672 3922 ticum
697 3837 733 3902 et
755 3832 878 3903 amodo
901 3836 938 3900 61
961 3850 1072 3918 usque
1095 3831 1164 3900 ista
1186 3830 1360 3900 natibitas
1383 3830 1517 3899 domini
1541 3829 1640 3917 prius
1665 3833 1814 3899 ventura
1839 3828 1955 3915 ipsum
1982 3829 2155 3898 molinum
2178 3828 2410 3915 edificatum,

560 3994 596 4055 61
621 3986 766 4074 lactum,
790 3990 826 4054 et
848 3989 1080 4074 preparatum
1102 3985 1263 4071 aberent,
1287 3981 1487 4050 cumomni
1509 3981 1660 4050 hordine
1690 3985 1727 4049 ct
1748 3983 1911 4071 regimen
1933 4001 2052 4071 suum,
2077 3982 2232 4071 qualiter
2255 3984 2409 4070 perfecte

561 4139 745 4210 nracinare
767 4142 899 4226 posset.
924 4140 969 4207 Et
991 4137 1038 4207 da
1061 4135 1144 4205 inde
1167 4136 1207 4202 in
1229 4139 1337 4205 antea
1359 4154 1383 4204 a
1405 4152 1474 4222 quo
1497 4135 1631 4204 1661616
1654 4135 1763 4204 166111
1786 4135 1917 4204 ibidem
1942 4135 1981 4204 in
1998 4155 2063 4223 psa
2078 4140 2180 4206 curte
2203 4138 2319 4224 ipsum
2334 4155 2407 4204 mo-

561 4293 686 4382 linum,
710 4294 786 4362 sibe
808 4296 893 4362 ante
916 4292 992 4379 ipso
1014 4289 1261 4377 constitutum,
1286 4289 1362 4357 sibe
1385 4271 1423 4357 in
1446 4289 1522 4376 ipso
1545 4279 1792 4377 constitutum,
1804 4293 1892 4358 tunc
1909 4289 1982 4358 illis
2005 4293 2042 4359 61
2058 4290 2133 4358 suis
2148 4289 2315 4360 eredibus
2333 4307 2408 4361 una

560 4466 641 4515 cum
664 4465 747 4536 pars
769 4444 882 4534 ipsius
905 4444 1053 4514 ecclesie
1077 4442 1328 4511 molinatorem
1349 4461 1487 4529 semper
1510 4440 1561 4511 ibi
1585 4442 1791 4512 ordinatum
1812 4444 1956 4530 abeant,
1980 4444 2043 4530 qui
2067 4447 2172 4531 regat
2194 4443 2314 4531 ipsum
2333 4461 2410 4512 mo-

561 4601 690 4689 linum,
712 4597 1006 4670 61166161111661
1029 4594 1211 4666 macinare
1234 4595 1292 4666 die
1314 4599 1504 4684 noctuque,
1528 4596 1621 4666 sicut
1643 4598 1769 4667 melius
1795 4593 1976 4686 potuerit3
2002 4600 2038 4666 et
2059 4599 2237 4684 quantum
2259 4595 2406 4684 prodem

560 4762 596 4825 ot
620 4755 826 4826 molituram
847 4752 972 4822 tollere
994 4751 1175 4839 potuerint
1197 4750 1240 4819 de
1263 4752 1381 4838 ipsum
1403 4749 1600 4838 molinum,
1623 4769 1761 4839 semper
1784 4750 1906 4838 ibique
1921 4769 1984 4838 per
2001 4750 2227 4820 medictatem
2251 4751 2346 4819 inter
2368 4769 2407 4820 se

561 4911 644 4978 illut
665 4909 836 4977 dividere:
861 4925 945 4996 pars
969 4905 1080 4993 ipsius
1102 4903 1247 4973 ecclesie
1270 4902 1410 4972 tolleret
1433 4903 1515 4972 illut
1538 4903 1788 4991 medietatem,
1812 4909 1848 4974 61
1871 4905 1942 4988 illis
1966 4909 2002 4974 61
2024 4906 2099 4974 suis
2122 4904 2312 4973 heredibus
2335 4923 2411 4974 mc-

560 5063 742 5150 dietatem,
767 5059 971 5130 faciendum
994 5049 1063 5148 per*
1080 5061 1201 5146 partes
1223 5057 1315 5145 quod
1338 5056 1516 5126 voluerint
1530 5021 1618 5142 ,ita
1635 5063 1674 5127 61
1695 5058 1794 5125 modo
1817 5059 1903 5128 dent
1920 5019 2063 5127 illorum
2090 5060 2166 5146 ipse
2180 5057 2330 5126 domnus
2346 5060 2408 5128 ab·

560 5219 624 5286 bos
648 5221 722 5286 tres
747 5216 829 5284 auri
853 5213 927 5284 tari
950 5213 1034 5281 boni
1058 5231 1123 5300 pro
1146 5209 1364 5280 adiutorium
1388 5209 1433 5278 ad
1462 5209 1578 5299 ipsum
1602 5211 1774 5278 molinum
1787 5231 1797 5298 ;
1822 5214 1858 5279 et
1881 5213 1927 5280 ab
1950 5210 2025 5298 ipso
2049 5210 2208 5299 predicto
2238 5209 2407 5278 constitu-

558 5379 634 5441 tum
659 5371 697 5438 in
720 5375 827 5442 antea
849 5368 941 5457 quod
965 5369 1098 5436 1661616
1122 5369 1158 5434 61
1179 5367 1423 5453 preparatum,
1449 5369 1489 5434 ut
1512 5365 1682 5452 diximus
1706 5365 1849 5435 abuerit
1869 5363 1987 5452 ipsum
2010 5364 2184 5433 molinum
2206 5384 2289 5434 cum
2311 5365 2403 5433 mole

560 5531 648 5596 bone
671 5531 707 5596 61
729 5527 924 5595 1611616116
947 5528 1036 5592 et...
1060 5521 1209 5591 hordine
1231 5525 1267 5589 61
1283 5521 1444 5606 regimen
1467 5539 1594 5609 suum,
1617 5520 1772 5607 qualitor
1794 5520 1949 5607 perfecte
1964 5519 2151 5589 macinare
2172 5519 2405 5589 (1616611661

560 5683 725 5770 denique,
749 5680 890 5768 quando
914 5677 963 5748 ibi
986 5681 1206 5744 necessat...
1230 5673 1425 5743 1611616116
1453 5678 1488 5743 61
1504 5693 1727 5761 quacumque
1749 5675 1910 5760 regimen
1925 5673 2162 5744 communiter
2186 5694 2270 5763 pars
2292 5671 2404 5760 ipsius

561 5835 711 5904 ecclesie
734 5853 814 5902 cum
839 5832 911 5900 illis
933 5849 990 5900 eos
1015 5831 1065 5899 ibi
1088 5828 1202 5914 daret3
1225 5829 1312 5897 etsi
1338 5825 1525 5896 inundatio
1548 5827 1668 5914 plubie
1684 5825 1805 5915 166111,
1821 5831 1857 5896 61
1875 5830 2033 5897 maxima
2057 5830 2149 5916 labe,
2173 5829 2235 5916 qui
2252 5827 2406 5896 disrum-
