5306 7140
988 529 1399 604 DIPLOMATICUS
2029 529 2074 602 57

267 751 376 822 clesie
399 752 502 822 nobis
524 771 596 824 non
620 755 868 845 adimpleberit
890 761 926 826 et
949 757 1081 846 aliquit
1104 759 1187 830 inde
1208 756 1499 846 contradixerit,
1534 776 1597 846 per
1631 757 1710 845 ipsa
1744 757 1878 846 guadia
1906 733 2121 847 ¹componere

269 904 447 996 obligavit
479 927 515 978 se
543 908 618 996 ipse
646 911 756 979 abbas
779 912 905 998 suique
928 913 1191 980 successoribus
1214 917 1250 982 et
1273 931 1357 1000 pars
1380 911 1491 1000 ipsius
1513 911 1660 982 ecclesie
1684 911 1774 980 mibi
1799 911 1979 982 nominati
2003 912 2119 1002 angili

269 1065 306 1128 et
330 1060 377 1129 ad
400 1061 489 1129 meis
512 1063 703 1132 heredibus
726 1064 858 1152 biginti
882 1066 961 1132 auri
986 1064 1088 1132 solidi
1115 1065 1321 1135 costantini.
1345 1067 1604 1135 Verumtamen
1628 1069 1664 1134 et
1689 1065 1803 1135 licead
1834 1065 1932 1132 omni
1965 1067 2123 1152 tempore

269 1237 354 1302 pars
377 1217 491 1305 ipsius
514 1219 660 1288 ecclesie
684 1219 802 1288 fodere
825 1239 888 1307 per
912 1237 983 1287 uno
1006 1219 1092 1308 loco,
1117 1219 1211 1288 unde
1235 1223 1359 1308 aptum
1382 1222 1557 1310 paruerit,
1582 1242 1644 1310 per
1668 1224 1746 1309 ipsa
1768 1221 1965 1292 traditione
1981 1220 2024 1290 de
2041 1222 2117 1308 ipso

273 1375 462 1441 arbustum
486 1391 549 1460 pro
574 1375 759 1442 arcaturia
782 1372 824 1440 de
848 1373 1020 1440 molinum
1043 1377 1079 1442 et
1102 1393 1198 1460 aqua
1223 1374 1305 1442 inde
1328 1376 1530 1445 ammittere
1554 1377 1599 1446 ad
1623 1378 1739 1464 ipsum
1764 1375 1950 1464 molinum,
1974 1379 2011 1443 et
2033 1373 2119 1444 ada-

271 1545 384 1612 quare
415 1531 537 1595 ortora
571 1546 640 1614 que
678 1528 774 1596 faeta
796 1529 906 1597 suerit
934 1527 979 1596 ad
1004 1527 1080 1614 ipso
1104 1527 1286 1595 olibetum.
1311 1528 1408 1604 Quod
1432 1529 1559 1618 scripsi
1582 1547 1648 1617 ego
1672 1529 1900 1616 supradictus
1923 1503 2120 1615 myrand'us

271 1681 446 1750 notarius.

320 1806 351 1922 †
375 1837 450 1923 Ego
473 1836 535 1922 qui
561 1855 671 1924 supra
695 1837 788 1906 maio
811 1836 987 1922 presbiter
1011 1841 1046 1904 et
1068 1839 1178 1906 abbas

316 1959 348 2076 †
373 1990 448 2076 Ego
471 1994 595 2077 petrus
617 1990 794 2078 presbiter
816 1994 852 2058 et
874 1989 1100 2078 primicerius

317 2113 349 2231 †
375 2144 451 2231 Ego
475 2143 631 2211 friderisi
655 2145 831 2232 presbiter

319 2266 351 2384 †
375 2297 451 2384 Ego
474 2297 634 2367 ademari
659 2298 825 2396 notarius
848 2317 904 2365 me
927 2297 1119 2384 subscripsi

316 2423 347 2538 †
372 2452 447 2538 Ego
470 2449 662 2520 radoaldus
685 2468 740 2516 me
764 2451 968 2536 subscripsi.

1003 2698 1409 2711 ———....—

1063 2983 1341 3063 DCCXLI.

1048 3235 1103 3313 A.
1132 3235 1183 3315 D.
1211 3235 1340 3317 1022.

318 3477 355 3617 †
379 3530 419 3596 In
443 3529 589 3597 nomine
612 3527 746 3596 domini
762 3547 859 3602 anno
872 3531 1052 3600 tricesimo
1076 3535 1204 3618 quarto
1224 3529 1446 3618 principatus
1461 3530 1583 3599 domni
1599 3532 1713 3600 nostri
1730 3533 1926 3621 guaimari,
1944 3539 1980 3602 et
1996 3539 2127 3620 quarto

271 3695 371 3750 'anno
394 3683 620 3772 principatus
642 3683 762 3760 domni
786 3684 966 3773 guaimari
991 3684 1069 3752 eius
1092 3683 1165 3752 filio
1185 3733 1195 3771 ,
1219 3683 1365 3770 gloriosi
1388 3683 1625 3772 principibus,
1650 3703 1770 3754 mense
1794 3690 1969 3781 agustus,
1995 3687 2123 3773 quinta

277 3836 483 3905 indictione.
509 3820 800 3909 memoratorium
824 3838 958 3906 factum
981 3856 1003 3904 a
1027 3838 1129 3904 nobis
1152 3837 1259 3904 bocco
1275 3837 1350 3904 filio
1365 3837 1543 3924 quondam
1568 3839 1718 3908 iohanni
1735 3843 1771 3908 et
1785 3844 1908 3927 petrus
1924 3839 1998 3908 filio
2014 3858 2128 3928 quon-

278 3989 359 4058 dam
383 3984 623 4082 constantini,
648 3993 709 4081 qui
742 4008 863 4058 sumus
886 3990 1082 4076 congnati,
1115 4009 1156 4058 eo
1188 3991 1280 4077 quod
1309 3996 1393 4061 ante
1417 3992 1607 4079 subscripti
1632 3996 1765 4081 testes,
1796 3996 1917 4062 tamen
1940 4012 2007 4082 ego
2037 3995 2126 4064 iam-

279 4141 393 4211 dictus
415 4140 536 4256 &tius
559 4147 637 4216 vice
660 4167 740 4216 mea
763 4149 799 4214 et
822 4145 899 4214 vice
923 4162 1062 4232 gemme
1087 4163 1177 4213 uxor
1201 4163 1281 4214 mea
1304 4144 1381 4214 filia
1404 4145 1602 4233 supradicti
1626 4145 1778 4215 iohanni
1800 4146 2046 4216 coniunsimus
2061 4165 2129 4217 nos

280 4289 500 4392 cuniietrus
524 4301 676 4369 clericus
699 4299 795 4366 filius
819 4297 998 4386 qnondam
1022 4297 1127 4385 petri.
1146 4296 1208 4366 Ille
1232 4302 1351 4367 autem
1375 4299 1524 4367 admisit
1547 4303 1589 4368 et
1613 4299 1710 4370 dedit
1734 4299 1778 4369 de
1800 4305 1898 4371 terra
1916 4319 1981 4370 sua
1997 4303 2128 4372 baciba

284 4406 438 4526 deintus
469 4457 564 4523 hanc
588 4452 847 4523 salernitanam
869 4450 1027 4538 cibitate‚
1051 4450 1097 4522 ad
1121 4453 1241 4519 ortum
1264 4470 1462 4541 mangnum
1487 4452 1531 4522 de
1558 4452 1710 4522 latitudo
1734 4455 1917 4523 semmisse
1940 4471 2066 4543 unum,
2088 4459 2125 4524 et

267 4560 339 4680 dos
364 4610 540 4695 amboque
563 4607 710 4695 congati
734 4605 943 4674 admisimus
966 4608 1002 4672 et
1025 4603 1186 4672 dedimus
1209 4605 1252 4674 de
1276 4609 1376 4676 terra
1399 4609 1524 4677 nostra
1546 4605 1676 4677 baciba
1699 4607 1743 4676 de
1766 4607 2050 4699 intuspredicta
2073 4610 2126 4676 ci·

273 4769 388 4836 bitate
414 4765 537 4851 ibique
560 4737 771 4831 coniuntum
795 4760 838 4828 de
863 4758 1015 4828 latitudo
1037 4757 1213 4826 semmissi
1235 4763 1322 4846 tres,
1345 4758 1391 4828 ad
1415 4761 1508 4828 iusto
1531 4759 1656 4846 pedem
1678 4779 1826 4829 manum
1849 4761 1985 4829 homini
2008 4764 2123 4830 totum

273 4923 343 4990 fuit
366 4921 639 5003 mensuratum3
664 4919 700 4985 et
723 4915 871 4985 lecimus
894 4915 980 4982 duos
1002 4913 1108 5001 pedes
1130 4912 1173 4981 de
1197 4910 1348 4981 latitudo
1373 4914 1408 4978 et
1431 4929 1493 4997 per
1519 4911 1701 4999 longitudo
1724 4911 1767 4980 de
1790 4911 1979 4982 handitum
2003 4931 2124 4984 comu-

138 5072 160 5135 .’
274 5093 319 5142 ne
344 5074 406 5161 qui
429 5077 482 5142 est
505 5091 528 5142 a
550 5090 633 5159 pars
656 5070 817 5157 meridie,
842 5072 877 5138 et
901 5086 1012 5155 usque
1035 5066 1200 5135 strectola
1223 5082 1409 5134 commune
1433 5063 1496 5150 qui
1519 5068 1572 5132 est
1595 5082 1618 5132 a
1642 5063 1805 5150 partibus
1829 5067 2125 5153 septemtrionis,

276 5234 313 5299 in
337 5229 403 5300 tali
429 5230 554 5297 ordine
586 5233 707 5315 partes
729 5225 889 5313 partium
913 5227 992 5311 ipsa
1015 5229 1113 5293 terra
1136 5222 1231 5290 inter
1254 5241 1318 5290 nos
1342 5221 1579 5308 admisimus,
1605 5225 1644 5286 ut
1669 5221 1744 5307 ipse
1766 5226 1889 5308 petrus
1913 5220 2064 5292 clericus
2087 5229 2123 5294 et

274 5404 355 5453 suos
388 5383 509 5452 eredes
544 5383 589 5453 ad
620 5383 735 5450 omnis
758 5399 860 5447 suum
885 5378 1090 5465 aspendium
1116 5377 1300 5457 mitterent
1324 5380 1360 5444 et
1384 5375 1563 5446 fabricare
1586 5376 1626 5443 in
1651 5379 1756 5446 ambo
1779 5376 1847 5463 ipsi
1870 5377 1952 5464 pedi
1975 5377 2019 5446 de
2043 5378 2121 5465 ipsa

279 5543 378 5606 terra
393 5555 457 5624 per
473 5535 624 5606 latitudo
645 5535 819 5622 parietem
843 5549 974 5620 vonum
990 5530 1033 5600 ad
1050 5534 1148 5616 petre
1173 5534 1208 5598 et
1231 5528 1377 5598 calceet
1400 5528 1540 5615 pumice
1556 5545 1700 5616 vonum,
1717 5529 1809 5596 sicut
1832 5529 2017 5618 meruerit,
2041 5549 2123 5600 cum

280 5691 551 5761 tundamentum
575 5705 651 5776 suo,
676 5687 768 5756 sicut
792 5686 977 5774 meruerit,
1001 5686 1044 5754 dc
1069 5685 1218 5754 latitudo
1241 5683 1415 5774 parietem
1439 5685 1554 5772 ipsum
1578 5684 1684 5772 pedes
1707 5684 1776 5753 duo
1799 5688 1836 5753 et
1858 5702 1921 5772 per
1937 5684 2123 5774 longitudo

279 5847 326 5914 da
351 5847 427 5934 ipso
452 5845 618 5916 anditum
642 5861 791 5913 comune
815 5847 850 5911 et
874 5860 985 5928 usque
1010 5839 1088 5927 ipsa
1112 5840 1278 5911 strectola
1301 5857 1451 5910 comune
1474 5841 1535 5925 qui
1559 5847 1640 5928 est,
1665 5840 1756 5909 sicut
1778 5839 1966 5927 diximus,
1994 5859 2017 5908 a
2038 5858 2124 5927 pars

427 6000 497 6056 'scin
521 6017 547 6056 v.
649 6043 655 6054 .
1916 5993 1931 6048 8
