5414 7098
976 588 1427 664 DlPLOMATlCUS
2038 591 2084 664 tl

275 817 402 886 omnia
419 821 666 906 suprascripta
689 819 792 887 nobis
815 834 887 884 non
911 815 1185 902 adimpleberint
1200 821 1236 886 et
1252 817 1380 904 aliquit
1398 816 1480 886 iude
1496 816 1798 904 contradixerint,
1821 836 1883 904 per
1901 815 1979 904 ipsa
1994 815 2131 906 guadia

280 987 492 1058 componere
509 970 682 1060 obligavit
705 989 742 1038 se
766 972 842 1057 ipse
865 969 976 1038 abbas
1000 971 1126 1055 suique
1151 972 1427 1057 successoribus
1440 975 1475 1039 et
1491 989 1575 1056 pars
1591 969 1703 1056 ipsius
1718 969 1879 1058 ecclesie,
1897 970 1998 1039 nobis
2016 971 2132 1039 nomi-

279 1121 357 1191 nati
384 1122 532 1190 iohanni
558 1125 594 1190 et
617 1124 724 1210 petri,
748 1139 856 1207 quam
879 1125 916 1189 et
939 1119 984 1188 ad
1008 1119 1139 1187 nostris
1164 1121 1342 1208 eredibus,
1356 1120 1486 1208 biginti
1500 1119 1580 1188 auri
1604 1119 1706 1188 solidi
1731 1120 1961 1189 constantini.
1979 1123 2132 1189 Verum-

280 1279 405 1344 tamen
431 1276 497 1343 hoc
522 1292 773 1361 memoramus,
797 1278 837 1343 ut
859 1275 1114 1362 palmentatica
1137 1273 1260 1341 deuios
1283 1273 1322 1340 iu
1346 1291 1430 1359 pars
1453 1273 1564 1358 ipsius
1588 1271 1733 1340 ecclesie
1757 1292 1820 1360 per
1844 1292 1998 1362 aunum,
2023 1276 2134 1344 donec

280 1433 387 1500 rebus
412 1431 490 1518 ipsa
517 1431 747 1519 tenuerimus,
772 1431 878 1500 stoue
888 1432 1019 1500 iustum
1041 1434 1119 1518 est3
1144 1435 1180 1500 et
1203 1429 1344 1517 quando
1367 1429 1590 1499 rebocaberit
1614 1431 1764 1518 glandes
1789 1433 1864 1518 ipso
1888 1432 2132 1524 quertietum,

280 1601 347 1651 nos
371 1583 454 1652 illas
477 1583 690 1671 colligamus
711 1635 720 1670 ,
745 1587 780 1652 et
804 1583 1030 1652 medietatem
1054 1583 1176 1669 ibique
1198 1582 1237 1649 in
1261 1601 1345 1670 pars
1369 1583 1481 1669 ipsius
1510 1585 1656 1652 ecclesie
1679 1585 1815 1673 demus,
1839 1587 2038 1672 etreliqua
2061 1607 2136 1655 me-

279 1737 419 1806 dietate
442 1738 572 1806 exinde
595 1739 697 1805 nobis
720 1740 903 1821 abeamus3
928 1739 963 1805 et
986 1736 1090 1822 quale
1114 1741 1270 1822 tempore
1295 1735 1373 1821 ipsa
1396 1740 1496 1803 curte
1520 1757 1601 1804 cum
1624 1739 1779 1806 arbustis
1802 1741 2066 1809 ammiserimus
2092 1743 2132 1808 iu

285 1905 371 1975 pars
395 1889 509 1975 ipsius
533 1888 707 1976 ecclesie,
731 1889 825 1956 bona
847 1887 947 1956 clusa
970 1887 1156 1956 circoitum
1180 1887 1278 1955 illam
1302 1889 1558 1977 ammittamus,
1584 1895 1619 1958 et
1641 1891 1821 1960 retdamus
1848 1893 1887 1958 in
1915 1911 1998 1979 pars
2022 1893 2136 1979 ipsius

280 2042 432 2111 ecclesie
465 2060 530 2110 nos
554 2042 608 2110 vel
633 2043 765 2110 nostris
788 2043 952 2110 aradibus
975 2059 1146 2129 ergeuen,
1180 2061 1248 2127 que
1275 2043 1378 2109 uobis
1400 2041 1486 2110 data
1509 2044 1675 2110 abuerint
1699 2062 1762 2130 pro
1786 2045 2030 2132 recipiendum
2061 2067 2137 2115 sor-

283 2194 380 2263 tione
404 2194 547 2264 illorum
571 2196 614 2264 de
637 2195 712 2284 ipso
736 2197 882 2280 vinum3
907 2213 1014 2282 quam
1038 2199 1074 2262 et
1097 2213 1137 2261 oo
1160 2195 1370 2280 recolimus,
1395 2195 1481 2280 quia
1505 2194 1581 2282 ipsa
1605 2197 1733 2283 rebus,
1758 2198 1821 2284 qui
1844 2201 1897 2266 ost
1921 2201 2081 2270 bacuum
2100 2209 2135 2269 et

280 2348 498 2434 quertietum
523 2349 615 2435 quod
639 2350 740 2415 nobis
764 2348 912 2417 tradidit
935 2367 1008 2416 uua
1031 2367 1111 2414 cum
1135 2331 1506 2414 mirandus'notarius
1529 2347 1718 2416 advocator
1742 2349 1855 2437 ipsius
1887 2353 2049 2440 ecclesie,
2074 2374 2140 2422 va-

286 2503 339 2573 dit
362 2523 474 2590 usque
498 2505 615 2572 media
638 2522 739 2572 serra
763 2507 799 2570 et
824 2508 971 2571 vocatur
996 2499 1045 2568 ibi
1070 2500 1114 2568 ad
1138 2499 1396 2568 muntioellum.
1421 2501 1518 2575 Quod
1542 2503 1666 2588 scripsi
1692 2521 1757 2591 ego
1781 2504 1961 2589 predictus
1990 2527 2138 2594 myreu-

281 2659 351 2726 dus
374 2658 548 2726 notarius.

331 2783 362 2900 †
386 2811 462 2898 Ego
485 2811 546 2897 qui
570 2829 678 2896 supra
703 2809 797 2877 maio
820 2809 994 2894 presbiter
1021 2809 1057 2874 et
1081 2807 1191 2872 abbas

332 2936 363 3052 †
390 2965 464 3051 Ego
487 2970 608 3052 petrus
632 2964 794 3032 notarius
818 2981 875 3032 me
898 2961 1089 3048 subscripsi

333 3090 364 3207 †
389 3119 464 3206 Ego
486 3121 609 3205 petrus
632 3117 805 3204 presbiter
829 3121 864 3185 et
887 3115 1114 3203 primicerius

335 3243 366 3359 †
391 3274 467 3360 Ego
491 3273 618 3338 Amore
642 3269 831 3356 presbiter.

1033 3796 1399 3880 DCCXXXV.

1070 4054 1125 4131 A.
1153 4050 1204 4129 D.
1232 4049 1354 4132 1021.

337 4289 373 4431 †
396 4345 438 4409 lu
454 4340 596 4408 nomine
613 4337 746 4405 domiui
764 4337 945 4405 tricesimo
966 4335 1074 4403 tertio
1097 4353 1192 4404 anuo
1208 4336 1432 4424 principatus
1447 4340 1566 4407 domui
1584 4339 1698 4407 nostri
1715 4340 1927 4425 Guaimarii,
1946 4341 1990 4408 Et
2007 4341 2139 4426 quarto

288 4511 389 4564 auno
404 4491 631 4580 principatus
646 4489 766 4556 domui
781 4488 993 4576 guaimarii,
1017 4490 1095 4556 eius
1119 4487 1200 4574 filii,
1224 4488 1369 4575 gloriosi
1394 4491 1631 4580 principibuS,
1649 4511 1768 4564 mense
1794 4493 1992 4579 december,
2016 4492 2146 4578 quinta

290 4647 501 4716 indictione.
528 4641 816 4712 Memoratorium
840 4643 938 4709 lactu
963 4659 986 4708 a
1009 4659 1065 4708 me
1090 4641 1183 4710 Maio
1205 4643 1379 4728 presbiter
1403 4650 1439 4712 et
1462 4647 1570 4714 abbas
1594 4644 1740 4712 ecclesie
1755 4645 1872 4714 sancti
1897 4645 2063 4731 maximi,
2089 4647 2141 4710 Eo

287 4799 385 4886 quod
410 4803 493 4868 ante
517 4798 697 4884 presentia
720 4794 974 4883 ragemprandi
998 4793 1105 4862 iudici
1130 4793 1262 4862 tradidi
1287 4813 1353 4882 ego
1379 4814 1554 4863 unacum
1578 4771 1762 4864 mirandus
1793 4799 1957 4865 notarius
1992 4795 2146 4864 advoca·

290 4959 403 5020 torem
436 4955 597 5018 nostrum
615 4949 672 5017 *ad
700 4949 904 5016 solmaunns
927 4945 1023 5012 filius
1046 4945 1224 5030 quondam
1249 4944 1398 5013 iohanni
1421 4944 1464 5011 de
1488 4945 1603 5012 locum
1625 4945 1790 5014 auuitum
1814 4946 1857 5014 de
1880 4949 1986 5014 rebus
2011 4947 2142 5016 baciba

291 5104 535 5190 pertinentem
559 5105 672 5190 ipsius
696 5073 855 5189 ecclesie,
879 5120 948 5189 que
972 5101 1055 5168 abet
1077 5100 1170 5166 ulter
1193 5097 1301 5164 flubio
1323 5096 1464 5183 forino,
1496 5115 1564 5182 que
1588 5117 1610 5166 a
1634 5095 1707 5165 iam
1730 5100 1918 5185 preteritos
1941 5119 2054 5169 anuos
2077 5123 2143 5191 per

286 5258 440 5346 scriptio
463 5257 720 5327 combeuientie
743 5257 990 5324 confirmatum
1015 5253 1082 5320 suit
1107 5253 1145 5318 iu
1169 5253 1247 5337 ipsa
1271 5248 1420 5318 ecclesia
1443 5268 1466 5316 a
1489 5267 1574 5335 pars
1598 5249 1878 5337 archiepiscopio
1906 5253 2142 5344 salernitano,

288 5419 330 5482 et
354 5418 476 5500 postea
500 5413 582 5480 iude
605 5411 827 5481 causationes
850 5407 1013 5476 abuimus
1037 5423 1117 5471 cum
1141 5404 1212 5470 riso
1236 5403 1309 5471 filio
1332 5404 1510 5489 quondam
1534 5402 1685 5491 aghiui,
1705 5409 1747 5473 et
1770 5412 2036 5478 sacramentum
2059 5411 2145 5479 iude

294 5567 460 5654 persulsit
484 5565 517 5634 ei
542 5585 626 5652 pars
651 5565 762 5652 ipsius
785 5567 906 5629 nostre
929 5559 1087 5645 ecclesie,
1112 5562 1149 5627 et
1173 5558 1278 5625 rebus
1302 5556 1379 5642 ipsa
1403 5558 1440 5623 iu
1465 5559 1542 5643 ipsa
1559 5559 1706 5628 ecclesia
1724 5581 1786 5646 per
1803 5561 1917 5647 ipsum
1935 5581 2143 5633 sacramen-

292 5727 368 5790 tum
394 5722 539 5789 firmata
563 5724 632 5808 est3
656 5725 693 5788 et
714 5723 768 5788 est
790 5723 865 5788 tota
889 5719 967 5805 ipsa
990 5717 1108 5800 rebuS,
1127 5712 1220 5780 unde
1243 5711 1358 5797 ipsum
1382 5715 1644 5779 sacramentum
1667 5712 1791 5780 datum
1815 5723 1881 5800 est,
1899 5735 1963 5801 per
1987 5736 2026 5785 as
2051 5719 2143 5786 fines

289 5878 330 5942 et
353 5890 558 5944 mensuras:
584 5875 627 5942 de
650 5879 775 5958 suptus
798 5872 977 5954 lineaque
1000 5869 1042 5936 de
1055 5867 1130 5954 ipso
1143 5863 1268 5949 fortae,
1285 5867 1355 5930 eta
1378 5880 1462 5948 pars
1476 5860 1622 5930 meridie
1638 5863 1708 5932 fine
1732 5863 1844 5951 ipsius
1859 5866 2143 5942 ecclesiesaucti
