5414 7098
990 537 1401 612 [llPLOMATlCUS
2033 544 2077 614 sl

270 761 394 828 subter
418 762 465 830 ad
489 763 565 849 ipso
588 763 823 833 constitutum
847 771 883 834 et
906 769 1071 854 surtum,
1095 766 1189 835 sicut
1212 766 1309 834 locus
1333 767 1408 852 ipse
1432 769 1617 853 meruerit,
1642 771 1683 836 ut
1705 767 1896 855 proficiant
1920 769 1956 834 et
1979 785 2051 834 11111
2074 766 2127 834 di-

275 919 455 1002 spereant,
479 921 520 984 ut
543 934 672 986 vonum
697 923 849 1006 pareant
871 923 1009 986 surtum
1033 923 1069 987 et
1091 893 1288 1007 operatum,
1306 923 1341 986 et
1358 921 1482 988 amodo
1505 922 1594 988 11111
1612 925 1721 990 antea
1736 923 1833 988 omni
1850 925 2005 1007 tempore
2023 922 2054 988 si
2070 939 2129 987 vo-

273 1069 409 1138 luerint
433 1071 515 1140 illut
539 1079 661 1144 tencre
684 1079 720 1143 ct
743 1079 921 1161 lavorare,
938 1080 1052 1144 totum
1076 1095 1139 1142 sue
1163 1077 1238 1143 siut
1260 1079 1446 1161 potestatis
1462 1094 1522 1142 eos
1540 1077 1735 1144 tenendum
1759 1080 1795 1143 et
1809 1075 2076 1163 dominandum,
2093 1079 2130 1144 et

273 1224 406 1292 ibidem
431 1227 587 1295 residere
611 1231 648 1295 et
671 1229 826 1316 abitare,
851 1232 888 1296 et
911 1230 1009 1296 sebee
1033 1232 1069 1298 et
1092 1229 1207 1296 omnis
1230 1248 1292 1296 sue
1316 1229 1488 1298 utilitatis
1512 1229 1562 1296 ibi
1587 1230 1721 1298 faciant
1744 1230 1840 1298 iusta
1864 1232 2070 1318 rationem,
2094 1236 2130 1300 11

271 1398 410 1466 semper
433 1380 515 1449 illut
539 1383 675 1450 clusum
698 1387 853 1470 abeant,
877 1385 914 1451 et
937 1385 1014 1471 ipso
1038 1385 1223 1452 arbustum
1248 1384 1453 1456 annualiter
1479 1384 1704 1470 laborarent,
1743 1386 1837 1452 sicut
1868 1387 2064 1473 meruerit,
2089 1391 2130 1454 ut

275 1531 468 1618 proficiant
489 1533 527 1599 et
550 1549 622 1600 non
646 1533 863 1620 dispereant3
877 1537 912 1602 et
927 1553 1008 1601 cum
1032 1535 1209 1602 vindemie
1232 1539 1371 1621 tempus
1386 1535 1506 1621 suerit,
1525 1536 1733 1604 annualiter
1750 1537 1887 1606 saciant
1903 1554 1959 1604 me
1975 1537 2031 1604 vel
2046 1555 2131 1624 pars

276 1685 390 1773 ipsius
405 1685 552 1753 ecclesie
568 1688 674 1774 scire,
691 1691 731 1756 ut
746 1665 946 1774 dirigamus
961 1686 1093 1754 ibidem
1117 1688 1263 1754 missum
1286 1691 1460 1774 nostrum,
1479 1695 1514 1756 et
1537 1689 1598 1755 ille
1622 1693 1658 1756 et
1683 1689 1756 1756 suis
1772 1689 1937 1757 enodibus
1961 1689 2131 1758 annuali-

277 1843 330 1904 ter
354 1837 430 1923 ipso
453 1840 640 1906 arbustum
663 1837 802 1906 salbum
826 1839 989 1925 faciant,
1025 1843 1060 1908 et
1084 1841 1302 1926 temporibus
1325 1841 1401 1908 suis
1426 1842 1719 1929 vindemiarent,
1756 1847 1849 1911 sicut
1872 1845 2070 1932 meruerit,
2094 1848 2131 1912 et

276 1991 390 2058 totum
408 1988 486 2076 ipso
510 1990 634 2058 vinum
657 1989 779 2076 ibique
804 1991 850 2058 ad
874 1990 1094 2078 palmentum
1116 2011 1179 2080 per
1202 1994 1428 2063 medietatem
1451 1995 1630 2065 dividere:
1656 1996 1732 2083 ipso
1756 1998 1903 2064 missum
1926 1997 2030 2065 tollat
2053 1997 2129 2084 ipso

277 2142 399 2210 vinum
435 2144 690 2230 medietatem,
725 2149 761 2212 et
785 2143 905 2214 illeet
927 2163 1008 2214 suos
1030 2145 1153 2216 eredes
1188 2145 1291 2216 tollat
1326 2147 1469 2234 reliqua
1503 2149 1723 2236 medietate,
1760 2153 1795 2217 et
1828 2149 1907 2235 ipsa
1941 2150 2131 2218 medietate

277 2296 395 2384 ipsius
417 2297 565 2368 ecclesie
585 2297 658 2368 illis
682 2298 857 2368 adducere
873 2319 936 2388 per
960 2303 1036 2390 ipso
1059 2302 1174 2370 locum
1197 2302 1343 2370 nucerio
1366 2303 1411 2372 ad
1434 2303 1578 2371 cellario
1602 2303 1714 2390 ipsius
1737 2303 1896 2380 ecclesie,
1914 2305 2006 2391 quod
2030 2305 2132 2373 abuit

277 2472 300 2520 a
324 2452 348 2520 li
371 2456 482 2541 pariti
506 2457 542 2522 et
566 2461 742 2542 reponant
764 2455 847 2525 illut
870 2457 909 2526 in
931 2475 1128 2544 organeum
1153 2457 1266 2545 ipsius
1289 2457 1466 2542 ecclesie,
1502 2459 1595 2543 quod
1618 2459 1652 2525 ei
1677 2458 1955 2546 adsignaberit,
1993 2463 2030 2528 et
2054 2458 2132 2548 ipso

280 2626 475 2695 organeum
510 2626 574 2696 per
609 2607 684 2676 illis
717 2608 781 2678 fiat
813 2627 942 2678 vonum
975 2609 1200 2697 conciatum3
1225 2613 1287 2697 et,
1318 2610 1403 2677 dum
1437 2611 1569 2678 ibidem
1598 2612 1740 2678 steterit
1773 2611 1849 2698 ipso
1883 2613 2031 2679 missum
2065 2630 2131 2698 pro

277 2765 358 2849 ipsa
380 2762 561 2832 vindemia
584 2767 620 2832 et
642 2763 688 2832 ad
711 2762 954 2849 recipiendum
982 2764 1220 2850 terraticum,
1251 2761 1324 2830 illis
1355 2781 1437 2830 eum
1460 2761 1596 2829 nutrire
1630 2762 1824 2828 secundum
1855 2782 1919 2831 sua
1950 2763 2131 2849 possivili-

280 2919 420 3002 tatem,
444 2919 480 2984 et
503 2915 612 2985 deant
635 2916 923 3003 palmentatica,
947 2917 1040 2984 sicut
1063 2917 1264 3002 meruerit;
1299 2918 1425 3000 etque
1449 2915 1573 2982 amodo
1597 2919 1633 2982 et
1656 2918 1794 3000 semper
1823 2915 1952 2984 ibidem
1977 2915 2134 2986 semina-

282 3071 424 3159 berint,
448 3071 557 3139 deant
580 3070 664 3138 inde
688 3068 776 3136 mihi
801 3069 856 3138 vel
880 3069 925 3138 ad
948 3086 1032 3155 pars
1056 3028 1179 3155 ipsius
1195 3068 1343 3137 ecclesie
1370 3068 1577 3137 annualiter
1600 3070 1811 3137 terraticum
1834 3069 2027 3136 secundum
2051 3087 2135 3136 eon·

278 3224 503 3292 suetudinem
526 3225 569 3292 de
593 3224 669 3311 ipso
693 3223 838 3308 locum;
867 3240 971 3310 poma
994 3239 1106 3308 vero,
1137 3222 1169 3290 si
1202 3221 1334 3289 ibidem
1362 3219 1557 3307 abuerint,
1589 3239 1652 3306 per
1675 3225 1860 3307 tempore,
1893 3221 2034 3306 quando
2061 3243 2132 3292 mc-

276 3379 403 3466 ruerit,
428 3379 654 3448 medietatem
677 3377 758 3446 illut
781 3378 883 3446 nobis
907 3378 1007 3464 dare,
1032 3379 1068 3444 11
1093 3375 1232 3461 reliqua
1255 3373 1446 3443 medietate
1469 3373 1543 3440 illis
1567 3373 1635 3440 sivi
1656 3375 1777 3460 abere3
1794 3377 1830 3441 et
1848 3375 1954 3460 quale
1971 3379 2128 3462 tempore

277 3533 339 3600 ille
362 3537 398 3602 et
421 3550 501 3600 suos
524 3532 645 3600 eredes
668 3533 745 3620 ipsa
769 3534 876 3599 rebus
899 3534 1021 3598 tenere
1045 3533 1081 3598 et
1105 3528 1270 3599 laborare
1294 3545 1366 3593 non
1389 3527 1557 3612 boluerit,
1583 3526 1710 3594 inclita
1733 3526 1813 3613 ipsa
1837 3530 1943 3594 rebus
1969 3528 2132 3596 laborata

278 3691 313 3754 et
336 3686 474 3754 cultata
497 3689 533 3752 et
557 3685 656 3754 clusa
678 3683 861 3751 remittate
885 3680 997 3769 ipsius
1020 3677 1196 3766 ecclesie,
1222 3683 1258 3747 et
1283 3677 1397 3749 licead
1420 3645 1481 3748 ille
1505 3685 1540 3748 et
1563 3699 1646 3747 suos
1670 3681 1794 3748 eredes
1817 3679 1899 3747 inde
1923 3679 2025 3752 exire
2049 3698 2131 3746 cum

275 3836 393 3905 redita
418 3841 556 3905 etcum
581 3838 695 3904 omnis
718 3856 785 3912 sua
808 3855 919 3906 causa
942 3834 1104 3921 movilia,
1128 3837 1163 3902 et
1186 3832 1238 3899 ire
1261 3851 1343 3900 cum
1365 3831 1460 3917 illut,
1479 3832 1541 3898 ubi
1563 3831 1757 3917 voluerint,
1773 3829 1851 3896 sine
1874 3829 2133 3900 contrarietate

276 3992 321 4060 dc
343 4011 427 4078 pars
450 3991 563 4080 ipsius
587 3992 746 4061 ecclesie.
765 3992 863 4060 Unde
886 4010 950 4078 pro
973 3989 1096 4059 taliter
1120 3986 1253 4074 gnadia
1278 3985 1380 4052 uobis
1405 3985 1479 4070 ipse
1503 3984 1676 4052 iohannes
1700 3984 1810 4072 dedit,
1835 3987 1871 4052 et
1896 3983 2131 4053 mediatorem

276 4146 380 4214 nobis
404 4147 521 4233 posuit
542 4133 719 4218 'iohannes
742 4147 841 4215 filius
864 4147 974 4215 ciceri
997 4146 1040 4214 de
1064 4145 1177 4212 locum
1202 4159 1330 4229 angre3
1349 4143 1385 4209 11
1408 4159 1472 4226 per
1488 4141 1610 4210 eadem
1627 4144 1760 4230 guadia
1785 4147 1849 4212 etc.
1868 4146 2017 4212 Stotntu
2040 4149 2131 4214 runt-

277 4307 337 4371 ctc
359 4304 493 4392 vtptntc‘
517 4303 711 4372 solidorum
734 4305 820 4371 anni
845 4302 1086 4371 Constantini.
1112 4303 1159 4370 Et
1183 4321 1252 4371 unc
1269 4305 1413 4371 brebem
1436 4299 1564 4388 scripsi
1581 4319 1646 4389 ego
1662 4299 1862 4368 romoaldus
1886 4299 2050 4368 notarius
2066 4303 2129 4387 qui

278 4455 439 4526 interlui.

323 4585 354 4703 †
379 4630 445 4700 ego
468 4573 611 4680 mir'imo

321 4741 352 4857 †
377 4786 443 4856 ego
466 4772 608 4838 amatus

323 4895 353 5011 †
378 4942 443 5010 ego
466 4921 721 4992 machenolfus.
