5370 7104
644 539 689 612 78
1249 543 1362 614 BEllA
1389 542 1443 614 DE
1470 543 1749 620 TEMPORIBUS

641 767 769 853 Questo
797 783 938 846 estratto
965 776 1053 847 della
1081 772 1219 844 cronica
1239 771 1456 864 Origeniana,
1478 767 1541 840 che
1560 772 1729 844 comineia
1747 773 1836 844 colle
1855 775 1982 868 parole:
2004 773 2127 846 Diuisio
2146 787 2269 859 terrac,
2291 787 2323 848 et
2339 781 2444 850 trium

637 934 787 1023 filiorem
811 934 906 1007 Nona
928 945 1005 1033 post
1030 927 1206 1020 dilubium,
1236 960 1254 1006 e
1283 937 1418 1007 linisee:
1445 935 1653 1020 Hennaeus,
1685 940 1741 1030 qni
1766 947 1798 1007 et
1818 937 1942 1030 podes.
1974 939 2114 1030 Tpmder
2140 943 2195 1034 qni
2212 963 2303 1012 nnnc
2320 942 2444 1013 dieder

643 1093 791 1186 Tyberia,
821 1095 948 1187 prende
977 1095 1043 1165 dne
1070 1095 1152 1190 togti
1179 1118 1197 1164 e
1225 1119 1349 1175 mezzo,
1379 1095 1434 1164 dol
1462 1094 1596 1165 decimo
1625 1095 1726 1188 rigo,
1756 1095 1831 1166 oioe
1858 1094 1912 1165 del
1940 1095 2045 1190 foglio
2082 1099 2149 1168 166
2175 1109 2261 1170 reolo
2288 1101 2319 1172 al
2345 1109 2443 1194 quat·

591 1381 997 1393 ——n————·

589 1611 604 1648 n
629 1590 885 1669 perantissimus
909 1591 997 1652 inter
1016 1591 1096 1671 juga
1118 1590 1241 1671 alpium
1265 1591 1391 1668 gremio
1408 1608 1466 1652 suo
1484 1590 1606 1663 fundit,
1620 1591 1756 1653 visendo
1780 1595 1905 1653 fontem
1921 1592 1997 1652 finis
2015 1591 2155 1670 ligulam
2171 1595 2239 1674 (sic)
2253 1593 2437 1675 (ligurum‘li

589 1759 604 1794 n
630 1735 718 1796 unde
736 1755 771 1797 se
789 1737 932 1816 primum
949 1735 1053 1816 padus
1075 1736 1211 1795 attrahit
1226 1736 1260 1816 ¹).
1283 1737 1543 1815 submersusque
1568 1738 1736 1810 cuniculo,
1751 1756 1866 1798 rursus
1890 1738 1923 1798 in
1947 1755 2025 1816 agro
2052 1738 2237 1802 dimonensi
2260 1741 2329 1823 (sic)
2352 1740 2436 1824 (ere-

589 1905 604 1940 n
628 1880 802 1964 monensi‘l)
825 1884 1007 1956 extollitur,
1033 1883 1124 1944 nullo
1147 1883 1293 1944 omnium
1317 1885 1459 1944 inferior
1482 1883 1632 1946 claritate
1657 1902 1674 1943 a
1696 1887 1806 1960 grecis
1835 1883 1945 1944 dictus
1970 1884 2138 1945 eridanus.
2163 1885 2362 1950 Intumeseit
2394 1907 2435 1950 ex

588 2051 602 2084 «
628 2033 702 2089 ortu
726 2028 1006 2090 canistabeiactis
1030 2028 1162 2088 nivibus
1186 2033 1219 2088 et
1242 2027 1449 2106 liquentibus
1472 2027 1588 2088 brume
1611 2027 1755 2107 pruinis.
1781 2027 1950 2104 Actusque
1975 2045 2132 2106 aquarum
2156 2031 2348 2093 accessione
2372 2033 2432 2094 tri-

587 2196 602 2230 «
627 2174 718 2250 ginta
739 2175 875 2234 llumina
898 2175 930 2234 in
955 2175 1150 2234 adriaticum
1174 2174 1283 2234 deleri
1305 2190 1408 2244 mare,
1433 2173 1683 2234 memorabilius
1707 2173 1834 2233 incultu
1853 2179 1887 2233 et
1903 2173 2044 2250 insignis
2070 2195 2131 2254 per
2152 2177 2299 2238 omnium
2321 2178 2436 2256 vulga-

587 2341 602 2377 n
627 2325 695 2380 tum
719 2337 787 2380 ora.
812 2319 903 2392 Quod
925 2336 1091 2398 perpauca
1117 2317 1263 2377 familiae
1287 2323 1374 2376 sunt.
1400 2319 1436 2376 In
1461 2335 1538 2394 agro
1560 2319 1644 2397 palis
1670 2339 1782 2380 eorum
1807 2337 1888 2398 quos
1914 2325 2001 2399 ipsos
2025 2323 2209 2382 vocanl.Hi
2231 2323 2436 2385 sacrificium

586 2484 601 2520 o
627 2481 771 2523 annuum
795 2464 834 2522 ad
857 2463 996 2539 sogratis
1015 2461 1081 2542 (sie)
1096 2461 1271 2541 (soractis'l)
1296 2467 1437 2520 montem
1454 2464 1476 2540 ²)
1493 2462 1627 2540 apollini
1648 2463 1787 2536 faciunt,
1807 2464 1839 2524 id
1855 2471 2032 2546 operantes
2048 2464 2361 2541 gesticulationibus
2380 2486 2434 2529 re-

587 2951 602 2984 «
629 2925 824 2985 fulminibus
850 2925 1062 2995 infestantur,
1085 2923 1230 3004 κεραυνὸς
1254 2923 1341 2982 enim
1369 2922 1494 2981 fulmen
1518 2921 1695 2998 significat,
1721 2929 1754 2982 et
1777 2919 1868 3003 dapar
1890 2923 2124 2981 summitatem.
2153 2944 2167 2978 n
2200 2923 2272 2998 AEg.
2305 2923 2439 2984 Forcel-

587 3069 648 3131 lini
672 3071 785 3130 Totius
808 3071 996 3130 Latinitatis
1020 3070 1175 3131 Lexieon.

626 3221 649 3295 1)
674 3240 688 3274 «
713 3217 838 3289 Padus,
862 3215 1034 3296 Ε’ρίὃανσς,
1061 3216 1220 3274 maximus
1246 3213 1358 3272 italiae
1381 3215 1511 3282 ssnvins,
1536 3214 1591 3290 qui
1616 3214 1721 3274 oritur
1747 3215 1778 3272 in
1804 3213 1925 3272 linibus
1942 3211 2098 3291 Ligurum
2120 3214 2364 3290 Vagiennorum
2369 3259 2434 3276 .....

587 3383 601 3418 n
634 3361 794 3440 Vopienni
819 3369 853 3422 et
881 3362 1049 3439 Vagenni,
1075 3379 1147 3438 pop.
1173 3359 1328 3434 Liguriae
1353 3365 1550 3428 montanae,
1576 3377 1674 3438 prope
1698 3360 1804 3419 lenies
1828 3358 1905 3422 Padi
1930 3360 1962 3418 ss.
1988 3357 2026 3416 ad
2050 3358 2180 3419 radices
2204 3359 2348 3438 Alpium.
2371 3362 2437 3421 llo·

586 3529 601 3564 n
626 3527 699 3568 rum
721 3509 879 3587 primaria
903 3507 982 3567 urbs
1007 3512 1077 3565 erat
1099 3508 1247 3580 Augusta
1269 3505 1514 3579 llagiennorum
1535 3549 1543 3571 ,
1567 3521 1650 3581 quae
1675 3522 1692 3563 a
1716 3504 1829 3564 multis
1854 3503 2002 3564 creditur
2025 3504 2186 3575 Scluazo,
2212 3505 2302 3564 eirca
2323 3511 2432 3568 ortum

586 3675 600 3710 c
627 3653 704 3714 Padi
731 3675 759 3712 n.
784 3653 832 3712 Id.
857 3653 986 3713 Forcel.
1013 3652 1057 3711 ib.

541 3883 543 3888 Ι
624 3799 646 3875 'l
669 3801 758 3878 Depo
782 3799 881 3858 molta
906 3799 1106 3857 inirultuose
1132 3796 1282 3856 ricercbe
1307 3815 1367 3874 per
1390 3803 1518 3856 trovare
1542 3799 1655 3873 aquai
1681 3796 1777 3871 luogo
1800 3804 1932 3874 potesse
1957 3799 2028 3873 oggi
2047 3804 2164 3873 questo
2181 3797 2323 3875 Soqrntis
2345 3817 2437 3860 mon·

587 3951 650 4002 tem
674 3941 941 4022 corrispondere‚
966 3942 996 4003 ci
1020 3959 1115 4002 surse
1141 3940 1173 3999 in
1197 3947 1308 4000 mente
1334 3959 1397 3998 non
1423 3940 1508 4000 forse
1533 3942 1619 4001 losse
1644 3960 1707 4002 uno
1731 3941 1870 4002 de'soliti
1897 3943 1981 4002 nomi
2007 3943 2136 4004 alterati
2163 3959 2223 4022 per
2246 3945 2433 4005 mutazione

587 4091 618 4148 di
643 4107 708 4148 nna
731 4087 849 4148 lettera
873 4105 934 4149 con
957 4087 1039 4148 altra
1063 4087 1163 4145 astina
1187 4104 1205 4144 o
1227 4105 1287 4164 per
1309 4083 1395 4144 mala
1418 4083 1636 4144 collocazione
1671 4084 1703 4143 di
1737 4084 1901 4162 qualcuna
1924 4085 2010 4146 delle
2035 4085 2155 4147 lettere
2190 4087 2253 4150 che
2277 4106 2431 4168 compon-

580 4252 665 4312 gono
690 4233 719 4293 la
742 4233 867 4314 parola.
893 4234 939 4294 Ed
964 4235 996 4293 in
1020 4251 1098 4292 vero
1120 4232 1207 4291 l’una
1229 4249 1246 4290 e
1271 4229 1376 4290 l'altra
1400 4247 1474 4292 cosa
1498 4209 1717 4290 er'avvennta
1740 4230 1826 4290 nella
1849 4231 1961 4310 parola
1982 4232 2145 4313 Scyretis,
2171 4235 2233 4296 che
2256 4235 2378 4294 dovera
2396 4235 2431 4294 in

580 4379 693 4459 quella
715 4399 795 4442 vece
820 4399 913 4440 esser
934 4381 1088 4452 Soractis,
1114 4380 1145 4440 la
1167 4399 1194 4450 c,
1219 4379 1303 4450 cioe,
1329 4383 1451 4439 mutata
1476 4377 1508 4435 in
1531 4395 1550 4456 9
1573 4395 1590 4436 e
1615 4394 1723 4436 messa
1746 4377 1877 4436 innanzi
1896 4376 1959 4438 alla
1982 4397 2000 4436 r
2022 4380 2054 4438 in
2072 4380 2199 4441 cambio
2216 4379 2248 4440 di
2265 4381 2428 4442 scriverla

581 4526 687 4587 avanti
712 4524 801 4584 della
823 4533 846 4585 t.
885 4525 977 4585 Tolta
998 4525 1029 4585 di
1053 4544 1160 4585 mezzo
1184 4524 1215 4584 la
1237 4523 1349 4604 parola
1370 4521 1513 4600 Socratis
1535 4527 1618 4580 tutto
1641 4495 1844 4582 concordas
1869 4521 1996 4601 capello
2019 4522 2068 4584 eol
2093 4533 2201 4587 monte
2227 4545 2266 4586 su
2290 4527 2345 4586 cui
2368 4545 2426 4587 era

580 4668 713 4729 adorato
736 4667 865 4746 Apollo,
891 4675 1018 4728 cantato
1042 4667 1080 4727 da
1104 4668 1216 4728 Orazio
1242 4667 1369 4735 Flacco,
1396 4685 1412 4726 e
1438 4667 1498 4728 cbe
1523 4665 1663 4742 Virgilio
1686 4666 1813 4728 Eneide
1838 4668 1868 4728 Il
1891 4688 1920 4727 v.
1946 4669 2005 4731 785
2028 4670 2158 4731 chiama
2180 4677 2427 4738 santo—sancti

579 4817 682 4872 custos
705 4811 847 4872 Soractis
869 4813 994 4889 Apollo.

623 4957 673 5017 lla
697 4957 746 5019 cio
771 4958 832 5017 che
857 4957 977 5033 meglio
1002 4957 1033 5018 di
1058 4964 1141 5016 tutto
1164 4976 1204 5018 ne
1222 4958 1393 5030 convince,
1420 4957 1482 5019 ebe
1499 4956 1528 5016 al
1554 4961 1661 5017 monte
1678 4958 1807 5018 Soratte
1825 4957 1928 5018 vuolsi
1947 4977 2130 5022 accennare
2148 4963 2180 5021 in
2197 4971 2312 5041 questo
2330 4963 2427 5040 luogo

580 5098 633 5162 del
657 5107 769 5162 nostro
793 5099 924 5170 Codice,
949 5100 977 5160 si
1002 5105 1020 5161 e
1045 5101 1067 5160 il
1091 5119 1186 5181 passo
1211 5100 1242 5160 di
1267 5101 1374 5164 Plinio
1399 5101 1420 5160 l.
1447 5103 1465 5162 7
1487 5120 1557 5181 cap.
1582 5103 1613 5173 2,
1638 5101 1689 5160 dal
1713 5102 1810 5179 quale
1834 5104 1965 5164 sembra
1988 5105 2131 5167 ricavato
2154 5113 2275 5184 quanto
2298 5109 2327 5168 si
2351 5108 2426 5172 dice

580 5251 613 5312 in
639 5250 727 5311 detto
751 5249 869 5311 Codice
893 5269 953 5309 eon
977 5251 1033 5328 piir
1056 5249 1180 5328 parole.
1206 5271 1220 5305 n
1244 5247 1336 5308 Haud
1360 5247 1473 5326 procul
1498 5247 1579 5307 urbe
1602 5248 1727 5318 Roma,
1762 5252 1795 5305 in
1830 5246 2033 5309 Faliscorum
2070 5267 2147 5330 agro
2178 5251 2323 5311 familiae
2348 5258 2428 5313 sunt

581 5419 596 5454 α
621 5415 757 5476 paucae,
783 5413 866 5472 quae
889 5401 1047 5455 vocantur
1068 5393 1190 5471 Hirpi:
1216 5394 1277 5452 hae
1302 5393 1467 5454 sacrificio
1490 5411 1624 5463 annuo,
1659 5390 1745 5469 quod
1769 5393 1806 5450 lit
1827 5391 1866 5451 ad
1890 5399 2033 5452 montem
2056 5394 2226 5457 Soractem
2250 5394 2425 5474 Apollini,

581 5567 596 5603 n
620 5561 721 5620 super
744 5542 927 5602 ambustam
952 5539 1033 5617 ligni
1058 5547 1184 5599 struem
1208 5538 1427 5608 ambulantes,
1453 5557 1515 5597 non
1542 5537 1725 5598 aduruntur
1751 5562 1777 5598 n.
1799 5573 1833 5584 -
1852 5541 1913 5600 Noi
1936 5539 1967 5598 di
1990 5548 2105 5618 questo
2128 5541 2288 5620 Hyrpius,
2313 5541 2345 5602 di
2370 5545 2426 5604 cni

578 5689 670 5770 parla
695 5688 716 5748 il
741 5688 874 5757 Codice,
900 5686 961 5748 che
986 5691 1120 5746 ottenne
1145 5682 1168 5743 il
1192 5682 1326 5744 decreto
1350 5682 1403 5743 del
1428 5683 1571 5752 Senato,
1603 5703 1666 5742 non
1691 5685 1720 5746 ci
1747 5685 1781 5745 lu
1805 5686 1963 5765 possibile
1987 5687 2018 5745 di
2044 5706 2222 5750 conoscere
2247 5687 2339 5748 nulla
2361 5689 2424 5752 che

578 5839 709 5916 potesse
736 5833 882 5894 indicare
908 5833 1013 5893 l'anno
1036 5832 1068 5890 in
1093 5831 1154 5890 che
1178 5829 1277 5899 risse,
1303 5847 1355 5888 ma
1377 5827 1431 5890 del
1455 5848 1548 5890 nome
1572 5829 1603 5889 di
1627 5830 1742 5908 Hirpi,
1767 5831 1828 5892 clre
1853 5830 1961 5892 Plinio
1985 5832 2024 5892 dit
2047 5851 2066 5894 a
2088 5840 2206 5911 queste
2225 5852 2355 5912 paucae
2374 5835 2428 5913 [a-
