<?xml version="1.0" encoding="UTF-8"?>
<!DOCTYPE html PUBLIC "-//W3C//DTD XHTML 1.0 Transitional//EN"
    "http://www.w3.org/TR/xhtml1/DTD/xhtml1-transitional.dtd">
<html xmlns="http://www.w3.org/1999/xhtml" xml:lang="en" lang="en">
 <head>
  <title>
</title>
<meta http-equiv="Content-Type" content="text/html;charset=utf-8" />
  <meta name='ocr-system' content='tesseract 3.04.00' />
  <meta name='ocr-capabilities' content='ocr_page ocr_carea ocr_par ocr_line ocrx_word'/>
</head>
<body>
  <div class='ocr_page' id='page_1' title='image "./codexdiplomatic03aragoog_0194.png"; bbox 0 0 5466 7106; ppageno 0'>
   <div class='ocr_carea' id='block_1_1' title="bbox 0 4818 6 6618">
    <p class='ocr_par' dir='ltr' id='par_1_1' title="bbox 0 4818 6 6618">
     <span class='ocr_line' id='line_1_1' title="bbox 0 4818 6 6618; baseline 0 0"><span class='ocrx_word' id='word_1_1' title='bbox 0 4818 6 6618; x_wconf 95' lang='lat' dir='ltr'> </span> 
     </span>
    </p>
   </div>
   <div class='ocr_carea' id='block_1_2' title="bbox 619 535 1745 614">
    <p class='ocr_par' dir='ltr' id='par_1_2' title="bbox 619 535 1745 614">
     <span class='ocr_line' id='line_1_2' title="bbox 619 535 1745 614; baseline 0.005 -8"><span class='ocrx_word' id='word_1_2' title='bbox 619 535 687 607; x_wconf 86' lang='lat'>150</span> <span class='ocrx_word' id='word_1_3' title='bbox 1259 540 1439 614; x_wconf 83' lang='lat' dir='ltr'><strong>CODEX</strong></span> <span class='ocrx_word' id='word_1_4' title='bbox 1480 539 1745 612; x_wconf 77' lang='lat' dir='ltr'>olvlJNSls</span> 
     </span>
    </p>
   </div>
   <div class='ocr_carea' id='block_1_3' title="bbox 566 761 2418 853">
    <p class='ocr_par' dir='ltr' id='par_1_3' title="bbox 566 761 2418 853">
     <span class='ocr_line' id='line_1_3' title="bbox 566 761 2418 853; baseline 0.006 -27"><span class='ocrx_word' id='word_1_5' title='bbox 566 761 699 830; x_wconf 87' lang='lat' dir='ltr'>ibidem</span> <span class='ocrx_word' id='word_1_6' title='bbox 722 763 805 832; x_wconf 90' lang='lat' dir='ltr'>illut</span> <span class='ocrx_word' id='word_1_7' title='bbox 828 761 1049 853; x_wconf 80' lang='lat' dir='ltr'>plantarent,</span> <span class='ocrx_word' id='word_1_8' title='bbox 1072 769 1109 834; x_wconf 92' lang='lat' dir='ltr'>et</span> <span class='ocrx_word' id='word_1_9' title='bbox 1129 765 1425 852; x_wconf 89' lang='lat' dir='ltr'>propaginarent,</span> <span class='ocrx_word' id='word_1_10' title='bbox 1448 769 1484 834; x_wconf 91' lang='lat' dir='ltr'>et</span> <span class='ocrx_word' id='word_1_11' title='bbox 1505 764 1718 852; x_wconf 90' lang='lat' dir='ltr'>studiarent,</span> <span class='ocrx_word' id='word_1_12' title='bbox 1742 767 1779 833; x_wconf 90' lang='lat' dir='ltr'>et</span> <span class='ocrx_word' id='word_1_13' title='bbox 1800 769 1990 852; x_wconf 82' lang='lat' dir='ltr'>surgerent</span> <span class='ocrx_word' id='word_1_14' title='bbox 2013 763 2105 852; x_wconf 88' lang='lat' dir='ltr'>illut,</span> <span class='ocrx_word' id='word_1_15' title='bbox 2131 765 2227 835; x_wconf 90' lang='lat' dir='ltr'>sicut</span> <span class='ocrx_word' id='word_1_16' title='bbox 2243 769 2418 840; x_wconf 89' lang='lat' dir='ltr'>meruerit</span> 
     </span>
    </p>
   </div>
   <div class='ocr_carea' id='block_1_4' title="bbox 550 917 2454 5927">
    <p class='ocr_par' dir='ltr' id='par_1_4' title="bbox 550 917 2454 5927">
     <span class='ocr_line' id='line_1_4' title="bbox 567 917 2454 1006; baseline 0.005 -25"><span class='ocrx_word' id='word_1_17' title='bbox 567 932 699 986; x_wconf 90' lang='lat' dir='ltr'>vonum</span> <span class='ocrx_word' id='word_1_18' title='bbox 723 935 799 986; x_wconf 89' lang='lat' dir='ltr'>esso</span> <span class='ocrx_word' id='word_1_19' title='bbox 822 918 1009 987; x_wconf 87' lang='lat' dir='ltr'>arbustum</span> <span class='ocrx_word' id='word_1_20' title='bbox 1032 917 1071 985; x_wconf 93' lang='lat' dir='ltr'>in</span> <span class='ocrx_word' id='word_1_21' title='bbox 1095 917 1170 1004; x_wconf 88' lang='lat' dir='ltr'>ipso</span> <span class='ocrx_word' id='word_1_22' title='bbox 1193 917 1330 1004; x_wconf 91' lang='lat' dir='ltr'>locum,</span> <span class='ocrx_word' id='word_1_23' title='bbox 1354 921 1395 986; x_wconf 91' lang='lat' dir='ltr'>ut</span> <span class='ocrx_word' id='word_1_24' title='bbox 1416 936 1480 1004; x_wconf 89' lang='lat' dir='ltr'>per</span> <span class='ocrx_word' id='word_1_25' title='bbox 1503 917 1620 986; x_wconf 88' lang='lat' dir='ltr'>omnis</span> <span class='ocrx_word' id='word_1_26' title='bbox 1642 934 1779 988; x_wconf 89' lang='lat' dir='ltr'>annum</span> <span class='ocrx_word' id='word_1_27' title='bbox 1801 919 1997 1005; x_wconf 83' lang='lat' dir='ltr'>perfectum</span> <span class='ocrx_word' id='word_1_28' title='bbox 2019 921 2147 1006; x_wconf 89' lang='lat' dir='ltr'>pareat</span> <span class='ocrx_word' id='word_1_29' title='bbox 2170 922 2356 1006; x_wconf 89' lang='lat' dir='ltr'>operatum</span> <span class='ocrx_word' id='word_1_30' title='bbox 2379 925 2416 991; x_wconf 89' lang='lat' dir='ltr'>ct</span> <span class='ocrx_word' id='word_1_31' title='bbox 2451 953 2454 964; x_wconf 88' lang='lat'>·</span> 
     </span>
     <span class='ocr_line' id='line_1_5' title="bbox 561 1069 2415 1161; baseline 0.002 -23"><span class='ocrx_word' id='word_1_32' title='bbox 561 1071 735 1142; x_wconf 91' lang='lat' dir='ltr'>cultatum</span> <span class='ocrx_word' id='word_1_33' title='bbox 760 1072 802 1140; x_wconf 89' lang='lat' dir='ltr'>de</span> <span class='ocrx_word' id='word_1_34' title='bbox 826 1090 933 1160; x_wconf 89' lang='lat' dir='ltr'>super</span> <span class='ocrx_word' id='word_1_35' title='bbox 958 1075 996 1140; x_wconf 90' lang='lat' dir='ltr'>et</span> <span class='ocrx_word' id='word_1_36' title='bbox 1018 1071 1061 1140; x_wconf 91' lang='lat' dir='ltr'>de</span> <span class='ocrx_word' id='word_1_37' title='bbox 1083 1072 1209 1139; x_wconf 81' lang='lat' dir='ltr'>subtus</span> <span class='ocrx_word' id='word_1_38' title='bbox 1231 1075 1307 1141; x_wconf 89' lang='lat' dir='ltr'>tota</span> <span class='ocrx_word' id='word_1_39' title='bbox 1330 1073 1409 1161; x_wconf 89' lang='lat' dir='ltr'>ipsa</span> <span class='ocrx_word' id='word_1_40' title='bbox 1431 1069 1625 1159; x_wconf 90' lang='lat' dir='ltr'>tradictio,</span> <span class='ocrx_word' id='word_1_41' title='bbox 1654 1073 1831 1159; x_wconf 90' lang='lat' dir='ltr'>quatenus</span> <span class='ocrx_word' id='word_1_42' title='bbox 1854 1069 2062 1140; x_wconf 83' lang='lat' dir='ltr'>annualiter</span> <span class='ocrx_word' id='word_1_43' title='bbox 2086 1072 2252 1158; x_wconf 88' lang='lat' dir='ltr'>proficiat</span> <span class='ocrx_word' id='word_1_44' title='bbox 2275 1075 2313 1141; x_wconf 94' lang='lat' dir='ltr'>et</span> <span class='ocrx_word' id='word_1_45' title='bbox 2344 1091 2415 1144; x_wconf 93' lang='lat' dir='ltr'>non</span> 
     </span>
     <span class='ocr_line' id='line_1_6' title="bbox 560 1221 2417 1334; baseline 0.003 -44"><span class='ocrx_word' id='word_1_46' title='bbox 560 1225 759 1312; x_wconf 85' lang='lat' dir='ltr'>dispereat,</span> <span class='ocrx_word' id='word_1_47' title='bbox 784 1229 821 1292; x_wconf 90' lang='lat' dir='ltr'>et</span> <span class='ocrx_word' id='word_1_48' title='bbox 843 1225 983 1295; x_wconf 90' lang='lat' dir='ltr'>salbum</span> <span class='ocrx_word' id='word_1_49' title='bbox 1007 1224 1088 1292; x_wconf 93' lang='lat' dir='ltr'>illut</span> <span class='ocrx_word' id='word_1_50' title='bbox 1111 1223 1213 1294; x_wconf 90' lang='lat' dir='ltr'>nobis</span> <span class='ocrx_word' id='word_1_51' title='bbox 1235 1223 1384 1330; x_wconf 86' lang='lat' dir='ltr'>saciant,</span> <span class='ocrx_word' id='word_1_52' title='bbox 1408 1224 1501 1292; x_wconf 90' lang='grc'><strong>61661</strong></span> <span class='ocrx_word' id='word_1_53' title='bbox 1524 1222 1697 1292; x_wconf 91' lang='lat' dir='ltr'>meruerit</span> <span class='ocrx_word' id='word_1_54' title='bbox 1720 1226 1756 1292; x_wconf 93' lang='lat' dir='ltr'>et</span> <span class='ocrx_word' id='word_1_55' title='bbox 1780 1225 1914 1334; x_wconf 80' lang='lat' dir='ltr'>iustum</span> <span class='ocrx_word' id='word_1_56' title='bbox 1936 1221 2059 1292; x_wconf 86' lang='lat' dir='ltr'>suerit.</span> <span class='ocrx_word' id='word_1_57' title='bbox 2076 1223 2121 1292; x_wconf 87' lang='lat' dir='ltr'>Et</span> <span class='ocrx_word' id='word_1_58' title='bbox 2141 1241 2205 1311; x_wconf 90' lang='lat' dir='ltr'>per</span> <span class='ocrx_word' id='word_1_59' title='bbox 2221 1225 2338 1294; x_wconf 86' lang='lat' dir='ltr'>omnis</span> <span class='ocrx_word' id='word_1_60' title='bbox 2352 1243 2417 1297; x_wconf 90' lang='lat' dir='ltr'>an·</span> 
     </span>
     <span class='ocr_line' id='line_1_7' title="bbox 560 1375 2415 1465; baseline 0.001 -19"><span class='ocrx_word' id='word_1_61' title='bbox 560 1397 648 1447; x_wconf 91' lang='lat' dir='ltr'>num</span> <span class='ocrx_word' id='word_1_62' title='bbox 670 1396 734 1465; x_wconf 89' lang='lat' dir='ltr'>per</span> <span class='ocrx_word' id='word_1_63' title='bbox 757 1375 941 1446; x_wconf 89' lang='lat' dir='ltr'>vindemie</span> <span class='ocrx_word' id='word_1_64' title='bbox 965 1395 1028 1464; x_wconf 88' lang='lat' dir='ltr'>per</span> <span class='ocrx_word' id='word_1_65' title='bbox 1052 1379 1134 1447; x_wconf 89' lang='lat' dir='ltr'>abto</span> <span class='ocrx_word' id='word_1_66' title='bbox 1155 1380 1313 1465; x_wconf 89' lang='lat' dir='ltr'>tempore</span> <span class='ocrx_word' id='word_1_67' title='bbox 1336 1375 1472 1446; x_wconf 85' lang='lat' dir='ltr'>saciant</span> <span class='ocrx_word' id='word_1_68' title='bbox 1493 1375 1556 1445; x_wconf 93' lang='lat' dir='ltr'>ille</span> <span class='ocrx_word' id='word_1_69' title='bbox 1578 1380 1613 1444; x_wconf 94' lang='lat' dir='ltr'>et</span> <span class='ocrx_word' id='word_1_70' title='bbox 1636 1377 1711 1444; x_wconf 88' lang='lat' dir='ltr'>suis</span> <span class='ocrx_word' id='word_1_71' title='bbox 1734 1375 1898 1444; x_wconf 90' lang='lat' dir='ltr'>eredibus</span> <span class='ocrx_word' id='word_1_72' title='bbox 1921 1393 1978 1446; x_wconf 91' lang='lat' dir='ltr'>me</span> <span class='ocrx_word' id='word_1_73' title='bbox 2001 1375 2093 1446; x_wconf 89' lang='lat' dir='ltr'>scire</span> <span class='ocrx_word' id='word_1_74' title='bbox 2114 1376 2170 1445; x_wconf 79' lang='lat' dir='ltr'>rel</span> <span class='ocrx_word' id='word_1_75' title='bbox 2194 1394 2415 1448; x_wconf 86' lang='lat' dir='ltr'>successores</span> 
     </span>
     <span class='ocr_line' id='line_1_8' title="bbox 560 1529 2415 1619; baseline 0.001 -22"><span class='ocrx_word' id='word_1_76' title='bbox 560 1547 670 1619; x_wconf 87' lang='lat' dir='ltr'>meos,</span> <span class='ocrx_word' id='word_1_77' title='bbox 688 1533 728 1597; x_wconf 92' lang='lat' dir='ltr'>ut</span> <span class='ocrx_word' id='word_1_78' title='bbox 745 1530 875 1598; x_wconf 89' lang='lat' dir='ltr'>ibidem</span> <span class='ocrx_word' id='word_1_79' title='bbox 898 1529 1100 1618; x_wconf 78' lang='lat' dir='ltr'>dirigamus</span> <span class='ocrx_word' id='word_1_80' title='bbox 1123 1531 1272 1599; x_wconf 89' lang='lat' dir='ltr'>missum</span> <span class='ocrx_word' id='word_1_81' title='bbox 1294 1531 1533 1614; x_wconf 68' lang='lat' dir='ltr'>nostrumdt</span> <span class='ocrx_word' id='word_1_82' title='bbox 1548 1530 1608 1599; x_wconf 91' lang='lat' dir='ltr'>ille</span> <span class='ocrx_word' id='word_1_83' title='bbox 1632 1533 1668 1598; x_wconf 89' lang='grc'>61</span> <span class='ocrx_word' id='word_1_84' title='bbox 1683 1529 1761 1597; x_wconf 91' lang='grc'><strong>6616</strong></span> <span class='ocrx_word' id='word_1_85' title='bbox 1776 1529 1940 1600; x_wconf 86' lang='lat' dir='ltr'>eredibus</span> <span class='ocrx_word' id='word_1_86' title='bbox 1955 1529 2171 1600; x_wconf 89' lang='lat' dir='ltr'>adiubarent</span> <span class='ocrx_word' id='word_1_87' title='bbox 2186 1530 2233 1601; x_wconf 91' lang='lat' dir='ltr'>ad</span> <span class='ocrx_word' id='word_1_88' title='bbox 2247 1531 2415 1600; x_wconf 90' lang='lat' dir='ltr'>concian-</span> 
     </span>
     <span class='ocr_line' id='line_1_9' title="bbox 558 1649 2415 1772; baseline 0.001 -24"><span class='ocrx_word' id='word_1_89' title='bbox 558 1682 644 1748; x_wconf 92' lang='lat' dir='ltr'>dum</span> <span class='ocrx_word' id='word_1_90' title='bbox 668 1698 826 1769; x_wconf 82' lang='lat' dir='ltr'>organea</span> <span class='ocrx_word' id='word_1_91' title='bbox 843 1681 890 1750; x_wconf 88' lang='lat' dir='ltr'>da</span> <span class='ocrx_word' id='word_1_92' title='bbox 906 1681 1045 1770; x_wconf 89' lang='lat' dir='ltr'>vinum,</span> <span class='ocrx_word' id='word_1_93' title='bbox 1062 1682 1155 1769; x_wconf 92' lang='lat' dir='ltr'>quod</span> <span class='ocrx_word' id='word_1_94' title='bbox 1177 1700 1262 1770; x_wconf 90' lang='lat' dir='ltr'>pars</span> <span class='ocrx_word' id='word_1_95' title='bbox 1285 1683 1398 1772; x_wconf 90' lang='lat' dir='ltr'>ipsius</span> <span class='ocrx_word' id='word_1_96' title='bbox 1421 1681 1533 1750; x_wconf 87' lang='lat' dir='ltr'>nostri</span> <span class='ocrx_word' id='word_1_97' title='bbox 1557 1677 1767 1750; x_wconf 91' lang='lat' dir='ltr'>monasterii</span> <span class='ocrx_word' id='word_1_98' title='bbox 1788 1649 1934 1751; x_wconf 80' lang='lat' dir='ltr'>abemus</span> <span class='ocrx_word' id='word_1_99' title='bbox 1950 1680 1996 1749; x_wconf 92' lang='lat' dir='ltr'>ad</span> <span class='ocrx_word' id='word_1_100' title='bbox 2011 1681 2157 1751; x_wconf 89' lang='lat' dir='ltr'>cellario</span> <span class='ocrx_word' id='word_1_101' title='bbox 2173 1685 2305 1771; x_wconf 89' lang='lat' dir='ltr'>nostro,</span> <span class='ocrx_word' id='word_1_102' title='bbox 2321 1681 2415 1770; x_wconf 91' lang='lat' dir='ltr'>quod</span> 
     </span>
     <span class='ocr_line' id='line_1_10' title="bbox 558 1833 2417 1935; baseline 0.001 -31"><span class='ocrx_word' id='word_1_103' title='bbox 558 1835 706 1904; x_wconf 88' lang='lat' dir='ltr'>abemus</span> <span class='ocrx_word' id='word_1_104' title='bbox 722 1834 761 1902; x_wconf 91' lang='lat' dir='ltr'>in</span> <span class='ocrx_word' id='word_1_105' title='bbox 778 1836 854 1923; x_wconf 91' lang='lat' dir='ltr'>ipso</span> <span class='ocrx_word' id='word_1_106' title='bbox 871 1833 988 1902; x_wconf 88' lang='lat' dir='ltr'>locum</span> <span class='ocrx_word' id='word_1_107' title='bbox 1005 1833 1153 1904; x_wconf 85' lang='lat' dir='ltr'>nuceria</span> <span class='ocrx_word' id='word_1_108' title='bbox 1170 1835 1214 1904; x_wconf 88' lang='lat' dir='ltr'>ad</span> <span class='ocrx_word' id='word_1_109' title='bbox 1228 1835 1307 1922; x_wconf 89' lang='lat' dir='ltr'>ipsa</span> <span class='ocrx_word' id='word_1_110' title='bbox 1322 1838 1421 1904; x_wconf 88' lang='lat' dir='ltr'>curte</span> <span class='ocrx_word' id='word_1_111' title='bbox 1437 1837 1573 1906; x_wconf 90' lang='lat' dir='ltr'>maiore</span> <span class='ocrx_word' id='word_1_112' title='bbox 1589 1836 1769 1935; x_wconf 85' lang='lat' dir='ltr'>alastatua</span> <span class='ocrx_word' id='word_1_113' title='bbox 1784 1834 1928 1904; x_wconf 88' lang='lat' dir='ltr'>dicitur.</span> <span class='ocrx_word' id='word_1_114' title='bbox 1945 1836 1991 1904; x_wconf 85' lang='lat' dir='ltr'>Et</span> <span class='ocrx_word' id='word_1_115' title='bbox 2008 1837 2217 1906; x_wconf 89' lang='lat' dir='ltr'>conciarent</span> <span class='ocrx_word' id='word_1_116' title='bbox 2231 1841 2268 1906; x_wconf 90' lang='lat' dir='ltr'>et</span> <span class='ocrx_word' id='word_1_117' title='bbox 2282 1835 2417 1907; x_wconf 85' lang='lat' dir='ltr'>studia·</span> 
     </span>
     <span class='ocr_line' id='line_1_11' title="bbox 557 1987 2417 2079; baseline 0.005 -27"><span class='ocrx_word' id='word_1_118' title='bbox 557 1991 641 2058; x_wconf 91' lang='lat' dir='ltr'>rent</span> <span class='ocrx_word' id='word_1_119' title='bbox 656 2005 799 2077; x_wconf 88' lang='lat' dir='ltr'>vonum,</span> <span class='ocrx_word' id='word_1_120' title='bbox 816 1990 910 2058; x_wconf 90' lang='lat' dir='ltr'>sicut</span> <span class='ocrx_word' id='word_1_121' title='bbox 925 1991 1113 2078; x_wconf 90' lang='lat' dir='ltr'>meruerit,</span> <span class='ocrx_word' id='word_1_122' title='bbox 1129 2006 1324 2077; x_wconf 85' lang='lat' dir='ltr'>organeum</span> <span class='ocrx_word' id='word_1_123' title='bbox 1341 1987 1458 2076; x_wconf 89' lang='lat' dir='ltr'>ipsum</span> <span class='ocrx_word' id='word_1_124' title='bbox 1481 1989 1540 2056; x_wconf 93' lang='lat' dir='ltr'>ubi</span> <span class='ocrx_word' id='word_1_125' title='bbox 1559 1989 1638 2076; x_wconf 87' lang='lat' dir='ltr'>ipsa</span> <span class='ocrx_word' id='word_1_126' title='bbox 1653 1990 1841 2061; x_wconf 87' lang='lat' dir='ltr'>medietate</span> <span class='ocrx_word' id='word_1_127' title='bbox 1857 1989 1900 2058; x_wconf 92' lang='lat' dir='ltr'>de</span> <span class='ocrx_word' id='word_1_128' title='bbox 1916 1987 1993 2078; x_wconf 90' lang='lat' dir='ltr'>ipso</span> <span class='ocrx_word' id='word_1_129' title='bbox 2007 1989 2133 2057; x_wconf 91' lang='lat' dir='ltr'>vinum</span> <span class='ocrx_word' id='word_1_130' title='bbox 2148 1993 2310 2059; x_wconf 88' lang='lat' dir='ltr'>nostrum</span> <span class='ocrx_word' id='word_1_131' title='bbox 2322 1991 2417 2079; x_wconf 85' lang='lat' dir='ltr'>quod</span> 
     </span>
     <span class='ocr_line' id='line_1_12' title="bbox 556 2143 2415 2235; baseline 0.002 -22"><span class='ocrx_word' id='word_1_132' title='bbox 556 2147 604 2213; x_wconf 89' lang='lat' dir='ltr'>ab</span> <span class='ocrx_word' id='word_1_133' title='bbox 628 2143 744 2230; x_wconf 90' lang='lat' dir='ltr'>ipsum</span> <span class='ocrx_word' id='word_1_134' title='bbox 767 2145 814 2214; x_wconf 91' lang='lat' dir='ltr'>ad</span> <span class='ocrx_word' id='word_1_135' title='bbox 838 2144 955 2232; x_wconf 89' lang='lat' dir='ltr'>ipsum</span> <span class='ocrx_word' id='word_1_136' title='bbox 979 2148 1128 2214; x_wconf 88' lang='lat' dir='ltr'>missum</span> <span class='ocrx_word' id='word_1_137' title='bbox 1152 2147 1313 2212; x_wconf 89' lang='lat' dir='ltr'>nostrum</span> <span class='ocrx_word' id='word_1_138' title='bbox 1337 2143 1490 2232; x_wconf 88' lang='lat' dir='ltr'>benerit,</span> <span class='ocrx_word' id='word_1_139' title='bbox 1515 2147 1665 2215; x_wconf 90' lang='lat' dir='ltr'>midtere</span> <span class='ocrx_word' id='word_1_140' title='bbox 1690 2145 1772 2214; x_wconf 91' lang='lat' dir='ltr'>illut</span> <span class='ocrx_word' id='word_1_141' title='bbox 1793 2147 1993 2216; x_wconf 86' lang='lat' dir='ltr'>debuerint.</span> <span class='ocrx_word' id='word_1_142' title='bbox 2030 2147 2076 2214; x_wconf 89' lang='lat' dir='ltr'>Et</span> <span class='ocrx_word' id='word_1_143' title='bbox 2097 2146 2307 2217; x_wconf 90' lang='lat' dir='ltr'>ordinarent</span> <span class='ocrx_word' id='word_1_144' title='bbox 2339 2147 2415 2235; x_wconf 88' lang='lat' dir='ltr'>ipso</span> 
     </span>
     <span class='ocr_line' id='line_1_13' title="bbox 555 2297 2415 2388; baseline 0.001 -22"><span class='ocrx_word' id='word_1_145' title='bbox 555 2300 782 2384; x_wconf 84' lang='lat' dir='ltr'>borganeum</span> <span class='ocrx_word' id='word_1_146' title='bbox 805 2298 844 2365; x_wconf 94' lang='lat' dir='ltr'>in</span> <span class='ocrx_word' id='word_1_147' title='bbox 868 2297 985 2384; x_wconf 89' lang='lat' dir='ltr'>ipsum</span> <span class='ocrx_word' id='word_1_148' title='bbox 1009 2297 1196 2368; x_wconf 89' lang='lat' dir='ltr'>cellarium</span> <span class='ocrx_word' id='word_1_149' title='bbox 1219 2299 1394 2385; x_wconf 92' lang='lat' dir='ltr'>nostrum,</span> <span class='ocrx_word' id='word_1_150' title='bbox 1419 2299 1512 2366; x_wconf 87' lang='lat' dir='ltr'>sicut</span> <span class='ocrx_word' id='word_1_151' title='bbox 1535 2299 1720 2388; x_wconf 90' lang='lat' dir='ltr'>meruerit,</span> <span class='ocrx_word' id='word_1_152' title='bbox 1737 2304 1773 2368; x_wconf 90' lang='lat' dir='ltr'>et</span> <span class='ocrx_word' id='word_1_153' title='bbox 1785 2299 1846 2368; x_wconf 91' lang='lat' dir='ltr'>ille</span> <span class='ocrx_word' id='word_1_154' title='bbox 1870 2305 1906 2369; x_wconf 92' lang='lat' dir='ltr'>et</span> <span class='ocrx_word' id='word_1_155' title='bbox 1927 2300 2003 2368; x_wconf 88' lang='lat' dir='ltr'>suis</span> <span class='ocrx_word' id='word_1_156' title='bbox 2024 2299 2189 2368; x_wconf 89' lang='lat' dir='ltr'>eredibus</span> <span class='ocrx_word' id='word_1_157' title='bbox 2211 2319 2275 2388; x_wconf 91' lang='lat' dir='ltr'>per</span> <span class='ocrx_word' id='word_1_158' title='bbox 2299 2301 2415 2368; x_wconf 89' lang='lat' dir='ltr'>omnis</span> 
     </span>
     <span class='ocr_line' id='line_1_14' title="bbox 555 2437 2418 2548; baseline 0.001 -26"><span class='ocrx_word' id='word_1_159' title='bbox 555 2469 694 2522; x_wconf 88' lang='lat' dir='ltr'>annum</span> <span class='ocrx_word' id='word_1_160' title='bbox 718 2451 800 2520; x_wconf 93' lang='lat' dir='ltr'>illut</span> <span class='ocrx_word' id='word_1_161' title='bbox 823 2451 1089 2521; x_wconf 87' lang='lat' dir='ltr'>vindemiarent</span> <span class='ocrx_word' id='word_1_162' title='bbox 1111 2453 1188 2521; x_wconf 91' lang='lat' dir='ltr'>tota</span> <span class='ocrx_word' id='word_1_163' title='bbox 1211 2451 1418 2537; x_wconf 88' lang='lat' dir='ltr'>supradicta</span> <span class='ocrx_word' id='word_1_164' title='bbox 1442 2451 1621 2521; x_wconf 90' lang='lat' dir='ltr'>tradicti0.</span> <span class='ocrx_word' id='word_1_165' title='bbox 1637 2455 1683 2522; x_wconf 89' lang='lat' dir='ltr'>Et</span> <span class='ocrx_word' id='word_1_166' title='bbox 1697 2471 1839 2540; x_wconf 90' lang='lat' dir='ltr'>pomam</span> <span class='ocrx_word' id='word_1_167' title='bbox 1862 2437 1893 2523; x_wconf 83' lang='lat' dir='ltr'>si</span> <span class='ocrx_word' id='word_1_168' title='bbox 1917 2455 2073 2548; x_wconf 86' lang='lat' dir='ltr'>abuerit,</span> <span class='ocrx_word' id='word_1_169' title='bbox 2092 2453 2156 2522; x_wconf 88' lang='lat' dir='ltr'>illa</span> <span class='ocrx_word' id='word_1_170' title='bbox 2179 2453 2364 2542; x_wconf 83' lang='lat' dir='ltr'>colligant,</span> <span class='ocrx_word' id='word_1_171' title='bbox 2380 2459 2418 2524; x_wconf 92' lang='grc'>61</span> 
     </span>
     <span class='ocr_line' id='line_1_15' title="bbox 555 2602 2417 2696; baseline 0.002 -22"><span class='ocrx_word' id='word_1_172' title='bbox 555 2623 621 2692; x_wconf 92' lang='grc' dir='ltr'>ρ6ι</span> <span class='ocrx_word' id='word_1_173' title='bbox 637 2604 753 2674; x_wconf 89' lang='lat' dir='ltr'>omnis</span> <span class='ocrx_word' id='word_1_174' title='bbox 769 2622 907 2673; x_wconf 92' lang='lat' dir='ltr'>annum</span> <span class='ocrx_word' id='word_1_175' title='bbox 930 2606 972 2672; x_wconf 92' lang='lat' dir='ltr'>de</span> <span class='ocrx_word' id='word_1_176' title='bbox 996 2603 1111 2670; x_wconf 91' lang='lat' dir='ltr'>omnis</span> <span class='ocrx_word' id='word_1_177' title='bbox 1134 2602 1255 2671; x_wconf 89' lang='lat' dir='ltr'>vinum</span> <span class='ocrx_word' id='word_1_178' title='bbox 1280 2607 1316 2672; x_wconf 91' lang='lat' dir='ltr'>et</span> <span class='ocrx_word' id='word_1_179' title='bbox 1338 2621 1480 2692; x_wconf 88' lang='lat' dir='ltr'>pomam</span> <span class='ocrx_word' id='word_1_180' title='bbox 1503 2604 1634 2674; x_wconf 82' lang='lat' dir='ltr'>exinde</span> <span class='ocrx_word' id='word_1_181' title='bbox 1657 2605 1865 2675; x_wconf 91' lang='lat' dir='ltr'>annualiter</span> <span class='ocrx_word' id='word_1_182' title='bbox 1888 2605 2016 2677; x_wconf 91' lang='lat' dir='ltr'>inclita</span> <span class='ocrx_word' id='word_1_183' title='bbox 2039 2608 2229 2678; x_wconf 88' lang='lat' dir='ltr'>medietate</span> <span class='ocrx_word' id='word_1_184' title='bbox 2255 2626 2319 2696; x_wconf 90' lang='lat' dir='ltr'>per</span> <span class='ocrx_word' id='word_1_185' title='bbox 2342 2627 2417 2677; x_wconf 90' lang='lat' dir='ltr'>om·</span> 
     </span>
     <span class='ocr_line' id='line_1_16' title="bbox 553 2757 2418 2848; baseline 0.004 -22"><span class='ocrx_word' id='word_1_186' title='bbox 553 2758 612 2826; x_wconf 90' lang='lat' dir='ltr'>nis</span> <span class='ocrx_word' id='word_1_187' title='bbox 636 2775 771 2828; x_wconf 90' lang='lat' dir='ltr'>annum</span> <span class='ocrx_word' id='word_1_188' title='bbox 796 2758 880 2827; x_wconf 90' lang='lat' dir='ltr'>inde</span> <span class='ocrx_word' id='word_1_189' title='bbox 895 2760 1004 2829; x_wconf 90' lang='lat' dir='ltr'>deant</span> <span class='ocrx_word' id='word_1_190' title='bbox 1020 2759 1064 2828; x_wconf 91' lang='lat' dir='ltr'>ad</span> <span class='ocrx_word' id='word_1_191' title='bbox 1081 2757 1197 2846; x_wconf 89' lang='lat' dir='ltr'>ipsum</span> <span class='ocrx_word' id='word_1_192' title='bbox 1212 2757 1359 2828; x_wconf 90' lang='lat' dir='ltr'>missum</span> <span class='ocrx_word' id='word_1_193' title='bbox 1381 2764 1556 2848; x_wconf 84' lang='lat' dir='ltr'>nostrum,</span> <span class='ocrx_word' id='word_1_194' title='bbox 1574 2765 1609 2828; x_wconf 91' lang='lat' dir='ltr'>et</span> <span class='ocrx_word' id='word_1_195' title='bbox 1626 2759 1767 2847; x_wconf 87' lang='lat' dir='ltr'>reliqua</span> <span class='ocrx_word' id='word_1_196' title='bbox 1782 2761 1973 2831; x_wconf 89' lang='lat' dir='ltr'>medietate</span> <span class='ocrx_word' id='word_1_197' title='bbox 1991 2761 2074 2831; x_wconf 91' lang='lat' dir='ltr'>inde</span> <span class='ocrx_word' id='word_1_198' title='bbox 2090 2761 2162 2831; x_wconf 90' lang='lat' dir='ltr'>illis</span> <span class='ocrx_word' id='word_1_199' title='bbox 2185 2762 2253 2831; x_wconf 88' lang='lat' dir='ltr'>sibi</span> <span class='ocrx_word' id='word_1_200' title='bbox 2269 2766 2418 2834; x_wconf 88' lang='lat' dir='ltr'>abeant.</span> 
     </span>
     <span class='ocr_line' id='line_1_17' title="bbox 554 2912 2413 3004; baseline 0.005 -26"><span class='ocrx_word' id='word_1_201' title='bbox 554 2913 602 2979; x_wconf 86' lang='lat' dir='ltr'>Et</span> <span class='ocrx_word' id='word_1_202' title='bbox 619 2913 699 2998; x_wconf 88' lang='lat' dir='ltr'>ipsa</span> <span class='ocrx_word' id='word_1_203' title='bbox 722 2912 913 2982; x_wconf 89' lang='lat' dir='ltr'>medietate</span> <span class='ocrx_word' id='word_1_204' title='bbox 936 2913 979 2981; x_wconf 93' lang='lat' dir='ltr'>de</span> <span class='ocrx_word' id='word_1_205' title='bbox 1002 2913 1078 3000; x_wconf 89' lang='lat' dir='ltr'>ipso</span> <span class='ocrx_word' id='word_1_206' title='bbox 1102 2913 1228 2981; x_wconf 84' lang='lat' dir='ltr'>vinum</span> <span class='ocrx_word' id='word_1_207' title='bbox 1251 2915 1402 3002; x_wconf 88' lang='lat' dir='ltr'>predicti</span> <span class='ocrx_word' id='word_1_208' title='bbox 1425 2915 1538 2983; x_wconf 92' lang='lat' dir='ltr'>nostri</span> <span class='ocrx_word' id='word_1_209' title='bbox 1562 2915 1784 3004; x_wconf 90' lang='lat' dir='ltr'>monasterii,</span> <span class='ocrx_word' id='word_1_210' title='bbox 1800 2934 1869 3001; x_wconf 92' lang='lat' dir='ltr'>que</span> <span class='ocrx_word' id='word_1_211' title='bbox 1892 2915 1938 2983; x_wconf 88' lang='lat' dir='ltr'>ab</span> <span class='ocrx_word' id='word_1_212' title='bbox 1961 2913 2034 2984; x_wconf 89' lang='lat' dir='ltr'>illis</span> <span class='ocrx_word' id='word_1_213' title='bbox 2057 2915 2103 2986; x_wconf 92' lang='lat' dir='ltr'>ad</span> <span class='ocrx_word' id='word_1_214' title='bbox 2127 2915 2244 3004; x_wconf 90' lang='lat' dir='ltr'>ipsum</span> <span class='ocrx_word' id='word_1_215' title='bbox 2267 2918 2413 2988; x_wconf 88' lang='lat' dir='ltr'>missum</span> 
     </span>
     <span class='ocr_line' id='line_1_18' title="bbox 552 3067 2409 3157; baseline 0.005 -25"><span class='ocrx_word' id='word_1_216' title='bbox 552 3069 714 3134; x_wconf 90' lang='lat' dir='ltr'>nostrum</span> <span class='ocrx_word' id='word_1_217' title='bbox 739 3068 891 3152; x_wconf 89' lang='lat' dir='ltr'>benerit,</span> <span class='ocrx_word' id='word_1_218' title='bbox 916 3085 979 3153; x_wconf 92' lang='lat' dir='ltr'>per</span> <span class='ocrx_word' id='word_1_219' title='bbox 1004 3067 1121 3134; x_wconf 88' lang='lat' dir='ltr'>omnis</span> <span class='ocrx_word' id='word_1_220' title='bbox 1144 3085 1282 3136; x_wconf 89' lang='lat' dir='ltr'>annum</span> <span class='ocrx_word' id='word_1_221' title='bbox 1306 3087 1387 3135; x_wconf 92' lang='lat' dir='ltr'>cum</span> <span class='ocrx_word' id='word_1_222' title='bbox 1411 3085 1474 3135; x_wconf 87' lang='lat' dir='ltr'>suo</span> <span class='ocrx_word' id='word_1_223' title='bbox 1497 3068 1673 3156; x_wconf 84' lang='lat' dir='ltr'>expendio</span> <span class='ocrx_word' id='word_1_224' title='bbox 1696 3068 1779 3136; x_wconf 92' lang='lat' dir='ltr'>illut</span> <span class='ocrx_word' id='word_1_225' title='bbox 1801 3071 1988 3156; x_wconf 90' lang='lat' dir='ltr'>portarent</span> <span class='ocrx_word' id='word_1_226' title='bbox 2011 3069 2057 3139; x_wconf 92' lang='lat' dir='ltr'>ad</span> <span class='ocrx_word' id='word_1_227' title='bbox 2082 3069 2198 3157; x_wconf 91' lang='lat' dir='ltr'>ipsum</span> <span class='ocrx_word' id='word_1_228' title='bbox 2221 3068 2409 3142; x_wconf 87' lang='lat' dir='ltr'>cellarium</span> 
     </span>
     <span class='ocr_line' id='line_1_19' title="bbox 555 3221 2412 3314; baseline 0.003 -22"><span class='ocrx_word' id='word_1_229' title='bbox 555 3225 670 3311; x_wconf 86' lang='lat' dir='ltr'>ipsius</span> <span class='ocrx_word' id='word_1_230' title='bbox 692 3225 805 3292; x_wconf 89' lang='lat' dir='ltr'>nostri</span> <span class='ocrx_word' id='word_1_231' title='bbox 829 3221 1038 3293; x_wconf 90' lang='lat' dir='ltr'>monasterii</span> <span class='ocrx_word' id='word_1_232' title='bbox 1064 3227 1099 3293; x_wconf 92' lang='lat' dir='ltr'>et</span> <span class='ocrx_word' id='word_1_233' title='bbox 1121 3223 1278 3294; x_wconf 86' lang='lat' dir='ltr'>midtant</span> <span class='ocrx_word' id='word_1_234' title='bbox 1300 3223 1382 3292; x_wconf 90' lang='lat' dir='ltr'>illut</span> <span class='ocrx_word' id='word_1_235' title='bbox 1405 3223 1444 3290; x_wconf 92' lang='lat' dir='ltr'>in</span> <span class='ocrx_word' id='word_1_236' title='bbox 1470 3222 1545 3310; x_wconf 92' lang='lat' dir='ltr'>ipso</span> <span class='ocrx_word' id='word_1_237' title='bbox 1562 3225 1797 3310; x_wconf 83' lang='lat' dir='ltr'>horganeum,</span> <span class='ocrx_word' id='word_1_238' title='bbox 1814 3224 1907 3311; x_wconf 90' lang='lat' dir='ltr'>quod</span> <span class='ocrx_word' id='word_1_239' title='bbox 1923 3224 2007 3292; x_wconf 91' lang='lat' dir='ltr'>illut</span> <span class='ocrx_word' id='word_1_240' title='bbox 2023 3224 2281 3314; x_wconf 89' lang='lat' dir='ltr'>conciaberint,</span> <span class='ocrx_word' id='word_1_241' title='bbox 2298 3227 2344 3298; x_wconf 90' lang='lat' dir='ltr'>ad</span> <span class='ocrx_word' id='word_1_242' title='bbox 2360 3228 2412 3298; x_wconf 82' lang='lat' dir='ltr'>la·</span> 
     </span>
     <span class='ocr_line' id='line_1_20' title="bbox 555 3351 2409 3466; baseline 0.003 -22"><span class='ocrx_word' id='word_1_243' title='bbox 555 3377 724 3447; x_wconf 90' lang='lat' dir='ltr'>ciendum</span> <span class='ocrx_word' id='word_1_244' title='bbox 758 3377 889 3446; x_wconf 86' lang='lat' dir='ltr'>exinde</span> <span class='ocrx_word' id='word_1_245' title='bbox 929 3396 1013 3466; x_wconf 89' lang='lat' dir='ltr'>pars</span> <span class='ocrx_word' id='word_1_246' title='bbox 1037 3375 1188 3465; x_wconf 85' lang='lat' dir='ltr'>predicti</span> <span class='ocrx_word' id='word_1_247' title='bbox 1212 3376 1325 3444; x_wconf 88' lang='lat' dir='ltr'>nostri</span> <span class='ocrx_word' id='word_1_248' title='bbox 1349 3377 1557 3444; x_wconf 88' lang='lat' dir='ltr'>monasterii</span> <span class='ocrx_word' id='word_1_249' title='bbox 1581 3377 1674 3464; x_wconf 92' lang='lat' dir='ltr'>quod</span> <span class='ocrx_word' id='word_1_250' title='bbox 1698 3375 1927 3445; x_wconf 87' lang='lat' dir='ltr'>voluerimus.</span> <span class='ocrx_word' id='word_1_251' title='bbox 1952 3379 1997 3448; x_wconf 87' lang='lat' dir='ltr'>Et</span> <span class='ocrx_word' id='word_1_252' title='bbox 2019 3351 2064 3448; x_wconf 83' lang='lat' dir='ltr'>de</span> <span class='ocrx_word' id='word_1_253' title='bbox 2085 3381 2179 3466; x_wconf 92' lang='lat' dir='ltr'>quod</span> <span class='ocrx_word' id='word_1_254' title='bbox 2200 3381 2409 3451; x_wconf 90' lang='lat' dir='ltr'>annualiter</span> 
     </span>
     <span class='ocr_line' id='line_1_21' title="bbox 562 3526 2409 3623; baseline 0.005 -28"><span class='ocrx_word' id='word_1_255' title='bbox 562 3528 689 3596; x_wconf 91' lang='lat' dir='ltr'>amodo</span> <span class='ocrx_word' id='word_1_256' title='bbox 712 3534 748 3597; x_wconf 93' lang='lat' dir='ltr'>et</span> <span class='ocrx_word' id='word_1_257' title='bbox 771 3547 909 3617; x_wconf 90' lang='lat' dir='ltr'>semper</span> <span class='ocrx_word' id='word_1_258' title='bbox 932 3529 970 3596; x_wconf 91' lang='lat' dir='ltr'>in</span> <span class='ocrx_word' id='word_1_259' title='bbox 994 3528 1155 3618; x_wconf 90' lang='lat' dir='ltr'>predicta</span> <span class='ocrx_word' id='word_1_260' title='bbox 1177 3526 1391 3598; x_wconf 88' lang='lat' dir='ltr'>tradictione</span> <span class='ocrx_word' id='word_1_261' title='bbox 1415 3527 1497 3596; x_wconf 91' lang='lat' dir='ltr'>illut</span> <span class='ocrx_word' id='word_1_262' title='bbox 1518 3529 1789 3616; x_wconf 90' lang='lat' dir='ltr'>seminaberint‚</span> <span class='ocrx_word' id='word_1_263' title='bbox 1814 3530 1923 3599; x_wconf 89' lang='lat' dir='ltr'>deant</span> <span class='ocrx_word' id='word_1_264' title='bbox 1946 3531 2030 3602; x_wconf 89' lang='lat' dir='ltr'>inde</span> <span class='ocrx_word' id='word_1_265' title='bbox 2052 3531 2262 3603; x_wconf 84' lang='lat' dir='ltr'>terraticum</span> <span class='ocrx_word' id='word_1_266' title='bbox 2286 3535 2332 3604; x_wconf 92' lang='lat' dir='ltr'>ad</span> <span class='ocrx_word' id='word_1_267' title='bbox 2355 3535 2409 3623; x_wconf 91' lang='lat' dir='ltr'>ip·</span> 
     </span>
     <span class='ocr_line' id='line_1_22' title="bbox 556 3667 2410 3772; baseline 0.006 -24"><span class='ocrx_word' id='word_1_268' title='bbox 556 3699 636 3748; x_wconf 88' lang='lat' dir='ltr'>sum</span> <span class='ocrx_word' id='word_1_269' title='bbox 673 3681 824 3749; x_wconf 89' lang='lat' dir='ltr'>missum</span> <span class='ocrx_word' id='word_1_270' title='bbox 859 3667 1021 3750; x_wconf 83' lang='lat' dir='ltr'>nostrum</span> <span class='ocrx_word' id='word_1_271' title='bbox 1056 3680 1176 3768; x_wconf 85' lang='lat' dir='ltr'>ibique</span> <span class='ocrx_word' id='word_1_272' title='bbox 1212 3685 1251 3751; x_wconf 92' lang='lat' dir='ltr'>in</span> <span class='ocrx_word' id='word_1_273' title='bbox 1278 3682 1356 3767; x_wconf 90' lang='lat' dir='ltr'>ipsa</span> <span class='ocrx_word' id='word_1_274' title='bbox 1378 3683 1485 3750; x_wconf 89' lang='lat' dir='ltr'>rebus</span> <span class='ocrx_word' id='word_1_275' title='bbox 1508 3680 1702 3750; x_wconf 90' lang='lat' dir='ltr'>secundum</span> <span class='ocrx_word' id='word_1_276' title='bbox 1725 3682 2017 3752; x_wconf 88' lang='lat' dir='ltr'>consuetudinem</span> <span class='ocrx_word' id='word_1_277' title='bbox 2039 3685 2083 3754; x_wconf 90' lang='lat' dir='ltr'>dc</span> <span class='ocrx_word' id='word_1_278' title='bbox 2105 3687 2183 3772; x_wconf 90' lang='lat' dir='ltr'>ipso</span> <span class='ocrx_word' id='word_1_279' title='bbox 2204 3686 2333 3758; x_wconf 92' lang='lat' dir='ltr'>locum.</span> <span class='ocrx_word' id='word_1_280' title='bbox 2364 3693 2410 3760; x_wconf 84' lang='lat' dir='ltr'>Et</span> 
     </span>
     <span class='ocr_line' id='line_1_23' title="bbox 560 3831 2410 3922; baseline 0.004 -20"><span class='ocrx_word' id='word_1_281' title='bbox 560 3851 672 3922; x_wconf 87' lang='lat' dir='ltr'>usque</span> <span class='ocrx_word' id='word_1_282' title='bbox 697 3834 780 3902; x_wconf 90' lang='lat' dir='ltr'>dum</span> <span class='ocrx_word' id='word_1_283' title='bbox 804 3834 1010 3904; x_wconf 89' lang='lat' dir='ltr'>annualiter</span> <span class='ocrx_word' id='word_1_284' title='bbox 1033 3833 1109 3922; x_wconf 89' lang='lat' dir='ltr'>ipso</span> <span class='ocrx_word' id='word_1_285' title='bbox 1132 3831 1278 3900; x_wconf 88' lang='lat' dir='ltr'>missum</span> <span class='ocrx_word' id='word_1_286' title='bbox 1301 3837 1461 3902; x_wconf 88' lang='lat' dir='ltr'>nostrum</span> <span class='ocrx_word' id='word_1_287' title='bbox 1484 3851 1549 3922; x_wconf 91' lang='lat' dir='ltr'>pro</span> <span class='ocrx_word' id='word_1_288' title='bbox 1572 3836 1651 3922; x_wconf 90' lang='lat' dir='ltr'>ipsa</span> <span class='ocrx_word' id='word_1_289' title='bbox 1673 3835 1853 3904; x_wconf 89' lang='lat' dir='ltr'>vindemia</span> <span class='ocrx_word' id='word_1_290' title='bbox 1868 3835 1919 3904; x_wconf 91' lang='lat' dir='ltr'>ibi</span> <span class='ocrx_word' id='word_1_291' title='bbox 1934 3837 2085 3915; x_wconf 89' lang='lat' dir='ltr'>steterit,</span> <span class='ocrx_word' id='word_1_292' title='bbox 2108 3837 2190 3907; x_wconf 92' lang='lat' dir='ltr'>illut</span> <span class='ocrx_word' id='word_1_293' title='bbox 2206 3844 2328 3909; x_wconf 89' lang='lat' dir='ltr'>autem</span> <span class='ocrx_word' id='word_1_294' title='bbox 2343 3858 2410 3911; x_wconf 91' lang='lat' dir='ltr'>nu·</span> 
     </span>
     <span class='ocr_line' id='line_1_24' title="bbox 555 3975 2409 4082; baseline 0.003 -24"><span class='ocrx_word' id='word_1_295' title='bbox 555 3989 705 4074; x_wconf 79' lang='lat' dir='ltr'>tricent,</span> <span class='ocrx_word' id='word_1_296' title='bbox 722 3985 816 4056; x_wconf 89' lang='lat' dir='ltr'>sicut</span> <span class='ocrx_word' id='word_1_297' title='bbox 831 3985 964 4056; x_wconf 90' lang='lat' dir='ltr'>iustum</span> <span class='ocrx_word' id='word_1_298' title='bbox 989 3987 1099 4057; x_wconf 83' lang='lat' dir='ltr'>luerit</span> <span class='ocrx_word' id='word_1_299' title='bbox 1120 3975 1325 4056; x_wconf 86' lang='lat' dir='ltr'>secumdum</span> <span class='ocrx_word' id='word_1_300' title='bbox 1348 4005 1450 4057; x_wconf 90' lang='lat' dir='ltr'>suam</span> <span class='ocrx_word' id='word_1_301' title='bbox 1471 3986 1751 4074; x_wconf 88' lang='lat' dir='ltr'>possivilitatem.</span> <span class='ocrx_word' id='word_1_302' title='bbox 1769 3991 1814 4058; x_wconf 83' lang='grc'>111</span> <span class='ocrx_word' id='word_1_303' title='bbox 1836 4009 1899 4077; x_wconf 91' lang='grc' dir='ltr'>ρ6ι</span> <span class='ocrx_word' id='word_1_304' title='bbox 1922 3991 2038 4059; x_wconf 88' lang='lat' dir='ltr'>omnis</span> <span class='ocrx_word' id='word_1_305' title='bbox 2059 4009 2195 4062; x_wconf 90' lang='lat' dir='ltr'>annum</span> <span class='ocrx_word' id='word_1_306' title='bbox 2212 3993 2409 4082; x_wconf 78' lang='lat' dir='ltr'>pulmenta·</span> 
     </span>
     <span class='ocr_line' id='line_1_25' title="bbox 554 4139 2403 4233; baseline 0.004 -23"><span class='ocrx_word' id='word_1_307' title='bbox 554 4143 629 4210; x_wconf 89' lang='lat' dir='ltr'>tica</span> <span class='ocrx_word' id='word_1_308' title='bbox 652 4140 726 4211; x_wconf 89' lang='lat' dir='ltr'>bad</span> <span class='ocrx_word' id='word_1_309' title='bbox 749 4140 825 4228; x_wconf 88' lang='lat' dir='ltr'>ipso</span> <span class='ocrx_word' id='word_1_310' title='bbox 847 4141 994 4208; x_wconf 89' lang='lat' dir='ltr'>missum</span> <span class='ocrx_word' id='word_1_311' title='bbox 1014 4142 1174 4206; x_wconf 91' lang='lat' dir='ltr'>nostrum</span> <span class='ocrx_word' id='word_1_312' title='bbox 1197 4139 1305 4210; x_wconf 90' lang='lat' dir='ltr'>deant</span> <span class='ocrx_word' id='word_1_313' title='bbox 1328 4139 1533 4208; x_wconf 89' lang='lat' dir='ltr'>secumdum</span> <span class='ocrx_word' id='word_1_314' title='bbox 1556 4141 1846 4213; x_wconf 86' lang='lat' dir='ltr'>consuetudinem</span> <span class='ocrx_word' id='word_1_315' title='bbox 1870 4142 1913 4213; x_wconf 90' lang='lat' dir='ltr'>de</span> <span class='ocrx_word' id='word_1_316' title='bbox 1936 4143 2013 4233; x_wconf 86' lang='lat' dir='ltr'>ipso</span> <span class='ocrx_word' id='word_1_317' title='bbox 2029 4145 2159 4215; x_wconf 91' lang='lat' dir='ltr'>locum.</span> <span class='ocrx_word' id='word_1_318' title='bbox 2177 4148 2277 4217; x_wconf 92' lang='lat' dir='ltr'>Unde</span> <span class='ocrx_word' id='word_1_319' title='bbox 2298 4147 2338 4216; x_wconf 92' lang='lat' dir='ltr'>in</span> <span class='ocrx_word' id='word_1_320' title='bbox 2361 4165 2403 4218; x_wconf 90' lang='lat' dir='ltr'>eo</span> 
     </span>
     <span class='ocr_line' id='line_1_26' title="bbox 554 4269 2407 4391; baseline 0.006 -27"><span class='ocrx_word' id='word_1_321' title='bbox 554 4295 706 4364; x_wconf 90' lang='lat' dir='ltr'>hordine</span> <span class='ocrx_word' id='word_1_322' title='bbox 729 4313 792 4384; x_wconf 89' lang='lat' dir='ltr'>per</span> <span class='ocrx_word' id='word_1_323' title='bbox 816 4294 1064 4366; x_wconf 87' lang='lat' dir='ltr'>convenientia</span> <span class='ocrx_word' id='word_1_324' title='bbox 1087 4294 1221 4385; x_wconf 85' lang='lat' dir='ltr'>guadia</span> <span class='ocrx_word' id='word_1_325' title='bbox 1244 4295 1333 4364; x_wconf 89' lang='lat' dir='ltr'>mihi</span> <span class='ocrx_word' id='word_1_326' title='bbox 1357 4269 1590 4383; x_wconf 81' lang='lat' dir='ltr'>supradictus</span> <span class='ocrx_word' id='word_1_327' title='bbox 1606 4287 1857 4367; x_wconf 83' lang='lat' dir='ltr'>constantinus</span> <span class='ocrx_word' id='word_1_328' title='bbox 1881 4318 2009 4388; x_wconf 85' lang='lat' dir='ltr'>grecus</span> <span class='ocrx_word' id='word_1_329' title='bbox 2032 4301 2142 4391; x_wconf 88' lang='lat' dir='ltr'>dedit,</span> <span class='ocrx_word' id='word_1_330' title='bbox 2174 4309 2210 4374; x_wconf 91' lang='lat' dir='ltr'>et</span> <span class='ocrx_word' id='word_1_331' title='bbox 2233 4304 2407 4375; x_wconf 89' lang='lat' dir='ltr'>mediato-</span> 
     </span>
     <span class='ocr_line' id='line_1_27' title="bbox 554 4445 2403 4545; baseline 0.006 -27"><span class='ocrx_word' id='word_1_332' title='bbox 554 4468 632 4520; x_wconf 91' lang='lat' dir='ltr'>rem</span> <span class='ocrx_word' id='word_1_333' title='bbox 667 4447 756 4518; x_wconf 91' lang='lat' dir='ltr'>mihi</span> <span class='ocrx_word' id='word_1_334' title='bbox 789 4445 908 4536; x_wconf 90' lang='lat' dir='ltr'>posuit</span> <span class='ocrx_word' id='word_1_335' title='bbox 930 4448 1105 4519; x_wconf 88' lang='lat' dir='ltr'>iohannes</span> <span class='ocrx_word' id='word_1_336' title='bbox 1126 4447 1222 4518; x_wconf 89' lang='lat' dir='ltr'>fllius</span> <span class='ocrx_word' id='word_1_337' title='bbox 1243 4449 1420 4538; x_wconf 89' lang='lat' dir='ltr'>quondam</span> <span class='ocrx_word' id='word_1_338' title='bbox 1445 4451 1633 4522; x_wconf 90' lang='lat' dir='ltr'>verenardi</span> <span class='ocrx_word' id='word_1_339' title='bbox 1657 4453 1871 4524; x_wconf 88' lang='lat' dir='ltr'>abitatorem</span> <span class='ocrx_word' id='word_1_340' title='bbox 1893 4454 1937 4525; x_wconf 91' lang='lat' dir='ltr'>de</span> <span class='ocrx_word' id='word_1_341' title='bbox 1960 4457 2036 4545; x_wconf 90' lang='lat' dir='ltr'>ipso</span> <span class='ocrx_word' id='word_1_342' title='bbox 2058 4457 2174 4527; x_wconf 94' lang='lat' dir='ltr'>locum</span> <span class='ocrx_word' id='word_1_343' title='bbox 2197 4459 2344 4530; x_wconf 90' lang='lat' dir='ltr'>nucerio</span> <span class='ocrx_word' id='word_1_344' title='bbox 2365 4466 2403 4532; x_wconf 91' lang='lat' dir='ltr'>et</span> 
     </span>
     <span class='ocr_line' id='line_1_28' title="bbox 553 4601 2398 4696; baseline 0.007 -25"><span class='ocrx_word' id='word_1_345' title='bbox 553 4603 689 4674; x_wconf 91' lang='lat' dir='ltr'>dicitur</span> <span class='ocrx_word' id='word_1_346' title='bbox 711 4601 884 4688; x_wconf 90' lang='lat' dir='ltr'>turricle;</span> <span class='ocrx_word' id='word_1_347' title='bbox 908 4605 944 4670; x_wconf 92' lang='grc'>61</span> <span class='ocrx_word' id='word_1_348' title='bbox 966 4619 1030 4689; x_wconf 90' lang='grc' dir='ltr'>ρ6ι</span> <span class='ocrx_word' id='word_1_349' title='bbox 1053 4601 1130 4689; x_wconf 86' lang='lat' dir='ltr'>ipsa</span> <span class='ocrx_word' id='word_1_350' title='bbox 1152 4601 1286 4689; x_wconf 82' lang='lat' dir='ltr'>guadia</span> <span class='ocrx_word' id='word_1_351' title='bbox 1310 4602 1484 4692; x_wconf 83' lang='lat' dir='ltr'>obligavit</span> <span class='ocrx_word' id='word_1_352' title='bbox 1514 4624 1551 4676; x_wconf 91' lang='lat' dir='ltr'>se</span> <span class='ocrx_word' id='word_1_353' title='bbox 1575 4607 1650 4696; x_wconf 89' lang='lat' dir='ltr'>ipse</span> <span class='ocrx_word' id='word_1_354' title='bbox 1680 4609 1932 4680; x_wconf 86' lang='lat' dir='ltr'>constantinus</span> <span class='ocrx_word' id='word_1_355' title='bbox 1965 4610 2039 4678; x_wconf 90' lang='lat' dir='ltr'>suis</span> <span class='ocrx_word' id='word_1_356' title='bbox 2073 4609 2160 4680; x_wconf 86' lang='grc'><strong>111116</strong></span> <span class='ocrx_word' id='word_1_357' title='bbox 2193 4617 2229 4682; x_wconf 89' lang='grc'>61</span> <span class='ocrx_word' id='word_1_358' title='bbox 2251 4613 2398 4683; x_wconf 86' lang='lat' dir='ltr'>eredes:</span> 
     </span>
     <span class='ocr_line' id='line_1_29' title="bbox 550 4756 2404 4855; baseline 0.008 -31"><span class='ocrx_word' id='word_1_359' title='bbox 550 4761 687 4847; x_wconf 89' lang='lat' dir='ltr'>preter,</span> <span class='ocrx_word' id='word_1_360' title='bbox 704 4757 811 4846; x_wconf 88' lang='lat' dir='ltr'>quale</span> <span class='ocrx_word' id='word_1_361' title='bbox 827 4761 984 4846; x_wconf 89' lang='lat' dir='ltr'>tempore</span> <span class='ocrx_word' id='word_1_362' title='bbox 1007 4757 1086 4846; x_wconf 91' lang='lat' dir='ltr'>ipsa</span> <span class='ocrx_word' id='word_1_363' title='bbox 1107 4756 1275 4828; x_wconf 90' lang='lat' dir='ltr'>tradictio</span> <span class='ocrx_word' id='word_1_364' title='bbox 1298 4757 1343 4827; x_wconf 92' lang='lat' dir='ltr'>in·</span> <span class='ocrx_word' id='word_1_365' title='bbox 1359 4757 1518 4846; x_wconf 89' lang='lat' dir='ltr'>predicto</span> <span class='ocrx_word' id='word_1_366' title='bbox 1541 4760 1665 4830; x_wconf 91' lang='lat' dir='ltr'>ordine</span> <span class='ocrx_word' id='word_1_367' title='bbox 1686 4765 1809 4831; x_wconf 91' lang='lat' dir='ltr'>tenere</span> <span class='ocrx_word' id='word_1_368' title='bbox 1825 4767 1862 4831; x_wconf 89' lang='grc'>61</span> <span class='ocrx_word' id='word_1_369' title='bbox 1876 4762 2040 4833; x_wconf 90' lang='lat' dir='ltr'>lavorare</span> <span class='ocrx_word' id='word_1_370' title='bbox 2063 4782 2135 4835; x_wconf 92' lang='lat' dir='ltr'>non</span> <span class='ocrx_word' id='word_1_371' title='bbox 2151 4766 2343 4855; x_wconf 88' lang='lat' dir='ltr'>voluerint,</span> <span class='ocrx_word' id='word_1_372' title='bbox 2368 4775 2404 4840; x_wconf 90' lang='lat' dir='ltr'>et</span> 
     </span>
     <span class='ocr_line' id='line_1_30' title="bbox 553 4911 2407 5010; baseline 0.008 -29"><span class='ocrx_word' id='word_1_373' title='bbox 553 4912 607 4981; x_wconf 89' lang='grc'>616</span> <span class='ocrx_word' id='word_1_374' title='bbox 630 4913 713 4982; x_wconf 91' lang='lat' dir='ltr'>inde</span> <span class='ocrx_word' id='word_1_375' title='bbox 736 4913 780 4983; x_wconf 93' lang='lat' dir='ltr'>ad</span> <span class='ocrx_word' id='word_1_376' title='bbox 803 4931 888 5002; x_wconf 88' lang='lat' dir='ltr'>pars</span> <span class='ocrx_word' id='word_1_377' title='bbox 911 4913 1064 5002; x_wconf 90' lang='lat' dir='ltr'>predicti</span> <span class='ocrx_word' id='word_1_378' title='bbox 1089 4913 1200 4982; x_wconf 91' lang='lat' dir='ltr'>nostri</span> <span class='ocrx_word' id='word_1_379' title='bbox 1227 4911 1435 4984; x_wconf 88' lang='lat' dir='ltr'>monasterii</span> <span class='ocrx_word' id='word_1_380' title='bbox 1460 4913 1669 5006; x_wconf 90' lang='lat' dir='ltr'>adimplere,</span> <span class='ocrx_word' id='word_1_381' title='bbox 1694 4916 1788 4987; x_wconf 92' lang='lat' dir='ltr'>sicut</span> <span class='ocrx_word' id='word_1_382' title='bbox 1810 4917 2055 5006; x_wconf 89' lang='lat' dir='ltr'>supradictum</span> <span class='ocrx_word' id='word_1_383' title='bbox 2077 4924 2144 5010; x_wconf 90' lang='lat' dir='ltr'>est,</span> <span class='ocrx_word' id='word_1_384' title='bbox 2167 4925 2255 4992; x_wconf 91' lang='lat' dir='ltr'>tunc</span> <span class='ocrx_word' id='word_1_385' title='bbox 2279 4921 2341 4992; x_wconf 90' lang='lat' dir='ltr'>ille</span> <span class='ocrx_word' id='word_1_386' title='bbox 2368 4930 2407 4996; x_wconf 88' lang='lat' dir='ltr'>ot</span> 
     </span>
     <span class='ocr_line' id='line_1_31' title="bbox 552 5065 2405 5166; baseline 0.008 -32"><span class='ocrx_word' id='word_1_387' title='bbox 552 5068 629 5136; x_wconf 87' lang='lat' dir='ltr'>suis</span> <span class='ocrx_word' id='word_1_388' title='bbox 647 5067 811 5138; x_wconf 88' lang='lat' dir='ltr'>eredibus</span> <span class='ocrx_word' id='word_1_389' title='bbox 826 5071 904 5137; x_wconf 93' lang='lat' dir='ltr'>tota</span> <span class='ocrx_word' id='word_1_390' title='bbox 919 5071 955 5136; x_wconf 93' lang='lat' dir='ltr'>et</span> <span class='ocrx_word' id='word_1_391' title='bbox 977 5066 1104 5136; x_wconf 87' lang='lat' dir='ltr'>inclita</span> <span class='ocrx_word' id='word_1_392' title='bbox 1126 5065 1333 5156; x_wconf 89' lang='lat' dir='ltr'>supradicta</span> <span class='ocrx_word' id='word_1_393' title='bbox 1355 5067 1522 5140; x_wconf 91' lang='lat' dir='ltr'>tradictio</span> <span class='ocrx_word' id='word_1_394' title='bbox 1545 5069 1585 5138; x_wconf 92' lang='lat' dir='ltr'>in</span> <span class='ocrx_word' id='word_1_395' title='bbox 1609 5069 1776 5140; x_wconf 90' lang='lat' dir='ltr'>iamdicto</span> <span class='ocrx_word' id='word_1_396' title='bbox 1799 5071 1923 5142; x_wconf 91' lang='lat' dir='ltr'>ordine</span> <span class='ocrx_word' id='word_1_397' title='bbox 1947 5071 2125 5165; x_wconf 87' lang='lat' dir='ltr'>lavorata,</span> <span class='ocrx_word' id='word_1_398' title='bbox 2139 5078 2176 5146; x_wconf 88' lang='grc'>61</span> <span class='ocrx_word' id='word_1_399' title='bbox 2193 5079 2350 5166; x_wconf 86' lang='lat' dir='ltr'>operata,</span> <span class='ocrx_word' id='word_1_400' title='bbox 2368 5081 2405 5149; x_wconf 90' lang='lat' dir='ltr'>et</span> 
     </span>
     <span class='ocr_line' id='line_1_32' title="bbox 551 5191 2401 5320; baseline 0.007 -33"><span class='ocrx_word' id='word_1_401' title='bbox 551 5219 704 5310; x_wconf 86' lang='lat' dir='ltr'>cultata,</span> <span class='ocrx_word' id='word_1_402' title='bbox 722 5224 758 5290; x_wconf 92' lang='lat' dir='ltr'>et</span> <span class='ocrx_word' id='word_1_403' title='bbox 772 5238 834 5309; x_wconf 90' lang='lat' dir='ltr'>per</span> <span class='ocrx_word' id='word_1_404' title='bbox 850 5221 1038 5290; x_wconf 90' lang='lat' dir='ltr'>circoitum</span> <span class='ocrx_word' id='word_1_405' title='bbox 1061 5219 1159 5292; x_wconf 89' lang='lat' dir='ltr'>clusa</span> <span class='ocrx_word' id='word_1_406' title='bbox 1182 5219 1376 5293; x_wconf 89' lang='lat' dir='ltr'>remidtant</span> <span class='ocrx_word' id='word_1_407' title='bbox 1398 5221 1443 5292; x_wconf 92' lang='lat' dir='ltr'>ad</span> <span class='ocrx_word' id='word_1_408' title='bbox 1467 5225 1589 5293; x_wconf 87' lang='lat' dir='ltr'>nostra</span> <span class='ocrx_word' id='word_1_409' title='bbox 1602 5191 1785 5311; x_wconf 62' lang='lat' dir='ltr'>&#39;abutare</span> <span class='ocrx_word' id='word_1_410' title='bbox 1800 5223 1953 5314; x_wconf 91' lang='lat' dir='ltr'>predicti</span> <span class='ocrx_word' id='word_1_411' title='bbox 1972 5229 2085 5297; x_wconf 90' lang='lat' dir='ltr'>nostri</span> <span class='ocrx_word' id='word_1_412' title='bbox 2107 5229 2330 5320; x_wconf 90' lang='lat' dir='ltr'>monasterii,</span> <span class='ocrx_word' id='word_1_413' title='bbox 2354 5230 2401 5301; x_wconf 85' lang='lat' dir='ltr'>ad</span> 
     </span>
     <span class='ocr_line' id='line_1_33' title="bbox 554 5377 2403 5469; baseline 0.005 -22"><span class='ocrx_word' id='word_1_414' title='bbox 554 5379 758 5451; x_wconf 82' lang='lat' dir='ltr'>faciendum</span> <span class='ocrx_word' id='word_1_415' title='bbox 784 5379 877 5469; x_wconf 92' lang='lat' dir='ltr'>quod</span> <span class='ocrx_word' id='word_1_416' title='bbox 899 5379 1129 5468; x_wconf 87' lang='lat' dir='ltr'>voluerimus,</span> <span class='ocrx_word' id='word_1_417' title='bbox 1153 5383 1190 5450; x_wconf 93' lang='lat' dir='ltr'>et</span> <span class='ocrx_word' id='word_1_418' title='bbox 1212 5378 1285 5446; x_wconf 87' lang='lat' dir='ltr'>illis</span> <span class='ocrx_word' id='word_1_419' title='bbox 1307 5377 1415 5447; x_wconf 91' lang='lat' dir='ltr'>liceat</span> <span class='ocrx_word' id='word_1_420' title='bbox 1438 5377 1522 5448; x_wconf 91' lang='lat' dir='ltr'>inde</span> <span class='ocrx_word' id='word_1_421' title='bbox 1544 5377 1646 5450; x_wconf 84' lang='lat' dir='ltr'>exire</span> <span class='ocrx_word' id='word_1_422' title='bbox 1667 5397 1749 5448; x_wconf 89' lang='lat' dir='ltr'>cum</span> <span class='ocrx_word' id='word_1_423' title='bbox 1772 5379 1886 5450; x_wconf 88' lang='lat' dir='ltr'>omnis</span> <span class='ocrx_word' id='word_1_424' title='bbox 1909 5397 1975 5454; x_wconf 87' lang='lat' dir='ltr'>sua</span> <span class='ocrx_word' id='word_1_425' title='bbox 1997 5401 2106 5454; x_wconf 87' lang='lat' dir='ltr'>causa</span> <span class='ocrx_word' id='word_1_426' title='bbox 2127 5382 2286 5456; x_wconf 85' lang='lat' dir='ltr'>movilia.</span> <span class='ocrx_word' id='word_1_427' title='bbox 2307 5385 2403 5465; x_wconf 86' lang='lat' dir='ltr'>Quod</span> 
     </span>
     <span class='ocr_line' id='line_1_34' title="bbox 553 5531 2403 5629; baseline 0.004 -27"><span class='ocrx_word' id='word_1_428' title='bbox 553 5533 667 5607; x_wconf 90' lang='lat' dir='ltr'>sicto.</span> <span class='ocrx_word' id='word_1_429' title='bbox 687 5537 837 5606; x_wconf 82' lang='lat' dir='ltr'>Stotnto</span> <span class='ocrx_word' id='word_1_430' title='bbox 851 5537 985 5604; x_wconf 83' lang='lat' dir='ltr'>mulcta</span> <span class='ocrx_word' id='word_1_431' title='bbox 1002 5533 1133 5620; x_wconf 74' lang='grc'><strong>6191611</strong></span> <span class='ocrx_word' id='word_1_432' title='bbox 1156 5532 1242 5599; x_wconf 71' lang='lat' dir='ltr'>auat</span> <span class='ocrx_word' id='word_1_433' title='bbox 1264 5531 1458 5599; x_wconf 75' lang='lat' dir='ltr'>solidorum</span> <span class='ocrx_word' id='word_1_434' title='bbox 1478 5533 1866 5602; x_wconf 81' lang='lat' dir='ltr'>constantiniouorum.</span> <span class='ocrx_word' id='word_1_435' title='bbox 1886 5533 2015 5605; x_wconf 81' lang='grc'><strong>111666</strong></span> <span class='ocrx_word' id='word_1_436' title='bbox 2031 5535 2175 5608; x_wconf 86' lang='lat' dir='ltr'>brebem</span> <span class='ocrx_word' id='word_1_437' title='bbox 2191 5538 2320 5628; x_wconf 87' lang='lat' dir='ltr'>scripsi</span> <span class='ocrx_word' id='word_1_438' title='bbox 2334 5555 2403 5629; x_wconf 73' lang='lat' dir='ltr'>ego</span> 
     </span>
     <span class='ocr_line' id='line_1_35' title="bbox 560 5683 1126 5774; baseline -0.007 -15"><span class='ocrx_word' id='word_1_439' title='bbox 560 5692 683 5774; x_wconf 86' lang='lat' dir='ltr'>petrus</span> <span class='ocrx_word' id='word_1_440' title='bbox 705 5689 855 5759; x_wconf 89' lang='lat' dir='ltr'>clericus</span> <span class='ocrx_word' id='word_1_441' title='bbox 878 5688 941 5774; x_wconf 92' lang='lat' dir='ltr'>qui</span> <span class='ocrx_word' id='word_1_442' title='bbox 965 5683 1126 5756; x_wconf 83' lang='lat' dir='ltr'>interlui.</span> 
     </span>
     <span class='ocr_line' id='line_1_36' title="bbox 596 5811 1375 5927; baseline 0 -21"><span class='ocrx_word' id='word_1_443' title='bbox 596 5811 628 5925; x_wconf 90' lang='lat'><em>†</em></span> <span class='ocrx_word' id='word_1_444' title='bbox 657 5839 733 5927; x_wconf 78' lang='lat' dir='ltr'>Ego</span> <span class='ocrx_word' id='word_1_445' title='bbox 755 5843 879 5926; x_wconf 89' lang='lat' dir='ltr'>petrus</span> <span class='ocrx_word' id='word_1_446' title='bbox 900 5838 1065 5910; x_wconf 89' lang='lat' dir='ltr'>notarius</span> <span class='ocrx_word' id='word_1_447' title='bbox 1087 5856 1144 5908; x_wconf 91' lang='lat' dir='ltr'>me</span> <span class='ocrx_word' id='word_1_448' title='bbox 1167 5837 1375 5927; x_wconf 88' lang='lat' dir='ltr'>subscripsi.</span> 
     </span>
    </p>
   </div>
   <div class='ocr_carea' id='block_1_5' title="bbox 0 0 2738 7106">
    <p class='ocr_par' dir='ltr' id='par_1_5' title="bbox 0 0 2738 7106">
     <span class='ocr_line' id='line_1_37' title="bbox 0 0 2738 7106; baseline 0 5"><span class='ocrx_word' id='word_1_449' title='bbox 0 0 2738 7106; x_wconf 95' lang='lat' dir='ltr'> </span> 
     </span>
    </p>
   </div>
  </div>
 </body>
</html>
