5422 7102
1021 539 1427 614 DIPLOMATICUS
2027 537 2096 610 209

293 769 418 851 petrus
434 765 588 832 clericus
605 768 641 834 et
657 765 729 834 tale
746 765 858 834 vicem
877 765 959 834 inde
975 765 1115 835 abeatis
1130 783 1192 852 per
1209 765 1288 851 ipsa
1304 767 1406 851 regia
1421 765 1464 831 de
1481 764 1555 850 ipso
1571 763 1728 831 catoium
1754 781 1813 830 vos
1836 761 2004 830 iamdicto
2029 781 2145 832 reme·

295 917 357 984 diu
381 921 418 986 et
429 917 590 987 -beraldu
612 917 887 1004 ingrediendum
910 923 946 986 et
968 917 1242 1006 regrediendum
1258 920 1295 986 et
1311 916 1437 986 vestris
1454 915 1631 1002 eredibuS,
1655 915 1747 984 sicut
1770 918 1807 983 et
1831 914 1907 1001 ipse
1933 917 2055 1001 petrus
2077 915 2149 984 cle-

296 1073 394 1140 ricus
419 1073 550 1140 ibidem
576 1075 702 1159 abunt,
727 1071 847 1140 hunde
869 1071 961 1139 nihil
985 1073 1087 1139 nobis
1110 1074 1176 1140 aut
1198 1071 1243 1141 ad
1266 1069 1431 1139 eredibus
1455 1068 1557 1155 meis,
1579 1072 1642 1136 aut
1658 1068 1790 1154 cuiqua
1813 1068 1991 1138 ominibus
2014 1067 2145 1138 exinde

299 1239 368 1290 non
386 1223 648 1290 reserbabimus
664 1222 719 1290 vel
739 1222 891 1291 dicimus
907 1221 1016 1290 alicui
1040 1221 1173 1290 ibidem
1196 1237 1342 1288 manere
1364 1221 1581 1306 sortionem‚
1606 1224 1660 1289 set
1682 1222 1795 1289 totum
1819 1225 1855 1289 et
1878 1220 2044 1290 inclitum
2066 1221 2148 1288 illut

299 1377 399 1443 vobis
423 1374 632 1444 iamdictam
656 1372 855 1441 remedium
877 1376 913 1439 et
936 1371 1147 1441 bernaldum
1170 1373 1379 1444 donabimus
1412 1393 1493 1442 cum
1525 1373 1701 1442 sericidiis
1724 1375 1813 1460 suis,
1836 1379 1872 1441 et
1895 1393 1977 1442 cum
2000 1373 2079 1443 bice
2105 1374 2147 1442 de

297 1525 470 1595 strictolis
485 1530 521 1594 et
542 1524 672 1612 plateis
688 1526 777 1612 suia
793 1525 946 1610 qualiter
961 1525 1182 1614 pertinentes
1197 1531 1251 1595 est
1266 1526 1305 1595 in
1324 1528 1402 1614 ipsa
1416 1528 1574 1614 predicta
1590 1525 1716 1595 sedilia
1732 1527 1775 1596 de
1790 1545 1888 1614 casa,
1904 1527 1953 1596 ad
1968 1525 2144 1596 securiter

300 1683 336 1748 et
359 1677 512 1746 firmiter
537 1679 662 1747 amodo
685 1679 721 1743 et
745 1695 883 1762 semper
907 1695 968 1742 vos
992 1681 1028 1744 et
1050 1677 1178 1744 vestris
1201 1677 1365 1746 eredibus
1390 1679 1486 1766 illos,
1511 1685 1550 1746 ut
1572 1679 1707 1746 dictum
1730 1683 1798 1765 est,
1822 1678 2013 1765 avendum,
2037 1675 2148 1744 domi-

301 1829 472 1915 nandum,
498 1830 745 1916 possidendum
768 1834 803 1898 et
826 1831 947 1900 omnia
963 1832 1092 1899 exinde
1115 1830 1317 1900 faciendum
1341 1848 1409 1917 quc
1433 1829 1531 1897 vobis
1548 1829 1745 1914 vestrisque
1760 1829 1925 1897 eredibus
1948 1828 2140 1916 placuerit,

295 1983 376 2050 sine
400 1981 497 2049 omni
521 1986 645 2050 nostra
660 1982 715 2050 vel
731 1983 774 2050 de
790 1984 921 2052 uostris
936 1983 1100 2052 eredibus
1116 1987 1180 2050 aut
1195 1981 1327 2069 cuiqua
1343 1981 1521 2050 ominibus
1538 1983 1661 2068 aliqua
1678 1983 1945 2052 contrarietate.
1964 1981 2062 2050 Unde
2079 1997 2144 2066 pro

298 2139 546 2208 confirmanda
569 2141 605 2205 et
630 2137 882 2206 stabiliscenda
905 2157 944 2204 ec
969 2135 1212 2225 suprascripta
1234 2139 1353 2204 vestra
1375 2136 1567 2204 donatione
1590 2153 1688 2203 nnuc
1712 2155 1735 2204 a
1757 2141 1920 2222 presente
1944 2133 2144 2221 recepimus

295 2309 318 2356 a
334 2306 395 2354 vos
413 2286 592 2354 iamdictis
608 2287 766 2354 remediu
782 2291 818 2355 61
834 2287 1009 2357 bernaldo
1024 2304 1090 2374 ego
1106 2285 1292 2358 nominata
1307 2287 1448 2374 mulier,
1465 2307 1609 2376 unaque
1625 2309 1705 2356 cum
1721 2291 1797 2376 ipso
1820 2289 2005 2358 mundoalt
2027 2307 2147 2358 meum
2256 2319 2259 2326 ·

296 2441 471 2526 launegilt
487 2441 625 2508 sclauso
642 2441 775 2509 camiso
792 2459 877 2527 uno,
901 2447 936 2509 et
959 2460 1041 2508 cum
1065 2459 1106 2508 eo
1130 2441 1274 2509 mistum
1291 2447 1434 2511 tarenos
1451 2462 1577 2514 aureos
1593 2444 1796 2531 quindecim
1820 2443 1860 2510 in
1882 2463 1986 2514 omne
2009 2443 2144 2514 delibe-

296 2595 449 2680 ratione,
474 2593 567 2662 sicut
593 2593 686 2662 iuter
702 2611 767 2660 nos
781 2595 971 2680 comborn,
987 2569 1131 2662 finitum
1147 2598 1200 2662 est
1216 2612 1256 2662 oc
1273 2595 1404 2662 donum
1419 2614 1483 2682 por
1501 2599 1727 2682 subsceptum
1745 2597 1935 2685 launegilt,
1951 2616 1995 2666 ea
2011 2598 2150 2668 ratione

295 2761 361 2829 ego
384 2743 571 2812 nominata
599 2742 729 2810 mulier
753 2762 937 2812 commune
960 2761 1172 2812 consensum
1195 2765 1276 2814 cum
1299 2746 1375 2833 ipso
1398 2747 1475 2814 viro
1497 2765 1597 2814 meus
1619 2748 1752 2835 guadia
1776 2750 1874 2816 vobis
1898 2751 2093 2818 remedium
2109 2760 2145 2819 ct

296 2897 459 2965 bernaldi
476 2897 648 2988 dedimus
666 2905 701 2964 et
725 2897 954 2965 mediatorem
971 2900 1070 2965 vobis
1086 2899 1266 2985 posuimus
1289 2906 1411 2988 petrus
1434 2900 1529 2968 tilius
1552 2901 1695 2987 pinnini
1720 2904 1856 2988 clerici3
1880 2911 1915 2970 et
1940 2921 2003 2988 per
2020 2902 2145 2970 eadem

293 3051 427 3138 guadia
443 3069 506 3136 per
521 3053 616 3119 bona
632 3051 888 3122 conbenientia
911 3051 1028 3139 obligo
1051 3071 1108 3120 me
1124 3052 1295 3120 iamdicta
1310 3051 1439 3120 mulier
1463 3069 1537 3120 uua
1559 3070 1641 3119 cum
1658 3050 1738 3137 ipsu
1761 3053 1944 3121 mundoalt
1968 3071 2085 3123 meum
2110 3057 2146 3121 et

293 3203 428 3272 nostris
450 3203 536 3270 filiis
555 3209 591 3272 et
606 3204 768 3271 eredibus
784 3205 944 3290 predicta
960 3209 1084 3275 nostra
1100 3204 1343 3274 donationem
1359 3206 1537 3291 omnibus
1562 3211 1601 3272 ut
1623 3203 1772 3291 dictum,
1797 3203 1879 3273 illut
1903 3204 2002 3273 vobis
2025 3206 2146 3274 deleu-

293 3353 443 3421 sandum
469 3358 505 3422 et
529 3355 573 3423 ad
596 3361 731 3424 vestros
753 3358 874 3427 eredes
891 3375 955 3426 nos
970 3361 1006 3426 et
1022 3361 1160 3424 nostros
1176 3357 1298 3425 eredes
1312 3357 1422 3424 etiam
1437 3359 1474 3424 et
1488 3356 1534 3424 da
1550 3355 1623 3424 illis
1638 3355 1815 3424 ominibus
1830 3361 1867 3424 et
1882 3358 2063 3443 partibus,
2080 3357 2139 3442 qui

293 3521 357 3588 pro
380 3505 514 3572 uostris
537 3507 700 3593 partibus
723 3511 835 3596 vobis,
853 3512 917 3578 aut
940 3509 986 3579 ad
1010 3513 1143 3577 vestros
1166 3509 1287 3576 eredes
1310 3507 1469 3576 emiserit
1492 3505 1762 3595 qualiscumque
1785 3511 2010 3578 causationes
2035 3512 2072 3578 et
2096 3509 2142 3577 da

293 3657 456 3724 omnibus
472 3657 650 3726 ominibus
673 3660 838 3746 omnique
861 3658 1036 3746 partibus,
1054 3662 1099 3728 Et
1114 3660 1232 3747 qualis
1248 3664 1405 3747 tempore
1428 3659 1613 3727 bolueritis
1636 3679 1699 3746 per
1723 3663 1784 3726 bos
1807 3660 1938 3729 exinde
1961 3664 2053 3728 esset
2076 3680 2144 3728 au-

293 3815 386 3877 tores
404 3813 440 3877 et
462 3810 676 3898 defensores,
702 3813 776 3880 vice
799 3815 921 3882 nostra
945 3811 1091 3882 licentia
1104 3817 1140 3881 et
1155 3817 1327 3900 potestate
1344 3813 1482 3883 abeatis
1498 3832 1580 3880 cum
1596 3815 1668 3882 ista
1683 3813 1836 3898 cartula,
1854 3832 2012 3880 seucum
2028 3815 2138 3900 quale

293 3961 365 4030 alio
388 3962 569 4030 monimen
595 3971 630 4031 et
654 3964 792 4032 ratione
816 3965 899 4033 inde
922 3968 1029 4035 abere
1052 3968 1251 4054 potueritis,
1269 3967 1308 4032 in
1324 3967 1488 4033 omnibus
1512 3963 1595 4032 inde
1617 3982 1767 4033 causare
1783 3967 1819 4031 et
1835 3963 1943 4032 finem
1960 3965 2090 4052 lacere,
2109 3969 2147 4035 et

293 4131 350 4182 eos
374 4115 473 4182 vobis
496 4114 701 4202 defensare3
726 4134 834 4204 nam,
859 4115 1001 4202 quando
1024 4133 1088 4183 nos
1111 4117 1311 4204 nostrisque
1334 4119 1455 4187 eredes
1480 4117 1565 4186 inde
1587 4120 1729 4185 autores
1752 4122 1788 4185 et
1810 4109 2011 4186 defensores
2032 4119 2140 4185 abere

293 4265 510 4354 quesieritis
534 4285 597 4333 nos
620 4270 741 4336 antem
763 4269 964 4354 nostrisque
988 4269 1152 4337 eredibus
1175 4271 1214 4338 in
1237 4269 1415 4356 omnibus,
1434 4273 1474 4335 ut
1489 4269 1625 4336 dictum
1642 4272 1708 4355 cst,
1726 4285 1785 4336 eos
1803 4269 1902 4335 vobis
1918 4268 2143 4337 defensemus

293 4421 338 4487 ab
361 4421 526 4487 omnibus
551 4420 729 4488 ominibus
752 4424 917 4509 omnique
940 4421 1119 4510 partibus.
1143 4422 1240 4490 Etsi
1266 4422 1348 4490 illut
1370 4419 1470 4490 robis
1493 4421 1680 4490 defensare
1702 4437 1774 4489 non
1790 4423 2022 4509 potuerimus,
2039 4425 2141 4508 tunc,

292 4571 385 4641 sicut
409 4573 447 4641 in
470 4573 530 4643 lex
551 4575 848 4662 langobardorum
871 4577 914 4644 de
938 4577 1071 4644 donum
1095 4579 1131 4644 et
1146 4574 1324 4663 launegilt
1340 4574 1512 4660 continet,
1537 4573 1591 4641 ita
1605 4591 1668 4641 nos
1684 4576 1720 4641 et
1734 4575 1874 4640 nostros
1891 4572 2013 4642 eredes
2029 4572 2146 4641 adim-

291 4725 453 4811 pleamus
483 4730 519 4795 et
541 4726 783 4814 persolbamus
806 4729 959 4798 iustitia.
986 4727 1022 4795 Si
1046 4731 1168 4798 autem
1191 4731 1254 4797 etc.
1281 4727 1449 4812 Sequitur
1464 4727 1626 4810 forrnntn
1647 4729 1825 4812 consucta,
1849 4728 1988 4793 statuta
2004 4728 2141 4794 mnlctn

293 4880 450 4963 triptota
472 4881 558 4946 anit
580 4880 775 4946 solidarunt
800 4881 1041 4950 Constantini.
1077 4884 1113 4947 et
1137 4879 1259 4950 taliter
1282 4881 1437 4950 scribere
1460 4877 1666 4966 rogabimus
1688 4883 1723 4947 te
1739 4877 1921 4948 dauferius
1934 4877 2085 4948 olorinus
2102 4881 2139 4945 et

292 5031 456 5100 notarius
478 5032 579 5100 intus
602 5031 838 5120 caput-aquis.
933 5090 937 5099 .

335 5155 366 5269 †
390 5185 466 5272 Ego
488 5185 643 5273 pinninu
665 5186 818 5254 clericus

337 5307 469 5423 †Ego
492 5337 597 5406 mari.
640 5409 644 5414 ,
