5466 7106
570 509 615 579 76
896 489 899 496 ’
1204 505 1379 580 CODEX
1421 505 1688 587 GAVENSIS

519 737 655 822 scente,
680 735 727 804 ad
749 734 980 806 frudiandum
1003 733 1160 836 nomine,
1185 733 1279 803 sicut
1299 734 1463 822 superius
1486 735 1641 826 legitur3
1674 743 1710 808 et
1731 741 1837 828 quale
1860 744 2018 828 tempore
2040 739 2084 809 de
2100 740 2179 828 ipsa
2193 739 2375 828 gemmola

520 903 643 954 semen
667 886 749 954 inde
772 903 843 956 non
868 887 1068 964 fuerit‚ut
1090 883 1217 955 inolita
1239 886 1446 973 supradicta
1469 889 1575 955 rebus
1598 890 1761 958 rebertar
1785 889 1824 956 in
1848 893 2060 977 potestatem
2082 889 2196 977 ipsius
2219 888 2374 960 ecclesio

521 1037 639 1106 sancti
663 1037 783 1124 angeli
806 1038 846 1106 in
870 1037 934 1106 illa
956 1035 1096 1107 ratione
1119 1057 1188 1124 que
1211 1056 1316 1126 super
1339 1038 1499 1127 legitur:
1531 1038 1708 1127 simulque
1738 1047 1775 1110 ei
1803 1041 1952 1112 donabit
1981 1041 2079 1110 vobis
2104 1041 2269 1112 iamdicta
2294 1060 2370 1111 ma·

521 1195 577 1259 ter
599 1193 636 1258 et
657 1189 735 1259 filia
758 1207 871 1257 unum
893 1191 1036 1276 parium
1059 1189 1103 1258 de
1125 1189 1207 1257 bobi
1231 1209 1312 1258 oum
1335 1196 1509 1278 quantum
1533 1209 1574 1258 oc
1597 1209 1734 1261 annum
1757 1191 1823 1278 ipsi
1849 1193 1931 1261 bobi
1954 1191 2188 1280 laboraberit,
2204 1196 2239 1262 et
2256 1191 2379 1262 binum

523 1361 642 1412 meum
666 1342 759 1430 quod
782 1343 869 1410 abeo
893 1344 931 1410 in
955 1342 1072 1410 locum
1094 1341 1240 1430 silia,et
1264 1362 1337 1411 una
1359 1345 1438 1410 boto
1461 1362 1542 1410 oum
1565 1343 1690 1410 binum
1712 1341 1806 1428 quod
1830 1344 1914 1410 abet
1937 1343 2013 1428 ipse
2036 1341 2143 1412 disiio
2166 1343 2209 1412 de
2233 1344 2309 1430 ipso
2325 1343 2376 1410 lo·

525 1514 607 1565 cum
630 1497 802 1582 nuceria,
827 1499 862 1564 et
884 1499 1059 1582 quantum
1082 1496 1217 1563 hictum
1240 1495 1342 1562 modo
1366 1497 1453 1564 abeo
1477 1496 1515 1562 in
1540 1495 1615 1582 ipso
1639 1496 1753 1563 locum
1777 1496 1954 1583 nuceria,
1980 1501 2016 1564 et
2039 1499 2216 1582 quantum
2247 1498 2377 1566 mobile
2457 1541 2466 1554 ·

527 1668 594 1739 ego
618 1652 657 1718 in
679 1667 764 1718 casa
790 1651 892 1736 abeo,
917 1668 980 1718 seu
1002 1651 1038 1717 et
1062 1649 1171 1718 deant
1193 1649 1292 1715 vobis
1315 1648 1483 1718 iamdicto
1507 1652 1621 1718 mater
1645 1653 1681 1717 et
1703 1649 1792 1735 filia,
1817 1651 1939 1736 petrus
1961 1655 1998 1718 et
2024 1649 2245 1736 grimoaldus
2268 1653 2376 1719 comi·
2448 1689 2452 1696 ·

521 1805 620 1874 tibus
643 1803 686 1872 de
711 1823 792 1873 mea
815 1822 939 1892 causa,
964 1804 1067 1871 cuius
1090 1820 1156 1890 ego
1179 1801 1281 1869 illum
1298 1804 1337 1870 in
1353 1822 1501 1872 manum
1524 1803 1645 1872 emisit
1662 1805 1905 1893 quadraginta
1921 1806 2002 1875 auri
2017 1806 2146 1874 solidos
2160 1807 2203 1874 de
2219 1809 2288 1877 tari
2305 1826 2377 1878 ana

527 1961 682 2043 quatuor
717 1956 790 2026 tari
824 1975 888 2043 per
912 1955 1065 2042 solidos;
1096 1958 1133 2024 et
1156 1954 1281 2022 amodo
1304 1960 1339 2024 et
1363 1974 1475 2044 usque
1498 1975 1562 2024 sex
1585 1957 1672 2026 anni
1698 1957 1898 2044 completim
1928 1975 1989 2024 vos
2013 1958 2181 2026 iamdicta
2204 1963 2321 2027 mater
2344 1967 2379 2028 et

529 2109 607 2179 filia
629 2110 819 2179 resideatis
841 2115 878 2180 et
900 2109 1049 2180 abitetis
1073 2111 1112 2178 in
1135 2127 1220 2178 casa
1243 2128 1323 2178 mea
1346 2108 1389 2178 de
1412 2111 1510 2178 intus
1534 2127 1574 2177 ec
1597 2109 1810 2197 cibitatem,
1838 2111 1931 2180 siout
1965 2110 2137 2198 scriptum
2171 2114 2377 2182 testamenti

528 2265 700 2351 continet,
716 2264 810 2350 quod
825 2283 891 2353 ego
906 2265 952 2334 ad
967 2265 1100 2334 obitum
1115 2251 1242 2332 meum
1264 2264 1361 2349 fecit,
1378 2264 1423 2333 ad
1439 2265 1614 2333 securiter
1631 2268 1667 2333 et
1684 2265 1835 2333 firmiter
1858 2265 1982 2335 amodo
1997 2269 2033 2334 et
2048 2283 2187 2352 semper
2206 2283 2267 2333 vos
2283 2267 2373 2335 iam-

529 2413 628 2482 dicta
651 2419 768 2484 mater
792 2421 828 2485 et
850 2416 927 2486 filia
949 2421 985 2485 et
1009 2421 1144 2485 vestros
1168 2417 1290 2484 eredes
1313 2414 1437 2484 inolito
1460 2416 1666 2502 supradicto
1689 2415 1817 2483 mobile
1833 2416 2012 2484 abendum
2028 2421 2064 2484 et
2079 2415 2282 2486 iaciendum
2299 2414 2382 2484 inde

531 2568 653 2637 omnia
677 2568 770 2655 quod
793 2569 1005 2656 bolueritis,
1040 2571 1076 2638 et
1100 2569 1179 2656 ipsa
1203 2571 1310 2638 rebus
1333 2569 1461 2639 stabile
1484 2570 1607 2638 amodo
1630 2571 1768 2639 abeatis
1791 2573 1828 2638 et
1859 2569 2051 2640 detineatis
2080 2570 2121 2676 in
2150 2570 2213 2640 illa
2239 2571 2380 2639 ratione

532 2741 601 2808 que
625 2741 732 2810 super
755 2722 900 2811 legitur.
925 2722 1024 2791 Unde
1047 2737 1111 2808 pro
1134 2722 1417 2791 confirmandam
1441 2726 1477 2790 et
1499 2721 1788 2791 stabiliscendam
1811 2721 2017 2808 supradicta
2051 2741 2130 2792 mea
2163 2723 2378 2811 donatione,

529 2897 601 2946 nuo
624 2880 838 2966 apresentis
861 2877 956 2947 iusta
981 2879 1095 2966 legem
1119 2877 1297 2964 launegilt
1320 2894 1384 2964 pro
1407 2875 1485 2944 bice
1509 2878 1629 2944 vestra
1651 2875 1788 2961 recepit
1810 2893 1876 2963 ego
1899 2875 2091 2944 iamdictus
2122 2877 2240 2946 astilio
2263 2877 2310 2948 da
2333 2879 2383 2946 io·

527 3038 668 3104 hannes
691 3053 863 3122 germano
886 3038 1020 3119 tuaque
1043 3033 1170 3120 desege
1193 3030 1403 3100 mantellum
1427 3048 1538 3098 unum
1561 3029 1601 3097 in
1624 3029 1737 3098 omnis
1760 3031 2047 3118 deliberatione,
2087 3032 2181 3101 sicut
2204 3034 2299 3102 inter
2323 3052 2387 3102 nos

531 3185 722 3272 combenit5
747 3188 789 3254 de
813 3205 884 3271 qua
907 3184 1026 3272 obligo
1049 3198 1105 3249 me
1128 3179 1316 3250 iamdictus
1338 3180 1457 3250 astilfo
1480 3187 1515 3252 et
1539 3201 1634 3251 meos
1658 3183 1779 3252 eredes
1795 3183 1919 3253 amodo
1934 3191 1970 3253 et
1984 3203 2121 3272 semper
2138 3186 2385 3255 antistandum

528 3348 565 3412 et
587 3339 845 3410 defensandum
868 3339 966 3406 vobis
988 3339 1188 3424 ¹vestrisque
1212 3335 1375 3404 eredibus
1399 3337 1528 3408 inolita
1552 3339 1668 3406 omnis
1695 3341 1901 3426 supradicta
1924 3360 2007 3410 mea
2041 3341 2231 3410 donatione
2259 3342 2299 3409 in
2320 3341 2386 3412 illa

530 3495 685 3580 ratione,
710 3492 865 3579 qualiter
888 3509 995 3578 super
1018 3491 1164 3580 legitur,
1187 3491 1233 3560 da
1256 3510 1378 3560 omnes
1400 3490 1536 3558 omines
1560 3490 1726 3578 omnique
1749 3493 1914 3578 partibus
1937 3512 2019 3561 cum
2044 3495 2122 3563 bice
2145 3495 2188 3562 de
2218 3493 2276 3562 bie
2305 3513 2385 3580 sue3

532 3647 564 3715 si
587 3653 731 3733 autem,
755 3647 848 3714 sicut
871 3645 1005 3713 dictum
1028 3648 1105 3732 est,
1130 3643 1251 3713 taliter
1274 3643 1356 3713 illut
1378 3643 1477 3713 vobis
1500 3644 1699 3734 vestrisque
1722 3646 1887 3716 eredibus
1908 3647 2094 3717 defensare
2125 3645 2209 3714 non
2228 3648 2386 3735 potueri-

532 3820 626 3890 mus,
649 3807 724 3890 tuc,
746 3801 840 3870 sicut
862 3801 901 3867 in
924 3800 983 3869 lex
1005 3800 1330 3900 langnobardorum
1352 3801 1395 3867 de
1418 3800 1549 3868 donum
1574 3803 1610 3868 et
1635 3799 1811 3888 launegilt
1845 3801 2032 3887 continet,
2070 3799 2328 3888 adimpleamus
2354 3805 2390 3869 et

533 3955 775 4045 persolbamus
798 3956 896 4023 vobis
919 3955 1118 4040 vestrisque
1140 3954 1305 4022 eredibus
1328 3953 1494 4040 iustitia3
1525 3957 1561 4021 et
1584 3951 1615 4020 si
1639 3952 1761 4022 taliter
1790 3953 1911 4022 omnia
1937 3953 2183 4041 suprascripta
2206 3953 2306 4022 vobis
2330 3972 2392 4022 ve·

536 4110 694 4196 strisque
716 4105 880 4176 eredibus
902 4124 966 4194 per
988 4104 1194 4193 supradicto
1217 4102 1340 4173 ordine
1363 4121 1435 4171 non
1458 4103 1763 4174 defensaberimus
1785 4110 1822 4173 et
1845 4106 1986 4193 aliquit,
2011 4105 2054 4174 de
2077 4109 2255 4192 quantum
2284 4125 2391 4194 supe-

536 4261 614 4330 rius
637 4258 784 4348 legitur,
808 4261 990 4328 remobere
1014 4259 1078 4328 aut
1102 4261 1267 4326 contrare
1291 4255 1550 4346 quesierimus,
1583 4261 1620 4328 et
1654 4258 1899 4345 quodcumque
1933 4258 2157 4329 causationes
2184 4259 2267 4328 inde
2291 4261 2392 4330 vobis

538 4413 739 4501 vestrisque
764 4413 929 4482 eredibus
952 4410 1250 4499 proposuerimus,
1276 4428 1484 4498 componere
1508 4412 1626 4500 obligo
1649 4431 1705 4482 me
1728 4417 1764 4482 et
1787 4431 1883 4482 meos
1905 4413 2027 4483 eredes
2061 4417 2160 4483 vobis
2190 4414 2393 4502 vestrisque

540 4568 707 4638 eredibus
729 4568 920 4636 duocentos
941 4565 1021 4637 auri
1047 4563 1175 4634 solidos
1198 4567 1444 4634 constantinus
1468 4569 1504 4635 et
1537 4563 1659 4634 omnia
1693 4567 1942 4654 suprascripta
1965 4565 2066 4634 vobis
2096 4567 2294 4654 vestrisque
2317 4585 2394 4637 ere·

543 4723 649 4792 dibus
672 4722 931 4824 adimpleamus
953 4721 993 4788 in
1017 4720 1081 4791 illa
1104 4721 1258 4808 ratione,
1282 4739 1351 4806 que
1374 4719 1539 4807 superius
1563 4718 1710 4807 legitur,
1733 4723 1769 4788 et
1791 4720 1930 4806 questio
1945 4723 1981 4787 et
1997 4720 2155 4790 causatio
2179 4725 2304 4790 nostra
2321 4720 2396 4790 sint

546 4875 677 4945 exinde
700 4875 812 4946 tacita
835 4879 871 4943 et
892 4876 1020 4944 baoua.
1046 4875 1304 4941 Verumtamen
1327 4875 1363 4940 et
1382 4881 1554 4958 organea,
1579 4871 1641 4939 ubi
1664 4872 1765 4941 modo
1788 4871 1865 4960 ipso
1888 4871 2014 4939 binum
2036 4876 2091 4940 est
2111 4871 2154 4941 de
2179 4873 2259 4960 ipso
2283 4872 2398 4943 locum

546 5028 645 5117 silia,
669 5029 770 5096 vobis
793 5027 972 5099 iamdictis
995 5032 1109 5098 mater
1132 5031 1168 5094 et
1190 5025 1264 5095 filie
1287 5025 1513 5113 donabimus,
1536 5027 1573 5093 et
1596 5025 1720 5094 taliter
1743 5026 1900 5094 scribere
1929 5025 2136 5112 rogabimus
2152 5032 2187 5096 te
2212 5027 2399 5114 iaquintus

549 5183 728 5268 notarius,
752 5187 873 5252 actum
895 5181 1049 5250 salerno.
1073 5181 1119 5248 Et
1142 5198 1182 5246 oc
1206 5178 1433 5248 recordamus
1453 5181 1490 5247 et
1513 5178 1629 5248 licead
1653 5195 1714 5246 vos
1737 5177 1905 5247 iamdicta
1938 5183 2053 5248 mater
2087 5183 2125 5249 et
2147 5179 2224 5252 filia
2254 5187 2291 5251 et
2313 5181 2400 5250 filiis

547 5339 588 5404 et
610 5336 697 5423 illie,
721 5334 815 5422 qnod
838 5333 916 5421 ipsa
939 5333 1115 5421 gemmola
1138 5331 1181 5399 de
1205 5330 1283 5398 biro
1306 5349 1370 5399 suo
1393 5329 1586 5418 genuerit,
1610 5328 1726 5398 licead
1750 5329 1828 5416 ipsa
1851 5331 1957 5398 robus
1989 5331 2153 5402 laborare
2175 5337 2212 5402 et
2235 5334 2282 5402 ad
2305 5333 2401 5402 labo-

549 5489 703 5560 randum
727 5489 827 5576 dare,
851 5506 960 5575 asque
983 5485 1276 5555 contrarietatem
1298 5483 1341 5552 de
1364 5499 1459 5550 meos
1481 5482 1615 5552 eredes.
1641 5485 1688 5554 Et
1708 5483 1831 5554 taliter
1854 5487 2072 5574 subiungere
2103 5487 2252 5556 fecimus
2280 5493 2318 5559 te
2340 5508 2403 5559 su-

549 5647 672 5734 perius
694 5643 810 5714 dictus
834 5644 1019 5732 iaquintus
1041 5639 1218 5710 notarius.

596 5772 628 5888 †
653 5800 728 5888 Ego
751 5797 813 5885 qui
841 5813 952 5883 supra
975 5790 1259 5882 ragemprandus
1284 5792 1406 5862 iudex.
