5466 7106
1050 559 1446 634 diplomaticus
2047 559 2112 630 177

308 795 434 864 demus
456 810 580 862 eorum
602 797 706 862 tanta
730 808 901 880 organea,
926 792 986 858 ubi
1011 795 1137 878 posant
1159 791 1303 860 mittere
1327 809 1389 878 per
1414 810 1550 860 annum
1567 791 1645 880 ipsa
1659 795 1783 858 nostra
1807 788 1998 857 medietate
2014 787 2057 855 de
2083 785 2161 873 ipso

307 949 447 1024 vinum,
474 947 568 1033 quod
591 945 634 1014 de
657 944 732 1012 illis
756 945 859 1012 nobis
882 945 1034 1032 benerit,
1059 951 1094 1012 ot
1114 944 1188 1013 illis
1204 943 1411 1012 annualiter
1428 945 1507 1031 ipsa
1524 961 1684 1030 organea
1700 944 1875 1028 concient,
1892 945 1928 1010 et
1944 942 2017 1027 ipso
2033 941 2158 1008 vinum

311 1103 475 1168 nostrum
500 1096 686 1184 adipsum
710 1095 898 1166 cellarium
920 1099 1082 1162 nostrum
1106 1099 1248 1182 portent
1270 1099 1306 1163 et
1328 1097 1367 1163 in
1391 1097 1470 1182 ipsa
1493 1113 1651 1183 organea
1674 1095 1840 1182 mittant,
1867 1095 1959 1162 sicut
1982 1110 2091 1177 supra
2114 1089 2162 1160 le-

314 1251 427 1338 gitur,
451 1251 487 1317 et
510 1249 585 1334 ipso
608 1247 756 1316 missum
780 1249 942 1315 nostrum
967 1247 1174 1316 annualiter
1198 1247 1377 1335 nutriant,
1402 1268 1513 1335 usque
1536 1251 1621 1317 dum
1636 1267 1698 1335 per
1715 1267 1850 1318 annum
1866 1266 1930 1335 pro
1946 1247 2021 1334 ipse
2036 1245 2158 1314 vinde·

308 1405 379 1472 mie
404 1402 455 1469 ibi
479 1401 661 1488 steterint,
685 1401 778 1468 sicut
801 1398 974 1467 meruerit
989 1403 1024 1467 et
1041 1399 1181 1468 illorum
1206 1400 1314 1470 fuerit
1337 1401 1599 1489 possivilitatis,
1624 1407 1660 1469 et
1682 1403 1809 1472 darent
1832 1401 1934 1468 nobis
1957 1398 2158 1487 palmenta·

309 1554 383 1620 tica
408 1551 628 1638 annualiter,
653 1550 745 1618 sicut
768 1549 953 1619 meruerit.
978 1551 1023 1620 Et
1045 1552 1088 1620 de
1112 1553 1205 1638 quod
1224 1553 1349 1622 amodo
1364 1558 1400 1622 et
1416 1573 1542 1642 senper
1558 1573 1621 1642 per
1637 1574 1775 1626 annum
1791 1556 1830 1622 in
1846 1555 1925 1642 ipsa
1941 1553 2155 1622 tradictione
2181 1597 2184 1604 «

310 1701 585 1791 seminaberint,
609 1703 718 1772 deant
741 1703 824 1772 inde
846 1704 960 1790 nobis,
984 1704 1040 1772 vel
1056 1705 1094 1771 in
1110 1723 1194 1792 pars
1209 1705 1322 1792 ipsius
1338 1706 1486 1774 ecclesie
1502 1727 1564 1794 per
1588 1709 1703 1774 omnis
1720 1725 1857 1776 annum
1874 1705 2087 1775 terraticum
2104 1725 2158 1773 se·

310 1857 464 1925 cundum
488 1857 781 1927 consuetudinem
806 1858 849 1926 de
873 1859 950 1944 ipso
972 1858 1116 1946 locum,
1144 1862 1181 1928 et
1203 1859 1374 1947 obligavit
1397 1879 1434 1928 se
1457 1862 1533 1948 ipse
1557 1863 1667 1930 abbas
1690 1862 1727 1928 et
1750 1877 1969 1928 successores
1993 1877 2075 1926 suos
2099 1859 2161 1928 de·

310 2012 522 2081 t'ensandum
547 2011 661 2098 ipsius
684 2013 841 2082 mirandi
874 2017 911 2081 et
943 2014 988 2082 ad
1012 2013 1111 2082 illius
1133 2013 1255 2082 eredes
1281 2015 1405 2083 amodo
1429 2018 1465 2082 et
1487 2032 1613 2100 senper
1637 2012 1845 2101 supradicta
1867 2012 2050 2100 tradictio,
2081 2031 2163 2079 cum

311 2165 388 2232 bice
411 2165 454 2232 de
477 2163 540 2234 via
562 2182 643 2253 sua,
667 2166 713 2234 da
736 2183 857 2235 omnes
880 2167 1018 2236 omines
1042 2167 1209 2255 omnique
1226 2166 1402 2254 partibus:
1420 2170 1553 2254 preter,
1570 2165 1675 2253 quale
1690 2171 1835 2252 tenpore
1859 2167 1935 2251 ipse
1959 2164 2166 2252 mirandus,

310 2319 367 2388 vel
391 2321 466 2388 suis
489 2319 654 2388 eredibus
677 2320 757 2407 ipsa
779 2303 948 2390 tradictio
972 2320 1011 2386 in
1035 2321 1240 2407 supradicto
1262 2322 1387 2390 ordine
1409 2326 1532 2390 tenere
1548 2325 1584 2389 et
1599 2320 1762 2391 laborare
1785 2338 1858 2387 non
1881 2319 2078 2406 boluerint,
2096 2323 2163 2387 aut

311 2485 384 2536 non
407 2471 605 2557 potuerint,
627 2474 714 2538 tunc
737 2473 814 2540 tota
837 2474 873 2539 et
894 2469 1023 2540 inolita
1037 2472 1117 2559 ipsa
1130 2473 1298 2541 tradictio
1314 2493 1377 2561 per
1394 2473 1599 2561 supradicto
1614 2474 1740 2542 ordine
1757 2473 1935 2562 laborata,
1947 2477 1984 2542 et
2000 2478 2162 2561 operata,

309 2627 346 2691 et
368 2623 519 2711 cultata,
543 2627 581 2693 et
604 2624 703 2694 clusa
726 2629 928 2696 rebertatur
951 2625 998 2695 ad
1020 2629 1231 2713 potestatem
1255 2625 1368 2712 ipsius
1382 2625 1529 2694 ecclesie
1552 2627 1668 2694 sancti
1692 2626 1859 2714 maximi,
1885 2627 1931 2696 ad
1957 2625 2162 2696 faciendum

310 2774 401 2860 quod
425 2773 593 2862 boluerit;
618 2781 653 2846 ct
677 2778 709 2845 si
732 2770 775 2846 de
798 2779 1020 2864 pertinentia
1043 2781 1189 2847 nucerio
1212 2778 1368 2848 exierint
1384 2795 1447 2864 pro
1462 2779 1576 2847 aliubi
1600 2778 1646 2846 ad
1668 2777 1893 2866 avitandum,
1918 2779 1973 2846 vel
1997 2779 2027 2846 si
2051 2779 2160 2848 talem

311 2929 462 2999 iecerint
484 2932 638 3020 culpam,
663 2932 758 3002 unde
781 2933 940 3002 cecidere
963 2933 1127 3020 debeant,
1151 2931 1317 3001 similiter
1340 2934 1415 3001 tota
1437 2931 1515 3017 ipsa
1537 2930 1716 3016 tradiotio,
1741 2933 1833 3000 siout
1863 2947 1974 3018 supra
1997 2932 2162 3020 legitur,

311 3084 514 3152 robertatur
538 3084 584 3152 ad
606 3088 817 3171 potestatem
840 3085 886 3154 da
909 3103 993 3171 pars
1010 3086 1123 3172 ipsius
1138 3085 1286 3153 ecclesie
1309 3083 1426 3152 sancti
1450 3083 1614 3171 maximi,
1638 3084 1685 3153 ad
1708 3084 1910 3154 laciendum
1933 3084 2027 3171 quod
2042 3084 2162 3152 bolue-

310 3237 371 3304 rit.
398 3236 498 3305 Unde
521 3237 561 3303 in
584 3254 626 3305 eo
649 3236 772 3304 ordine
795 3255 860 3324 per
882 3236 1134 3306 conbenientia
1156 3236 1291 3324 guadia
1314 3233 1425 3303 michi
1450 3233 1524 3322 ipse
1538 3235 1725 3304 mirandus
1747 3235 1859 3322 dedit,
1875 3239 1911 3303 et
1929 3235 2161 3306 mediatorem

310 3387 423 3457 michi
448 3389 549 3475 posui
573 3389 759 3476 iaquintus
781 3389 879 3457 filius
901 3389 1051 3457 iohanni
1075 3387 1216 3457 altrude
1241 3388 1285 3456 de
1308 3387 1424 3455 locum
1446 3405 1515 3472 pao
1528 3407 1539 3471 ;
1568 3390 1604 3454 et
1626 3405 1689 3472 per
1714 3385 1794 3475 ipsa
1817 3386 1954 3472 guadia
1987 3385 2163 3475 obligavit

311 3555 349 3606 se
371 3539 449 3626 ipso
471 3539 658 3610 mirandus
681 3544 717 3609 et
739 3558 819 3608 suos
843 3541 964 3610 eredes
988 3539 1244 3628 adimplendum
1267 3537 1376 3607 michi
1408 3540 1592 3608 nominato
1625 3539 1788 3608 mosandi
1824 3539 2009 3629 diaeonus,
2042 3543 2098 3610 vel
2125 3544 2163 3609 in

310 3711 395 3778 pars
417 3693 531 3781 ipsius
555 3693 703 3764 ecclesie
725 3696 847 3764 omnia
869 3696 1115 3782 suprascripta
1137 3713 1200 3781 per
1223 3694 1428 3780 supradicto
1456 3691 1593 3770 ordine;
1627 3697 1664 3762 et
1699 3695 1730 3762 si
1764 3691 1885 3762 taliter
1914 3698 1978 3763 etc.
2015 3696 2164 3763 Stotnta

314 3849 449 3917 nentota
471 3849 602 3934 nipintt
625 3849 713 3915 anna·
734 3847 931 3916 solidorum
956 3847 1199 3915 Constantini.
1225 3849 1470 3915 verumtamen
1494 3845 1573 3931 ipsa
1596 3844 1768 3918 medietas
1798 3847 1896 3916 inira
1919 3849 2163 3937 suprascripte

313 4001 398 4070 finis
420 4006 456 4070 et
478 4002 683 4088 mensurie,
708 4001 801 4088 quod
824 3999 990 4087 superius
1012 3999 1051 4066 in
1075 3998 1279 4086 supradicto
1302 3997 1426 4068 ordine
1449 3999 1563 4086 ipsius
1586 4000 1744 4069 mirandi
1779 4000 2007 4090 tradidimus„
2042 4007 2097 4072 est
2120 4003 2161 4070 in

311 4169 395 4238 pars
418 4151 639 4239 occidentis,
673 4154 710 4219 et
733 4151 811 4239 ipsa
835 4149 910 4222 alia
932 4150 1104 4220 medietas
1127 4151 1165 4219 in
1188 4170 1275 4240 pars
1296 4152 1447 4222 orientis
1471 4156 1647 4223 remansit
1668 4155 1715 4224 ad
1748 4159 1961 4243 potestatem
1997 4157 2161 4244 supradi-

311 4309 366 4372 cte
388 4305 536 4373 ecclesie
559 4303 676 4372 sancti
699 4302 863 4390 maximi,
888 4302 982 4389 quod
1004 4321 1071 4391 ego
1094 4303 1320 4391 supradictus
1343 4306 1538 4376 musandus
1560 4307 1733 4380 diaconus
1756 4310 1796 4378 in
1812 4309 2026 4378 beneficium
2041 4313 2165 4398 teneo,

310 4463 347 4527 et
369 4475 440 4526 unc
462 4458 606 4526 brebem
628 4456 757 4545 scripsi
779 4473 846 4544 ego
869 4455 1015 4525 alderici
1039 4457 1213 4527 notarius

356 4577 387 4694 †
411 4607 487 4695 Ego
509 4607 674 4678 alderissi
698 4610 863 4678 notarius
886 4625 943 4676 me
966 4606 1159 4677 subscribsi

354 4734 387 4850 †
409 4764 485 4850 Ego
508 4764 693 4850 iaquintus
717 4761 881 4832 notarius
904 4780 961 4830 me
984 4761 1191 4848 subscripsi.
