5466 7106
627 555 671 627 72
1270 553 1436 632 CODEX
1470 555 1738 630 olvuhsls

579 801 777 854 mensuras.
807 787 839 854 Α
862 790 965 873 parte
989 788 1138 857 meridie
1161 790 1232 856 fine
1256 787 1315 858 bia
1338 773 1401 876 qui
1425 784 1545 877 pergit
1568 781 1614 853 ad
1638 790 1745 874 ponte
1771 785 1951 872 lapideum
1975 789 2059 854 sunt
2086 784 2169 855 inde
2194 788 2288 874 passi
2311 793 2434 861 octua-

578 937 684 1024 ginta
706 955 787 1006 sex:
813 939 844 1005 A.
858 943 960 1026 parte
984 937 1176 1008 occidentis
1193 939 1262 1007 fine
1277 943 1377 1008 terra
1392 939 1633 1027 pertinentem
1651 938 1836 1024 aecclesie,
1854 940 1977 1006 sancte
1994 937 2107 1006 marie
2122 937 2261 1026 plebem
2283 938 2327 1007 dc
2352 940 2428 1027 ipso

579 1088 695 1158 locum
710 1092 859 1162 nuceria
883 1095 918 1162 et
933 1093 1003 1161 fine
1019 1093 1062 1160 dc
1084 1091 1205 1160 eredes
1228 1091 1404 1180 edelgari,
1420 1094 1505 1160 sunt
1530 1091 1613 1160 inde
1636 1091 1732 1178 passi
1757 1089 2022 1178 quinquaginta
2050 1107 2176 1176 unum3
2201 1093 2247 1158 Et
2271 1092 2318 1161 da
2343 1093 2426 1162 inde

580 1245 782 1314 revolbente
808 1245 846 1314 in
869 1249 973 1333 parte
997 1245 1147 1314 orientis
1170 1247 1266 1315 iusta
1289 1246 1360 1314 fine
1383 1245 1425 1313 de
1442 1246 1588 1314 heredes
1604 1243 1767 1332 liutardi,
1785 1247 1869 1314 sunt
1892 1243 1975 1312 inde
1998 1245 2095 1331 passi
2115 1244 2246 1331 viginti
2270 1245 2355 1331 duo;
2382 1247 2427 1315 Et

579 1397 626 1468 da
660 1398 743 1466 inde
770 1415 834 1485 per
860 1398 947 1468 eade
969 1397 1040 1466 fine
1063 1401 1233 1486 pergente
1255 1397 1294 1464 in
1317 1401 1420 1485 parte
1443 1396 1593 1465 meridie
1616 1398 1711 1484 passi
1735 1396 2005 1484 quadraginta3
2031 1397 2076 1464 Et
2099 1397 2146 1466 da
2169 1397 2327 1484 completi
2352 1399 2422 1485 ipsi

579 1550 822 1638 quadraginta
844 1569 964 1638 passos
980 1551 1113 1620 iterum
1129 1571 1191 1639 per
1208 1549 1286 1638 ipsa
1310 1551 1381 1618 fine
1405 1551 1607 1619 rebolbente
1631 1550 1670 1616 in
1694 1551 1797 1634 parte
1820 1550 1969 1617 orientis
1993 1551 2146 1637 indeque
2169 1569 2231 1637 per
2257 1551 2335 1638 ipsa
2352 1552 2425 1618 fine

580 1704 622 1773 de
646 1704 793 1773 heredes
818 1704 931 1792 ipsius
955 1705 1117 1792 edelgari
1141 1701 1235 1790 passi
1260 1703 1416 1790 triginta
1440 1721 1516 1789 sex;
1536 1707 1576 1799 et
1599 1703 1645 1770 ab
1669 1701 1750 1770 inde
1767 1701 1933 1771 similiter
1949 1723 2011 1790 per
2028 1660 2157 1770 fine'de
2172 1703 2295 1774 eredes
2309 1703 2424 1792 ipsius

580 1859 742 1947 edelgari
761 1859 904 1928 abiente
922 1865 960 1928 in
976 1863 1078 1948 parte
1108 1858 1257 1927 meridie
1280 1859 1375 1946 passi
1401 1857 1533 1946 triginti
1549 1862 1637 1945 tres;
1661 1863 1697 1926 et
1720 1861 1765 1927 ab
1791 1859 1873 1926 inde
1896 1862 2066 1945 pergente
2090 1859 2129 1927 in
2153 1863 2255 1946 parte
2272 1859 2428 1930 orientis

578 2015 675 2102 passi
700 2013 830 2102 biginti
855 2015 936 2082 duo:
966 2017 995 2082 Α
1018 2018 1121 2100 parte
1144 2012 1294 2082 orientis
1316 2013 1387 2082 fine
1410 2013 1590 2101 guaimari
1616 2014 1782 2101 comitiS,
1807 2017 1891 2082 sunt
1914 2013 1996 2082 inde
2022 2031 2134 2100 usque
2156 2014 2235 2101 ipsa
2266 2015 2327 2084 hia
2358 2034 2425 2102 pu-

580 2171 674 2239 blica
697 2170 815 2258 priore
838 2169 945 2239 finem
969 2173 1065 2257 passi
1090 2173 1233 2237 centum
1256 2189 1320 2238 sex
1343 2169 1389 2238 ad
1411 2169 1504 2238 iusto
1526 2188 1668 2256 passum
1693 2169 1829 2239 homini
1851 2175 2107 2266 mensuratum.
2132 2173 2250 2240 Rebus
2274 2171 2345 2242 ista
2361 2192 2426 2260 per

580 2323 770 2394 iamdictas
787 2323 875 2392 fines
898 2326 933 2392 et
955 2340 1158 2408 mensuras,
1182 2341 1251 2408 que
1276 2325 1330 2390 est
1354 2341 1434 2390 cum
1458 2319 1615 2390 arbustis
1638 2323 1762 2392 vitatis
1785 2342 1848 2392 seu
1871 2327 2025 2394 baeuum
2049 2297 2121 2392 uno
2144 2327 2352 2414 tenientem‚
2378 2329 2434 2396 in-

579 2481 722 2564 tegram
744 2475 845 2544 illam
869 2476 971 2543 nobis
995 2466 1147 2542 tradidit
1169 2493 1249 2542 cum
1274 2473 1350 2541 bice
1372 2473 1416 2542 de
1440 2474 1518 2562 ipsa
1541 2473 1613 2561 bia,
1632 2473 1708 2541 Tali
1733 2475 1932 2564 hordinem,
1951 2481 1992 2545 ut
2015 2476 2139 2545 amodo
2162 2481 2199 2546 et
2222 2495 2359 2563 semper
2384 2479 2430 2546 ad

580 2632 704 2698 nostra
727 2633 763 2698 et
786 2630 829 2698 de
852 2629 984 2697 nostris
1007 2629 1212 2717 heredibus,
1229 2631 1334 2696 natos
1358 2629 1560 2715 nascentes,
1578 2626 1652 2694 sint
1675 2625 1863 2714 potestatis
1880 2625 1963 2694 illut
1979 2627 2173 2696 tenendum
2190 2631 2226 2698 et
2242 2627 2429 2699 dominan-

578 2785 691 2872 dum,
715 2787 750 2853 et
773 2784 872 2854 sobee
895 2787 931 2852 et
954 2784 1070 2852 omnis
1093 2785 1218 2851 nostre
1244 2781 1416 2852 utilitatis
1441 2780 1573 2849 ibidem
1597 2779 1799 2849 iaciendum
1823 2781 1921 2849 iusta
1944 2783 2151 2869 rationem,
2175 2787 2211 2852 et
2235 2783 2331 2854 iusta
2356 2786 2432 2872 ipsa

579 2937 641 3008 bia
664 2937 746 3006 illut
770 2937 955 3007 cludamus
978 2942 1014 3006 et
1037 2955 1175 3024 semper
1199 2935 1280 3004 illut
1302 2935 1440 3004 clusum
1464 2937 1645 3019 abeamuS,
1670 2937 1706 3001 et
1730 2950 1815 3001 casa
1838 2933 1888 3001 ibi
1912 2933 2109 3022 saciamuS,
2134 2939 2170 3004 et
2194 2955 2258 3004 nos
2281 2937 2433 3006 nostris·

580 3112 649 3181 que
672 3091 892 3178 heredibus,
917 3092 993 3160 sive
1017 3109 1110 3158 unus
1134 3110 1181 3160 ex
1203 3089 1306 3158 nobis
1329 3088 1529 3176 nostrisque
1552 3087 1755 3175 heredibus,
1780 3107 1918 3176 semper
1942 3089 1993 3158 ibi
2017 3089 2235 3159 resideamus
2258 3095 2295 3160 et
2318 3094 2435 3162 abite·

580 3263 672 3314 mus.
702 3245 745 3312 Et
774 3249 850 3314 tota
873 3249 979 3314 rebus
1004 3242 1081 3330 ipsa
1104 3261 1166 3330 per
1190 3241 1379 3311 iamdictas
1403 3243 1491 3310 lines
1515 3246 1552 3311 et
1574 3260 1761 3312 mensuras
1781 3241 1987 3312 annualiter
2009 3247 2275 3338 aptotempore
2300 3244 2434 3316 lavore-

582 3419 662 3470 mus
685 3397 728 3466 de
752 3415 858 3485 super
881 3401 917 3467 et
940 3399 983 3466 de
1006 3395 1147 3484 suptor',
1170 3401 1226 3483 et,
1249 3395 1310 3462 ubi
1335 3396 1526 3482 meruerit,
1551 3395 1647 3464 infra
1669 3396 1745 3482 ipso
1768 3398 1954 3464 arbustum
1977 3398 2123 3465 arbores
2150 3402 2186 3466 et
2209 3399 2300 3466 vites
2330 3398 2432 3486 plan-

579 3557 695 3623 temus
718 3555 755 3621 et
777 3551 990 3640 propagines
1012 3552 1211 3637 tragamuS,
1228 3554 1264 3618 et
1287 3549 1326 3616 in
1350 3553 1463 3617 totum
1487 3549 1562 3635 ipso
1585 3547 1765 3634 bacibunr,
1783 3547 1845 3634 qui
1868 3551 1922 3617 est
1946 3551 1986 3616 in
2010 3550 2089 3637 ipsa
2104 3549 2349 3638 traditionem,
2367 3571 2432 3638 pa-

581 3710 774 3794 stcnemus,
798 3703 965 3773 similiter
988 3704 1133 3772 arbores
1149 3707 1185 3770 et
1207 3703 1298 3770 vites
1320 3702 1363 3770 de
1388 3704 1478 3769 bono
1502 3700 1630 3770 vitinio
1653 3700 1707 3769 vel
1731 3701 1857 3788 pomiS,
1882 3704 1919 3770 et
1942 3705 2058 3770 totum
2082 3702 2164 3770 illut
2180 3703 2376 3772 studiemus
2393 3707 2430 3772 ct

581 3858 766 3944 cultemuS,
791 3875 853 3926 seu
878 3857 1076 3927 lavoromus
1099 3855 1142 3924 de
1166 3873 1271 3942 super
1295 3859 1331 3923 et
1354 3854 1398 3922 de
1421 3813 1570 3942 supter,
1598 3853 1691 3921 sicut
1713 3850 1810 3920 locus
1836 3854 1910 3940 ipse
1935 3857 2138 3941 meruerit,
2164 3861 2204 3925 ul
2226 3875 2364 3944 semper
2391 3856 2431 3925 in

580 4014 708 4084 melius
732 4011 901 4100 proficiad
924 4015 960 4080 et
984 4029 1056 4078 non
1080 4010 1266 4097 disperead
1287 4013 1323 4077 ct
1348 4012 1477 4076 bonum
1501 4007 1634 4094 paread
1657 4008 1887 4096 lavoratum,
1914 4013 1950 4076 et
1972 4030 2097 4080 curam
2120 4017 2156 4081 et
2180 4013 2429 4112 vigilationem

582 4165 665 4234 inde
688 4168 857 4234 abeamus
880 4167 915 4232 et
938 4163 1076 4232 salbum
1102 4147 1183 4228 illut*
1206 4160 1392 4247 faciamus,
1417 4161 1511 4228 sicut
1534 4161 1731 4249 meruerit,
1755 4163 1852 4231 iusta
1874 4163 2051 4232 rationem
2073 4169 2108 4232 et
2131 4164 2183 4234 sic
2206 4167 2429 4236 decertemus

581 4338 662 4387 cum
686 4318 761 4406 ipso
784 4319 949 4386 vacibum
962 4367 972 4405 ,
1004 4319 1065 4404 qui
1090 4317 1186 4385 inira
1209 4319 1287 4405 ipsa
1309 4315 1501 4385 traditione
1524 4319 1603 4403 est,
1627 4315 1888 4402 pastenandum
1912 4318 2032 4386 arbori
2057 4319 2093 4385 et
2117 4318 2203 4408 viti,
2227 4337 2290 4388 seu
2312 4322 2429 4407 pomis

581 4475 637 4542 vel
661 4472 875 4560 propagines
898 4469 1052 4557 traiere,
1077 4473 1116 4537 ut
1139 4467 1262 4539 amodo
1285 4473 1321 4536 et
1344 4487 1455 4554 usque
1478 4467 1597 4538 decem
1621 4467 1708 4538 anni
1732 4469 1886 4556 conpleti
1910 4471 2022 4538 totum
2048 4472 2124 4560 ipso
2155 4475 2321 4542 bacibum
2350 4493 2430 4560 ope·

581 4630 703 4696 ratum
725 4629 762 4695 et
785 4625 959 4694 cultatum
981 4624 1078 4692 siant
1100 4624 1143 4692 de
1166 4624 1256 4690 bono
1280 4625 1464 4693 arbustum
1488 4623 1640 4692 vitatum
1663 4624 1718 4692 vel
1741 4623 1878 4713 pomis,
1909 4627 2002 4693 sicut
2027 4626 2070 4694 de
2094 4631 2213 4696 tantos
2237 4646 2351 4697 annos
2376 4629 2429 4698 lo·
2470 4603 2473 4608 ⁵

580 4801 643 4852 eus
657 4781 731 4869 ipse
747 4780 928 4866 meruerit,
953 4781 994 4846 ut
1018 4781 1148 4847 bonum
1171 4781 1297 4864 pareat
1319 4781 1505 4864 operatum
1527 4781 1563 4846 et
1585 4777 1760 4848 cultatum
1783 4783 1819 4848 et
1843 4780 2052 4849 studiatum.
2078 4781 2122 4851 Et
2144 4783 2269 4852 amodo
2285 4788 2322 4851 et
2338 4803 2432 4853 sem·

580 4953 644 5024 per
669 4934 874 5004 annualiter
897 4953 960 5022 per
982 4933 1160 5002 vindemie
1183 4933 1274 5000 scire
1297 4931 1471 5002 iaciamus
1494 4933 1563 5020 ipsi
1585 4931 1735 5021 predicti
1760 4951 1864 5002 ursus
1887 4935 2062 5021 presbiter
2079 4939 2115 5005 et
2131 4936 2306 5006 iohannes
2322 4937 2432 5007 cleri·

581 5107 658 5177 cus,
682 5107 745 5157 seu
768 5109 850 5176 pars
874 5087 987 5176 ipsius
1010 5075 1169 5175 ecclesie,
1187 5093 1227 5158 ut
1249 5086 1334 5154 illuc
1359 5088 1506 5156 veniant
1528 5090 1592 5155 aut
1614 5086 1775 5174 dirigant
1799 5087 1945 5155 missum
1969 5104 2086 5174 suum,
2110 5093 2147 5158 et
2171 5107 2235 5158 nos
2258 5093 2342 5160 totis
2368 5111 2431 5161 ar·

581 5242 696 5310 bustis
721 5241 809 5328 ipsis
832 5239 875 5308 de
898 5240 977 5328 ipsa
992 5239 1221 5309 traditionem
1238 5240 1312 5308 suis
1329 5239 1544 5324 temporibus
1560 5237 1814 5307 vindemiemus
1836 5242 1872 5307 et
1895 5239 1939 5308 ad
1955 5239 2175 5328 palmentum
2199 5241 2322 5329 ibique
2345 5263 2429 5331 pro-

581 5413 746 5465 curemus
780 5396 902 5463 vinum
936 5394 1077 5482 ipsum,
1102 5399 1137 5464 et
1159 5411 1264 5481 poma
1287 5391 1417 5460 exinde
1440 5389 1649 5478 colligamus
1672 5393 1708 5458 et
1731 5389 1846 5457 omnis
1870 5390 1994 5458 vinum
2018 5398 2053 5461 et
2075 5409 2181 5479 poma
2204 5413 2314 5480 quam
2339 5393 2425 5467 inde

584 5549 741 5640 exierit,
770 5548 890 5636 ibique
914 5551 1010 5618 inter
1034 5567 1096 5616 nos
1119 5547 1321 5617 dividamus
1344 5563 1406 5631 per
1428 5543 1676 5615 medietatem:
1701 5546 1828 5614 missus
1858 5546 1901 5614 de
1931 5547 2097 5633 partibus
2129 5548 2244 5636 ipsius
2277 5550 2429 5621 ecclesie

584 5702 727 5772 tolleret
750 5701 872 5788 ibique
895 5701 977 5770 illut
1000 5700 1237 5786 medietatem,
1261 5701 1296 5767 ct
1319 5715 1382 5766 nos
1405 5697 1605 5785 nostrisque
1629 5699 1817 5768 heredibus
1841 5701 2081 5788 medietatem3
2106 5706 2142 5771 et
2159 5703 2237 5792 ipsa
2253 5703 2427 5774 medietas

586 5855 711 5921 binum
736 5853 866 5940 quein
891 5871 972 5940 pars
995 5853 1106 5938 ipsius
1129 5849 1273 5919 ecclesie
1298 5849 1379 5918 inde
1403 5851 1591 5937 evenerit,
1622 5870 1685 5919 nos
1710 5858 1850 5940 portare
1875 5853 1956 5922 illut
1979 5853 2170 5924 debeamus
2201 5874 2264 5944 per
2294 5874 2432 5926 annum
