5414 7098
1019 555 1423 628 DlPLOMATlCUS
1751 573 1758 590 ·
2061 551 2108 624 59

295 777 453 866 agellum
470 778 615 864 dicitur,
632 797 672 846 6ο
688 779 781 866 quod
797 785 881 849 ante
898 783 1069 848 bonorum
1086 779 1290 848 hominibus
1305 783 1341 848 et
1357 775 1550 865 subscripti
1566 779 1675 846 testes
1693 793 1756 863 per
1773 779 1867 845 bona
1891 776 2152 849 combenientia

298 930 345 999 ad
368 930 563 999 tenendum
586 934 622 999 et
645 929 880 1001 lavorandum
901 936 938 999 et
960 931 1220 1018 pastenandum
1244 930 1450 1000 insertitum
1473 932 1509 998 et
1523 929 1661 998 zenzale
1678 925 1830 997 tradidit
1846 929 1935 997 mihi
1952 927 2153 1016 guaiferius

299 1100 427 1171 comes,
444 1083 540 1151 filius
561 1101 651 1152 rone
666 1085 836 1152 memorie
859 1083 954 1152 idem
977 1082 1134 1171 guaiscri
1158 1083 1398 1171 comitiatus
1422 1085 1521 1170 pecie
1545 1082 1589 1151 de
1612 1081 1722 1150 terris
1744 1083 1869 1152 bacibe
1892 1083 1984 1170 quod
2007 1086 2083 1172 ipse
2098 1103 2154 1153 co·

302 1253 376 1303 mes
391 1238 475 1304 abet
500 1235 539 1302 in
562 1235 679 1303 locum
702 1236 972 1321 barbaazanum,
989 1236 1051 1302 ubi
1075 1254 1098 1303 6
1121 1240 1246 1323 suptus
1270 1255 1421 1324 megara
1445 1241 1480 1305 et
1503 1235 1581 1305 alu
1597 1235 1732 1304 labellu
1753 1235 1900 1322 dicitur;
1913 1237 2031 1324 prima
2053 1239 2154 1324 petia

300 1392 347 1459 da
380 1393 507 1478 suptus
541 1408 692 1478 megaru
714 1409 778 1478 per
799 1406 840 1460 as
864 1386 947 1454 finis
970 1391 1006 1455 61
1027 1387 1235 1458 mensoria:
1260 1410 1282 1458 6
1305 1409 1391 1477 pars
1414 1388 1678 1478 septemtrionis
1702 1390 1774 1458 fine
1796 1409 1863 1459 sua
1887 1394 1922 1458 ct
1945 1389 1988 1458 de
2011 1407 2152 1460 consor-

300 1547 397 1612 tibus
420 1543 525 1631 suis,
549 1547 634 1611 sunt
656 1544 753 1632 passi
774 1541 927 1630 triginta
949 1545 1104 1630 septem:
1138 1563 1160 1612 6
1182 1562 1267 1630 pars
1290 1544 1484 1614 occidentis
1509 1545 1641 1614 iterum
1665 1545 1735 1612 fine
1759 1563 1825 1612 sua
1847 1549 1882 1613 61
1905 1545 1948 1612 dc
1977 1548 2150 1616 consorti-

305 1702 370 1765 bus
394 1696 496 1783 suis,
525 1701 562 1766 et
584 1697 668 1765 inde
691 1701 777 1765 sunt
799 1695 895 1784 passi
918 1696 1038 1766 decem
1060 1701 1096 1765 et
1118 1702 1218 1766 octo:
1244 1720 1267 1769 a
1290 1718 1373 1787 pars
1396 1701 1545 1768 meridie
1569 1701 1640 1767 fine
1664 1701 1769 1768 rebus
1792 1703 1916 1768 sancte
1947 1701 2062 1768 marie
2091 1717 2151 1788 pe-

303 1855 435 1937 stane,
470 1854 555 1918 sunt
587 1849 684 1936 passi
707 1849 862 1938 triginta
884 1868 975 1918 sex:
1000 1871 1023 1920 a
1046 1870 1111 1937 pas
1134 1851 1282 1921 orientis
1306 1853 1378 1921 fine
1400 1873 1466 1922 sua
1488 1857 1524 1922 et
1547 1853 1590 1922 de
1613 1854 1867 1939 consortibus,
1899 1855 1935 1920 et
1959 1851 2043 1920 inde
2065 1855 2151 1921 sunt

306 2003 402 2088 pressi
425 2002 559 2089 viginti
582 2004 670 2070 octo.
696 2001 778 2070 Alia
802 2001 905 2089 pecia
927 2001 973 2071 da
995 2001 1167 2072 lubellum
1189 2023 1253 2092 per
1276 2022 1316 2074 as
1339 2003 1439 2074 finis:
1465 2025 1488 2074 6
1510 2023 1596 2091 pars
1619 2007 1882 2091 septemtrionis
1905 2004 1976 2073 fine
1999 2006 2060 2074 bia
2082 2024 2153 2093 que

303 2157 422 2243 pergit
439 2155 483 2224 ad
499 2158 662 2222 sanctum
678 2155 947 2244 archangelum,
965 2161 1049 2226 sunt
1063 2155 1158 2244 passi
1163 2206 1302 2228 ......
1327 2164 1481 2245 septem:
1499 2179 1522 2230 a
1545 2179 1630 2247 pars
1653 2157 1846 2228 occidentis
1869 2159 1941 2228 fine
1964 2179 2029 2229 sua
2051 2159 2148 2228 etde

302 2312 526 2380 consortibus
548 2309 623 2379 suis
645 2315 681 2379 et
703 2309 785 2379 inde
807 2314 892 2378 sunt
913 2313 1009 2398 passi
1033 2313 1272 2399 hoctuaginta
1294 2311 1386 2380 duo:
1412 2332 1435 2380 6
1457 2331 1542 2399 pars
1557 2311 1707 2381 meridie
1723 2311 1794 2380 fine
1811 2331 1890 2397 sua,
1906 2315 1943 2380 et
1966 2313 2049 2380 inde
2065 2316 2152 2382 sunt

302 2463 398 2550 passi
420 2463 540 2531 decem
563 2467 600 2532 et
623 2465 784 2551 septem:
817 2482 840 2530 a
862 2481 946 2550 pars
968 2463 1117 2532 orientis
1140 2464 1211 2531 fine
1234 2483 1328 2551 sua,
1355 2469 1391 2533 et
1414 2465 1457 2534 de
1480 2465 1703 2534 consortibus
1726 2464 1802 2532 suis
1825 2469 1861 2532 et
1883 2463 2149 2552 coniungentes

301 2635 338 2684 66
361 2617 406 2687 ad
430 2619 508 2705 ipsa
529 2617 600 2685 fine
622 2618 745 2703 priora
767 2619 852 2685 sunt
874 2615 969 2702 passi
991 2616 1224 2703 hoctuaginta
1247 2621 1362 2704 hocto,
1391 2623 1502 2688 totum
1526 2621 1572 2689 ad
1595 2621 1690 2687 iusto
1713 2638 1820 2706 passu
1843 2617 1980 2686 homini
2005 2636 2151 2686 mensu-

305 2775 435 2842 ratum.
458 2774 527 2842 lste
550 2772 754 2859 supradicte
778 2775 881 2840 ambe
904 2772 1036 2860 pecie,
1064 2770 1221 2858 qualiter
1245 2774 1285 2841 in
1312 2773 1468 2840 sortione
1492 2771 1638 2843 ebenire
1662 2773 1786 2842 debuit
1808 2774 1854 2842 da
1879 2773 1949 2860 ipsi
1978 2775 2150 2842 consorti-

304 2928 369 2992 bus
392 2927 494 3012 suiS,
526 2945 588 3012 per
613 2925 817 3012 supradicte
841 2926 924 2994 finis
947 2930 983 2994 et
1007 2925 1191 2994 mensurio
1216 2925 1382 2994 inclitum
1407 2926 1488 2994 illut
1511 2925 1601 2994 mihi
1625 2927 1701 3012 ipse
1724 2944 1839 2993 comes
1862 2925 2035 3014 tradidit,
2069 2945 2152 2994 cum

304 3079 426 3146 omnia
449 3079 546 3146 intro
569 3096 606 3146 66
628 3078 857 3163 habentibus,
881 3080 1020 3145 etcum
1044 3075 1122 3145 bico
1145 3077 1188 3145 de
1211 3078 1268 3145 vie
1292 3097 1369 3164 sue,
1401 3078 1447 3147 ad
1471 3078 1733 3166 pastenandum
1760 3077 1923 3146 insirtitu
1946 3084 1982 3147 et
2010 3077 2150 3148 zenzale

301 3227 346 3296 ad
362 3229 597 3316 insitandum,
613 3229 678 3298 tali
702 3230 865 3315 hordine,
882 3234 922 3297 ut
944 3229 1068 3298 amodo
1091 3235 1127 3299 et
1149 3248 1261 3315 usque
1284 3228 1454 3297 tredecim
1477 3229 1565 3296 anni
1589 3228 1635 3296 ad
1658 3247 1775 3297 meam
1798 3227 1898 3298 etde
1921 3229 2010 3298 meis
2034 3229 2151 3300 eredi-

307 3383 372 3448 bus
394 3379 468 3447 sint
490 3385 697 3467 potestatem
723 3398 781 3449 eos
804 3381 995 3450 tenendum
1018 3385 1054 3449 et
1076 3381 1355 3467 dominandum,
1379 3383 1415 3447 61
1438 3381 1537 3448 fobee
1561 3383 1597 3448 61
1619 3379 1735 3447 omnis
1758 3385 1878 3450 nostre
1902 3381 2073 3451 utilitatis
2097 3384 2152 3451 iu·

306 3533 524 3603 6161611616
547 3533 678 3603 ibidem
702 3534 905 3622 faciamus,
932 3537 1064 3602 611616
1088 3531 1166 3618 ipsa
1189 3534 1296 3599 rebus
1318 3537 1544 3619 pastoremus
1568 3536 1604 3600 et
1634 3531 1822 3601 insitemus
1853 3533 1985 3602 ibidem
2016 3537 2150 3604 inserte

305 3693 342 3757 et
363 3686 502 3756 zenzale
522 3736 531 3774 ,
555 3691 591 3754 et
615 3691 689 3756 tota
711 3689 789 3774 ipsa
812 3689 918 3755 rebus
941 3685 1140 3754 laboremus
1163 3689 1199 3753 61
1222 3685 1397 3754 cultemus
1419 3691 1455 3754 et
1478 3704 1662 3773 operemus
1683 3687 1727 3754 de
1750 3706 1856 3774 super
1879 3688 1979 3756 etde
2003 3693 2144 3778 supter,

304 3845 345 3910 ut
367 3843 457 3909 bene
479 3841 613 3929 paread
636 3841 809 3926 lavorata,
832 3843 869 3909 et
891 3838 1015 3910 amodo
1037 3831 1210 3928 et'usque
1233 3839 1404 3909 tredecim
1427 3839 1515 3908 anni
1539 3843 1675 3928 quante
1697 3841 1833 3909 inserte
1856 3845 1892 3910 61
1920 3843 2059 3911 zenzale
2084 3843 2155 3912 ibi-

306 3995 385 4063 dem
400 3991 664 4081 collexerimus,
679 3996 792 4062 totum
810 3999 930 4063 nostre
945 3991 1019 4063 sint
1042 3996 1249 4081 potestatiS,
1273 3997 1309 4062 61
1330 3992 1468 4062 nullam
1490 3992 1684 4062 sortionem
1708 3995 1791 4062 inde
1814 3994 1937 4063 demus
1961 3995 2007 4063 ad
2031 3994 2150 4082 ipsum

304 4164 419 4217 comes
433 4149 488 4216 vel
504 4135 550 4218 ad
565 4151 644 4216 eius
659 4149 801 4218 eredes:
827 4155 957 4238 preter,
975 4151 1018 4217 de
1033 4167 1103 4235 quo
1118 4148 1250 4216 ibidem
1273 4147 1581 4233 seminaverimus
1598 4147 1722 4214 demus
1747 4147 1829 4215 inde
1853 4147 1899 4216 ad
1922 4147 2071 4217 missum
2095 4151 2151 4236 ip·

304 4301 379 4369 sius
394 4301 533 4369 comitis
549 4303 640 4370 iusto
656 4301 869 4370 terraticum
885 4298 1079 4368 secundum
1094 4298 1351 4368 consuetudine
1374 4299 1417 4368 de
1440 4299 1515 4388 ipso
1538 4299 1625 4387 loce,
1643 4302 1679 4368 et
1701 4297 1773 4368 iam
1799 4297 1838 4366 in
1861 4302 1971 4370 antea
1994 4301 2074 4388 ipsa
2090 4320 2147 4370 re·

306 4455 371 4521 bus
394 4457 517 4523 tenere
539 4457 576 4522 et
599 4453 762 4524 16161616
785 4453 1002 4522 voluerimus
1024 4471 1082 4520 eos
1104 4452 1298 4522 tenendum
1319 4456 1355 4522 et
1381 4452 1664 4558 dominandum,
1696 4455 1732 4521 et
1754 4453 1853 4520 lobee
1884 4451 1981 4520 iusta
2010 4451 2151 4522 ratione

304 4607 435 4676 ibidem
459 4607 645 4694 faciamus,
670 4607 867 4675 lavoremus
890 4609 926 4674 et
947 4605 1119 4673 callemus
1142 4605 1317 4694 desuper
1340 4609 1375 4675 et
1398 4606 1441 4674 de
1464 4609 1599 4694 subter,
1623 4607 1717 4675 sicut
1740 4605 1836 4675 locus
1859 4607 1933 4693 ipse
1957 4605 2151 4693 meruerit,

305 4767 346 4832 ut
367 4763 557 4850 proficiant
579 4765 615 4831 et
637 4781 709 4829 non
732 4762 962 4849 dispereant3
986 4766 1022 4830 61
1045 4761 1092 4829 da
1115 4761 1182 4848 ipsi
1206 4761 1378 4830 tredecim
1401 4762 1488 4829 anni
1512 4762 1552 4828 in
1575 4765 1684 4830 antea
1707 4763 1843 4847 quante
1866 4760 2001 4828 inserte
2018 4764 2054 4829 61
2070 4779 2150 4829 zen-

305 4916 378 4987 zale
403 4916 533 4984 ibidem
568 4913 845 5000 collexerimus,
880 4931 944 4981 nos
971 4911 1045 5000 ipse
1069 4931 1247 4982 seccemus
1271 4914 1316 4983 ad
1339 4913 1463 4982 domus
1485 4917 1609 4982 nostra
1631 4915 1668 4982 et
1690 4911 1863 4982 faciamus
1886 4931 1952 5000 ego
1975 4914 2031 4982 vel
2054 4932 2151 4984 meos

307 5072 455 5142 heredes
485 5071 576 5139 scire
599 5069 715 5158 ipsum
737 5087 864 5157 comes,
888 5057 930 5136 ut
951 5067 1088 5154 dirigat
1110 5067 1241 5136 ibidem
1263 5067 1410 5135 missum
1432 5087 1535 5136 suum
1557 5085 1622 5154 pro
1645 5065 1886 5153 recipiendum
1909 5067 1986 5155 ipse
2009 5069 2148 5146 inserte

304 5229 342 5294 et
363 5226 514 5312 zenzale,
530 5229 566 5292 et
589 5223 790 5293 dividamus
812 5243 876 5311 per
899 5223 1142 5292 medietatem:
1166 5221 1313 5288 missum
1337 5221 1449 5308 ipsius
1471 5221 1575 5289 tollat
1598 5237 1655 5287 eos
1679 5219 1906 5290 medietatem
1929 5225 1965 5291 et
1987 5240 2051 5290 nos
2074 5241 2147 5292 me·

306 5377 489 5466 dietatem,
512 5381 547 5446 61
570 5377 684 5464 ipsum
707 5376 874 5464 missum,
898 5374 1038 5463 quando
1060 5373 1191 5442 ibidem
1212 5373 1388 5442 dixererit
1410 5371 1456 5440 ad
1480 5369 1725 5458 recipiendum
1747 5372 1827 5459 ipsa
1849 5373 2052 5460 medietate,
2076 5391 2143 5442 nos

307 5535 408 5605 illum
434 5535 637 5604 nutriemus
659 5534 851 5602 secundum
873 5536 1032 5602 nostram
1065 5530 1360 5618 possibilitatem
1389 5531 1425 5596 et
1455 5528 1499 5596 de
1522 5526 1615 5615 quod
1638 5527 1762 5596 amodo
1791 5532 1827 5597 et
1855 5546 1992 5616 semper
2015 5529 2152 5598 ibidem

306 5689 629 5787 seminaverimuS,
653 5685 775 5754 demus
807 5686 846 5754 in
869 5683 1078 5754 terraticum
1113 5681 1307 5750 secundum
1331 5681 1623 5752 consuetudinem
1653 5681 1696 5750 de
1721 5683 1796 5770 ipso
1819 5682 1959 5770 locum;
1984 5681 2029 5750 ad
2052 5698 2151 5750 com·

310 5843 397 5931 pleti
422 5847 542 5913 autern
567 5841 636 5929 ipsi
662 5813 837 5912 tredecim
853 5841 940 5911 anui
964 5839 1159 5908 habeamus
1183 5837 1221 5904 in
1244 5841 1318 5908 tota
1342 5838 1420 5924 ipsa
1442 5840 1548 5906 rebus
1572 5857 1635 5924 por
1658 5837 1861 5924 supradicte
1893 5836 1975 5906 finis
1998 5843 2034 5906 et
2056 5853 2154 5904 men·
