5466 7106
1238 566 1411 638 cultrix
1444 569 1708 641 cavensis

1329 1005 1576 1089 DCCXC.

1308 1267 1362 1344 Α.
1391 1265 1441 1344 D.
1468 1263 1597 1346 1027.

578 1506 615 1646 †
638 1561 679 1626 ln
702 1557 845 1626 nomine
869 1559 1004 1626 domini
1029 1558 1209 1628 tricesimo
1232 1562 1381 1629 hoctabo
1398 1578 1493 1629 anno
1509 1563 1732 1650 principatus
1756 1563 1875 1630 domni
1893 1562 2007 1630 nostri
2024 1561 2223 1650 guaimari,
2240 1565 2275 1630 et
2294 1577 2387 1629 nono

531 1728 628 1780 anno
653 1711 774 1780 domni
797 1712 978 1800 guaimari
1004 1709 1082 1780 eius
1106 1709 1193 1798 filio,
1218 1711 1362 1798 gloriosi
1389 1712 1628 1803 principibus,
1653 1735 1774 1785 mense
1791 1715 2008 1802 februarius,
2025 1716 2164 1784 decima
2180 1714 2389 1783 indictione.

531 1867 627 1933 Ante
652 1884 708 1934 mc
733 1865 1019 1974 regemprandus
1042 1864 1151 1934 iudex
1174 1866 1335 1934 coniunti
1359 1873 1444 1936 sunt
1468 1867 1652 1956 iaquintus
1676 1871 1850 1958 presbiter
1867 1877 1903 1940 et
1919 1871 2146 1957 primicerius
2165 1869 2261 1937 tilius
2277 1885 2388 1955 quon-

534 2018 616 2089 dam
639 2021 803 2108 gaudiosi
826 2025 862 2090 et
885 2021 958 2090 riso
981 2021 1076 2090 filius
1101 2023 1176 2090 ursi
1200 2041 1409 2110 papacena,
1442 2028 1491 2110 et,
1515 2023 1610 2092 sicut
1633 2025 1729 2094 inter
1754 2025 1828 2092 illis
1852 2025 2043 2110 combenit‚
2061 2024 2136 2110 ipse
2161 2021 2232 2090 riso
2264 2021 2389 2091 amisit

537 2172 639 2241 modo
663 2175 749 2246 ante
772 2193 828 2242 mo
853 2173 967 2261 ipsius
992 2173 1149 2262 iaquinti
1174 2174 1364 2262 presbiteri
1388 2177 1494 2244 rebus
1518 2175 1562 2244 de
1584 2175 1701 2246 locum
1724 2177 1883 2263 nucerio,
1907 2173 2000 2261 quod
2025 2174 2100 2260 ipse
2133 2173 2323 2259 iaquintus
2347 2175 2394 2241 ad

537 2330 734 2398 tenendum
756 2333 793 2398 et
816 2330 1080 2418 pastenandum
1103 2335 1140 2400 et
1162 2329 1398 2400 laborandum
1422 2329 1602 2399 traditum·
1617 2329 1719 2399 abuit
1742 2330 1855 2418 ipsius
1879 2327 1955 2396 ursi
1979 2327 2072 2415 quod
2096 2326 2157 2396 1116
2181 2328 2221 2396 in
2257 2328 2389 2397 benefi-

537 2485 633 2550 cium
657 2485 810 2554 retinuit
833 2505 856 2556 a
878 2505 963 2574 pars
985 2486 1135 2556 ecclesie
1160 2488 1277 2554 sancti
1301 2487 1453 2554 maximi
1470 2483 1509 2550 in
1526 2485 1602 2572 ipso
1626 2484 1743 2552 locum
1766 2483 1930 2570 nuceria,
1955 2481 2015 2550 ubi
2038 2480 2157 2570 agella
2181 2479 2326 2569 dicitur,
2357 2487 2393 2549 ct

402 2623 405 2628 ’
540 2637 654 2727 modo,
676 2638 769 2708 sicut
793 2640 888 2709 inter
912 2638 985 2709 illis
1008 2641 1197 2728 combenit‚
1222 2642 1296 2728 ipse
1321 2642 1395 2708 riso
1417 2638 1563 2709 admisit
1587 2637 1690 2705 illum
1715 2606 1881 2706 inclitum
1904 2635 1950 2706 ad
1973 2637 2186 2722 potestatem
2210 2634 2324 2722 ipsius
2341 2636 2394 2703 ia-

539 2794 671 2880 quinti,
696 2797 759 2881 qui
783 2794 885 2863 illum
908 2795 1009 2864 modo
1033 2798 1072 2864 in
1096 2796 1310 2866 beneficium
1332 2795 1463 2862 retinet
1478 2815 1500 2864 a
1516 2811 1600 2880 pars
1617 2793 1730 2880 ipsius
1745 2789 1907 2876 ecclesie,
1925 2790 1971 2859 ad
1986 2791 2159 2858 securiter
2177 2788 2259 2858 illut
2279 2791 2392 2858 aben·

538 2946 622 3018 dum
647 2950 772 3020 amodo
795 2953 870 3038 ipse
894 2950 1079 3040 iaquintus
1102 2950 1278 3038 presbiter
1302 2955 1338 3020 et
1361 2968 1446 3038 pars
1470 2947 1582 3036 ipsius
1605 2945 1767 3032 ecclesie,
1784 2949 1819 3013 ct
1843 2943 2046 3012 laciendum
2069 2942 2151 3011 inde
2175 2945 2393 3037 omniaque

540 3104 704 3190 boluerit;
730 3110 765 3174 et
788 3124 851 3191 per
876 3107 970 3174 bona
993 3105 1253 3173 combenientia
1276 3122 1343 3173 sua
1366 3101 1550 3172 boluntate
1580 3099 1715 3189 guadia
1740 3099 1815 3185 ipse
1838 3099 1910 3165 riso
1934 3095 2047 3182 ipsius
2073 3095 2229 3182 iaquinti
2252 3099 2393 3185 presbi-

540 3259 609 3326 teri
632 3258 729 3327 dedit
752 3263 789 3327 et
811 3258 1043 3328 mediatorem
1067 3260 1120 3328 eis
1142 3261 1259 3348 posuit
1281 3260 1464 3346 seipsum3
1488 3259 1524 3324 et
1548 3274 1610 3343 per
1636 3252 1714 3340 ipsa
1737 3253 1873 3341 guadia
1895 3253 2072 3342 obligavit
2096 3273 2133 3322 se
2156 3257 2193 3321 et
2219 3269 2300 3321 suos
2316 3269 2395 3320 ere-

540 3410 615 3496 des,
631 3414 672 3479 ut
689 3410 909 3479 adducerent
932 3415 967 3480 ct
991 3409 1222 3479 remictcrcnt
1245 3411 1291 3478 ad
1314 3412 1523 3498 potestatem
1546 3407 1657 3494 ipsius
1680 3407 1840 3495 iaquinti
1864 3405 2055 3495 presbiteri
2079 3406 2134 3474 vel
2158 3407 2202 3475 de
2228 3424 2313 3492 pars
2338 3407 2391 3490 ip·

547 3561 623 3629 sius
646 3561 793 3632 ecclesie
810 3563 927 3650 ipsum
943 3566 1085 3632 brebem
1102 3564 1349 3651 pastenatione
1374 3567 1410 3631 et
1425 3560 1657 3631 laborationis
1672 3579 1753 3628 cum
1770 3579 1813 3628 ea
1827 3579 1896 3646 que
1912 3561 2086 3646 continet,
2104 3557 2394 3644 faciendumque

543 3715 706 3801 boluerit;
731 3717 820 3784 etsi
843 3715 967 3786 taliter
990 3717 1112 3786 omnia
1133 3717 1378 3804 suprascripta
1399 3735 1464 3803 per
1488 3715 1692 3802 supradicto
1716 3714 1841 3783 ordine
1859 3714 1936 3802 ipse
1960 3715 2033 3782 riso
2049 3717 2085 3781 et
2104 3712 2180 3782 eius
2202 3713 2327 3781 eredes
2345 3712 2400 3799 ip-

542 3868 614 3936 sius
637 3866 795 3954 iaquinti
820 3869 1008 3955 presbiteri
1034 3875 1069 3938 et
1092 3868 1249 3956 predicte
1272 3869 1419 3938 ecclesie
1442 3887 1517 3937 non
1541 3867 1806 3956 adimpleberit,
1835 3872 1871 3938 et
1895 3867 2070 3955 quesierit
2098 3867 2177 3954 ipsa
2202 3868 2307 3935 rebus
2332 3885 2395 3953 per

543 4019 800 4108 qualecumque
824 4022 966 4092 ratione
988 4027 1110 4092 tenere
1134 4025 1170 4090 et
1194 4021 1373 4111 laborare,
1390 4028 1426 4093 et
1442 4024 1561 4112 ipsum
1584 4025 1727 4093 brebem
1750 4040 1822 4091 non
1840 4019 2023 4110 amiserit,
2048 4023 2142 4090 sicut
2174 4039 2286 4108 supra
2309 4020 2401 4106 legi-

545 4176 619 4260 tur,
643 4191 706 4259 pcr
730 4173 810 4258 ipsa
833 4172 966 4260 guadia
989 4191 1197 4261 componere
1221 4174 1395 4263 obligavit
1419 4193 1459 4243 se
1481 4173 1559 4262 ipse
1583 4177 1654 4243 riso
1671 4179 1707 4244 et
1724 4192 1805 4243 suos
1819 4175 1941 4244 eredes
1957 4177 2117 4262 ipsorum
2136 4171 2294 4260 iaquinti
2319 4191 2399 4258 pre-

544 4325 673 4393 sbiteri
697 4325 752 4394 vel
776 4325 822 4396 ad
845 4345 930 4414 pars
955 4327 1122 4398 iamdicta
1145 4327 1292 4398 ecclesie
1317 4330 1473 4418 triginta
1496 4329 1578 4397 auri
1602 4329 1824 4398 constantini
1848 4333 1884 4398 et
1907 4327 2062 4398 tacitum
2087 4327 2393 4411 inde-manerent,

546 4483 582 4547 et
605 4481 769 4549 tacerent
783 4479 866 4549 inde
882 4480 1020 4590 faciant
1043 4481 1100 4548 illi
1116 4481 1295 4551 ominibus
1310 4487 1346 4550 et
1362 4481 1539 4570 partibus,
1558 4483 1620 4570 qui
1639 4501 1702 4568 pro
1726 4483 1804 4551 eius
1827 4485 1930 4570 parte
1954 4481 2199 4570 quodcumque
2222 4480 2400 4548 causatio-

552 4635 611 4704 nis
636 4637 683 4706 ad
705 4655 791 4724 pars
815 4638 928 4724 ipsius
950 4639 1099 4708 ecclesie
1121 4637 1282 4707 emiserit
1298 4638 1341 4707 de
1358 4637 1436 4724 ipsa
1459 4641 1578 4726 rebus,
1603 4638 1697 4726 quod
1722 4638 1783 4707 ille
1799 4637 1900 4706 modo
1916 4635 2061 4708 admisit
2077 4635 2124 4705 ad
2141 4652 2226 4722 pars
2243 4631 2403 4722 predicte
2434 4642 2439 4650 “

551 4741 710 4858 ecclesie.
738 4793 774 4860 et
797 4809 861 4878 pro
885 4795 986 4878 parte
1011 4792 1122 4878 ipsius
1144 4791 1290 4863 ecclesie
1315 4793 1472 4861 scribere
1497 4791 1645 4860 lecimus
1662 4797 1696 4860 te
1715 4790 1899 4879 iaquintus
1917 4789 2082 4861 notarius
2110 4787 2173 4876 qul
2191 4785 2406 4858 interfuisti.

597 4913 627 5029 †
652 4943 726 5028 Ego
748 4943 810 5027 qui
834 4962 944 5032 supra
969 4945 1253 5034 ragemprandus
1277 4947 1400 5016 iudex.
