5422 7102
1047 541 1450 613 lllllollnllells
2040 537 2107 615 tlt

307 769 371 837 dia
395 768 572 854 obligavit
595 787 633 836 se
656 775 691 836 et
715 769 789 836 suis
814 769 1014 856 heredibus
1033 775 1072 838 ut
1087 770 1117 838 si
1136 769 1260 837 taliter
1275 770 1397 837 omnia
1413 770 1655 855 superscripta
1672 760 1852 834 noluerint
1868 763 2076 850 adimplere,
2101 761 2156 832 vel

308 921 443 1008 aliquit
465 921 597 992 exinde
620 921 893 1010 contradixerit,
918 942 980 1010 per
1010 923 1089 1010 ipsa
1119 921 1253 1010 guadia
1277 921 1451 1010 obligavit
1473 939 1510 987 se
1536 925 1571 989 et
1593 919 1668 986 suis
1690 919 1855 988 eredibus
1878 919 1923 988 ad
1947 932 2158 1004 componen-

310 1077 394 1143 dum
418 1074 521 1142 nobis
545 1075 749 1162 nostrisque
772 1076 962 1146 heredibus
989 1075 1120 1163 biginti
1153 1073 1234 1143 auri
1258 1073 1357 1142 solidi
1383 1073 1601 1142 constantini
1625 1078 1661 1140 et
1684 1071 1805 1140 omnia
1827 1071 2070 1158 superscripta
2095 1089 2156 1155 per

311 1228 482 1296 iamdicto
505 1227 630 1296 ordine
647 1227 729 1296 illut
755 1227 856 1296 nobis
879 1229 1063 1314 compliret
1085 1229 1207 1297 amodo
1230 1234 1266 1298 et
1281 1247 1419 1314 semper
1443 1227 1537 1295 omni
1563 1232 1730 1314 tempore,
1756 1225 1974 1312 usquedum
2000 1223 2079 1291 illut
2106 1229 2157 1292 te·

309 1381 443 1466 nuerit,
461 1397 525 1447 nos
542 1378 683 1448 illorum
707 1379 929 1448 defensemus
952 1379 999 1448 da
1024 1398 1145 1450 omnes
1161 1381 1296 1449 omines
1318 1383 1484 1468 omnique
1507 1381 1679 1468 partibus.
1705 1385 1740 1448 et
1764 1399 1833 1447 unc
1858 1381 2001 1447 brebem
2024 1377 2151 1464 scripsi

310 1553 376 1620 ego
401 1533 577 1602 iohannes
601 1533 763 1603 notarius
794 1535 855 1620 qui
880 1535 1055 1602 interluit.
1083 1539 1328 1604 verumtamen
1358 1554 1397 1602 oc
1423 1537 1649 1634 recordamus
1672 1550 1736 1600 nos
1760 1535 1821 1619 qui
1847 1551 1956 1618 supra
1988 1534 2152 1619 germani

309 1689 351 1755 ‹lo
381 1687 506 1756 omnia
546 1687 788 1774 superscripta
811 1687 903 1775 quod
927 1688 1140 1756 tradidimus
1164 1706 1237 1756 una
1260 1707 1339 1755 cum
1346 1737 1440 1755 .......
1475 1693 1510 1756 et
1543 1689 1790 1756 abocatoribus
1826 1688 1958 1754 nostris
1991 1684 2153 1752 fecimus.

309 1843 404 1927 quod
428 1841 608 1908 subiunsit
622 1860 699 1929 ego
722 1841 885 1928 superius
909 1841 1027 1908 dictus
1058 1839 1230 1910 iohannes
1253 1843 1428 1909 not-arius

354 1966 384 2080 †
411 1995 486 2080 Ego
508 1994 734 2081 guandelseri

356 2119 386 2233 †
411 2150 487 2233 Ego
512 2148 683 2215 ademari.

1054 2784 1400 2866 DCCGXLV.
1447 2907 1449 2914 Ι

1088 3085 1139 3156 Α.
1169 3077 1217 3152 D.
1247 3075 1376 3156 1032.

256 3357 264 3373 '
354 3321 390 3460 †
416 3376 455 3438 ln
482 3374 624 3440 nomine
648 3373 782 3441 domini
807 3372 1069 3459 quartodecimo
1094 3391 1188 3441 anno
1213 3373 1436 3459 principatus
1469 3374 1591 3441 domni
1625 3375 1739 3442 nostri
1775 3375 1974 3446 Guaimarii
2009 3377 2157 3464 gloriosi

248 3583 250 3586 .
309 3527 495 3614 principis
520 3527 585 3595 fllii
611 3527 786 3613 quondam
811 3527 929 3595 domui
946 3527 1143 3615 guaimarii
1160 3527 1345 3612 principiS,
1368 3545 1484 3592 mense
1502 3527 1637 3612 iunius,
1654 3529 1922 3615 quintadecima
1944 3531 2150 3600 indictione.

308 3685 456 3768 ideoque
482 3702 548 3770 ego
572 3683 745 3752 iohannes
767 3687 964 3751 monachus
988 3681 1083 3749 filius
1107 3680 1283 3767 quondam
1307 3680 1413 3767 petri,
1438 3681 1499 3767 qui
1523 3688 1560 3750 et
1583 3683 1643 3750 illc
1665 3685 1712 3751 ad
1735 3687 1983 3754 monachicum
2012 3689 2155 3757 abitum

307 3825 484 3922 pervenit,
510 3838 559 3903 Eo
582 3837 675 3922 quod
699 3841 784 3905 ante
808 3836 989 3922 presentia
1012 3835 1131 3902 domni
1152 3831 1299 3900 iohanni
1317 3835 1514 3903 venerabili
1531 3835 1652 3904 abbati
1678 3839 1885 3906 monasterii
1902 3845 2024 3920 sancte
2040 3843 2154 3910 marie

308 3999 344 4061 ot
368 3984 482 4060 sancti
509 3989 685 4060 benedicti
711 3993 772 4058 siti
798 3992 897 4059 intus
921 4012 989 4060 auc
1013 3993 1273 4061 salernitanam
1298 3989 1492 4075 ciuitatem,
1509 3991 1574 4058 sub
1597 3991 1699 4058 cuius
1721 3989 1917 4058 dominium
1933 3991 2149 4079 regulariter

308 4160 446 4228 maneo,
472 4143 581 4210 etiam
607 4141 738 4210 ibidem
763 4142 901 4210 adesset
922 4143 1091 4229 grimoalt
1114 4160 1229 4210 comes
1251 4147 1287 4208 et
1318 4141 1427 4210 iudex
1451 4162 1530 4210 cum
1554 4142 1637 4212 aliis
1660 4143 1806 4228 ydoneis
1829 4145 2008 4211 ominibus
2038 4147 2148 4214 ostedi

305 4310 370 4380 ogo
394 4294 431 4360 in
457 4292 598 4360 illorum
621 4295 838 4380 presentiam
864 4313 976 4361 unum
1008 4296 1150 4362 brebem
1183 4295 1436 4364 continentem:
1469 4297 1512 4364 de
1543 4295 1710 4364 vicesimo
1739 4299 1864 4364 octabo
1895 4315 1989 4365 anuo
2019 4301 2155 4386 priuci-

306 4449 413 4530 patus
437 4446 555 4514 domni
581 4449 774 4535 guaimarii
799 4454 835 4517 et
857 4448 1009 4516 secundo
1032 4465 1127 4516 anno
1144 4449 1368 4538 principatus
1383 4451 1503 4520 domni
1522 4453 1667 4520 iohanni
1694 4451 1774 4519 eius
1790 4451 1876 4538 filio,
1892 4451 2040 4539 gloriosi
2057 4455 2157 4540 priu-

305 4605 456 4692 cipibuS,
480 4605 665 4673 demensa
689 4606 904 4694 februarius,
929 4605 1197 4692 quintadecima
1222 4604 1445 4691 indictione,
1469 4609 1504 4674 et
1526 4604 1682 4691 qualiter
1705 4623 1770 4692 ego
1793 4605 2007 4674 coniunctus
2031 4606 2082 4673 fui
2106 4607 2151 4675 ad

305 4759 604 4828 combenientiam
628 4779 708 4828 oum
733 4758 932 4828 romoaldus
955 4757 1130 4844 notarius,
1154 4762 1191 4826 et
1213 4761 1350 4846 petrus,
1374 4761 1410 4825 et
1434 4757 1630 4842 iaquintus,
1647 4760 1683 4824 et
1707 4775 1792 4824 ursu
1814 4761 1978 4844 germani
2004 4757 2087 4844 mei,
2113 4762 2149 4825 et

305 4913 569 4982 adsociabimus
591 4913 687 4980 inter
709 4931 774 4980 nos
797 4914 994 4998 rebusque
1017 4912 1118 4978 nobis
1141 4915 1296 4998 pertinet
1318 4931 1381 4998 per
1405 4912 1676 4998 successionem,
1707 4915 1743 4980 et
1765 4911 1847 4980 illut
1869 4913 1962 4999 quod
1985 4917 2152 5000 paratum

305 5068 408 5134 abuit
434 5067 508 5154 ipse
533 5065 735 5135 romoaldus
758 5065 804 5134 da
828 5067 1014 5133 ursuthio
1038 5070 1158 5133 noster
1181 5071 1217 5133 et
1238 5067 1285 5134 da
1316 5066 1535 5153 grimoaldus
1567 5061 1662 5132 illius
1687 5065 1836 5132 iohanni
1872 5065 1911 5132 in
1947 5065 2062 5133 locum
2097 5071 2153 5132 tu-

305 5220 470 5290 solanum
493 5223 530 5288 et
552 5219 644 5287 sicut
670 5219 875 5288 conbenit...
902 5219 977 5305 ipse
1000 5217 1200 5287 romoaldus
1223 5235 1415 5304 germanus
1440 5219 1570 5284 noster¹
1589 5215 1670 5284 illut
1700 5215 1924 5302 adsociabit,
1956 5217 2050 5285 sicut
2078 5219 2153 5304 ipso

308 5376 450 5442 brebem
474 5373 648 5459 continet,
671 5378 708 5439 et
731 5374 825 5441 inter
849 5370 941 5438 aliut
963 5389 1033 5457 que
1056 5371 1131 5457 ipso
1147 5371 1292 5440 brebem
1304 5371 1475 5457 continet,
1492 5369 1809 5457 comprehenserad
1825 5369 1864 5436 in
1878 5367 1975 5436 socia
1991 5369 2036 5436 ad
2059 5367 2148 5436 divi-

307 5527 459 5597 dendum
483 5527 559 5615 ipse
577 5525 762 5612 iaquintus
785 5541 978 5613 germanus
999 5527 1118 5593 noster
1142 5525 1248 5591 rebus
1271 5530 1393 5594 nostra
1415 5525 1459 5593 de
1483 5524 1597 5594 locum
1621 5525 1835 5610 tuscianum,
1853 5527 1893 5590 ut
1910 5523 1991 5590 illut
2015 5521 2150 5590 divide-

304 5689 360 5752 ret
378 5681 474 5750 iuste
489 5681 665 5750 rationem
683 5681 721 5747 in
738 5680 894 5765 quinque
911 5678 1015 5750 sortis
1031 5683 1066 5747 et
1081 5679 1182 5765 prius
1198 5675 1279 5745 inde
1296 5675 1667 5763 comprehendendum
1691 5695 1757 5762 ego
1770 5673 1950 5763 predictus
1975 5675 2149 5744 iohannes

458 5837 525 5892 Tell.
550 5853 565 5888 r
1964 5828 1998 5882 28
