5422 7102
642 472 709 544 lud
1272 475 1442 546 Conui
1479 473 1746 548 CAVENSIS

589 695 636 766 da
659 700 824 786 partibus
848 700 1024 770 benedicti
1047 720 1167 770 socero
1189 721 1252 770 suo
1274 702 1318 770 de
1341 701 1420 769 locu
1443 701 1590 770 nucerio
1612 700 1891 770 benumdederat
1914 699 2126 769 machonolli
2150 699 2224 767 filio
2247 701 2428 772 benedicti

589 856 626 922 et
652 853 762 920 ciceri
786 852 860 922 filio
884 855 999 922 boniti
1023 854 1162 942 reliqua
1184 857 1264 943 ipsa
1287 855 1443 924 sortione
1467 875 1533 925 sua
1556 855 1599 925 de
1622 856 1702 942 ipsu
1717 854 1796 923 locu
1812 851 1976 941 paretine
1992 871 2055 940 per
2072 853 2168 941 11919,
2185 851 2341 939 qualiter
2356 853 2435 942 ipsa

584 1003 664 1092 alia.
684 1005 824 1075 cartula
848 1008 1098 1095 continetque
1121 1027 1227 1096 super
1250 1008 1434 1078 declarata
1457 1013 1524 1096 est,
1549 1009 1715 1078 inclitum
1738 1009 1820 1077 illut
1846 1008 1957 1095 ipsius
1980 1007 2172 1076 mabenolil
2187 1011 2224 1077 et
2240 1009 2350 1078 ciceri
2373 1012 2433 1079 be-

585 1157 763 1227 nundedit
786 1160 862 1246 ipse
885 1164 1040 1230 amatus:
1065 1161 1199 1248 scripta
1220 1162 1300 1248 ipsa
1322 1162 1463 1232 cartula
1485 1182 1548 1249 per
1571 1179 1684 1231 mauu
1698 1160 1847 1230 dilectus
1862 1159 2037 1247 presbiter
2054 1163 2091 1228 et
2115 1160 2293 1250 99199199,
2309 1165 2347 1231 91
2363 1161 2433 1232 191-

584 1309 663 1378 dem
687 1309 812 1397 scripti
836 1311 984 1381 iohanni
1007 1317 1043 1382 et
1066 1312 1132 1381 leo.
1158 1313 1242 1381 dum
1265 1312 1387 1383 taliter
1409 1312 1595 1381 audientes
1618 1313 1694 1398 ipse
1718 1311 1876 1380 sellictus
1900 1310 1978 1396 ipsa
2005 1309 2186 1378 monimen
2218 1309 2359 1398 legente
2396 1317 2431 1378 et

583 1462 691 1549 dixit,
715 1465 757 1530 ut
780 1465 819 1530 iu
842 1465 1007 1532 omuibus
1030 1485 1099 1552 que
1123 1467 1294 1552 continet,
1319 1468 1481 1534 beraeam
1498 1469 1612 1552 exset‚
1630 1469 1683 1533 set
1700 1463 1944 1552 queraminde
1966 1463 2091 1530 tollere
2107 1461 2263 1532 sortione
2285 1465 2329 1533 de
2352 1465 2430 1552 ipsa

583 1615 740 1683 sortione
763 1615 876 1702 ipsius
899 1617 1020 1704 ciceri,
1045 1617 1200 1704 qualiter
1224 1636 1287 1705 per
1312 1617 1390 1705 lege
1406 1618 1570 1686 debuerit
1586 1616 1709 1686 tollere
1726 1636 1789 1705 per
1807 1616 1885 1703 ipsa
1901 1617 2094 1703 monimen,
2110 1619 2147 1684 et
2163 1617 2336 1686 finierunt
2350 1617 2430 1704 ipsa

587 1770 694 1836 rebus
710 1787 773 1856 per
790 1771 870 1856 ipsa
893 1772 1086 1859 monimen,
1104 1771 1259 1858 qualiter
1273 1771 1436 1857 superius
1452 1770 1634 1839 declarata
1651 1773 1716 1838 est.
1733 1771 1881 1855 Iterum,
1898 1773 1933 1837 et
1948 1787 2011 1855 per
2027 1769 2274 1856 1999991119199
2288 1774 2431 1839 ostensu

585 1927 640 1992 est
663 1942 772 1992 unum
797 1927 940 1993 brebem
958 1927 1001 1994 de
1017 1945 1113 1994 anno
1129 1927 1297 1995 vicesimo
1313 1925 1429 2013 primo
1452 1925 1677 2012 principatus
1693 1924 1813 1992 domni
1830 1923 1941 1990 nostri
1960 1924 2143 2010 guaimari
2161 1924 2314 2010 glorioso
2331 1924 2430 2011 prin-

583 2075 675 2164 cipe‚
699 2095 820 2145 mense
844 2079 1045 2166 ianuarias,
1069 2082 1200 2149 octaba
1229 2079 1440 2148 indictione:
1470 2080 1759 2147 memoratorium
1776 2079 1913 2147 sactum
1930 2098 1952 2147 a
1967 2097 2023 2146 me
2040 2079 2184 2146 selictus
2199 2039 2296 2146 filius
2311 2077 2434 2163 ciceri,

583 2248 626 2298 eo
650 2230 742 2316 quod
760 2233 846 2300 ante
862 2232 1054 2318 subscripti
1072 2237 1179 2301 testes
1196 2234 1369 2300 coniuntu
1396 2232 1514 2301 fuerat
1537 2252 1617 2300 cum
1644 2233 1720 2318 ipso
1743 2231 1883 2300 9199999
1907 2233 2068 2319 genitore
2091 2251 2153 2301 suo
2182 2234 2257 2320 ipse
2272 2231 2433 2302 sellictus

582 2405 657 2455 una
680 2407 760 2454 cum
784 2387 959 2455 iohannes
982 2392 1158 2473 congnato
1181 2392 1217 2455 et
1239 2392 1438 2472 avocatore,
1462 2389 1604 2472 propter
1628 2386 1673 2454 ad
1697 2384 1925 2453 dividendum
1943 2384 2059 2450 omnis
2084 2387 2189 2452 rebus
2212 2383 2342 2453 stabile
2365 2403 2434 2472 que

583 2536 802 2608 dominaturi
827 2544 863 2608 et
880 2542 1075 2627 possessuri
1088 2544 1172 2608 suut
1195 2559 1257 2627 per
1282 2539 1360 2608 loca
1383 2541 1537 2608 baniara
1560 2542 1596 2606 et
1618 2537 1812 2606 masciano:
1837 2535 2006 2624 primitus
2029 2536 2209 2605 dibiderat
2233 2555 2307 2606 uua
2330 2540 2431 2624 99919

581 2711 663 2759 cum
686 2693 843 2762 arbustis
866 2694 991 2762 vitatis
1015 2697 1050 2762 et
1075 2693 1267 2780 promiiera
1297 2713 1365 2779 que
1389 2693 1522 2760 dicitur
1545 2692 1592 2760 da
1618 2739 1848 2758 .......
1875 2694 1911 2758 91
1934 2693 2094 2758 19999991
2117 2691 2200 2759 inde
2222 2692 2339 2760 tribus
2356 2712 2429 2761 999-

580 2846 702 2930 119919;
736 2864 808 2914 999
838 2851 931 2946 sorte
955 2847 1094 2914 fecerad
1126 2864 1190 2932 per
1221 2844 1361 2930 equalis
1391 2846 1575 2912 (99999919
1599 2865 1622 2913 9
1645 2849 1747 2930 99919
1770 2844 1813 2911 (19
1837 2845 1897 2912 bia
1919 2845 2077 2931 plupica,
2095 2844 2156 2910 ubi
2175 2845 2250 2930 ipse
2272 2845 2435 2915 991119199

582 2997 784 3085 possidente
809 3003 874 3085 est,
900 3004 937 3067 et
960 3000 1030 3066 alie
1053 2998 1121 3066 due
1145 2997 1251 3066 sortis
1284 2999 1439 3066 adunate
1462 3017 1485 3066 a
1508 3003 1610 3083 parte
1633 2997 1676 3066 de
1701 2998 1776 3084 ipso
1797 3045 2030 3064 .......
2049 3003 2085 3066 91
2109 2971 2205 3066 iuter
2227 3001 2331 3066 ambo
2355 3003 2432 3086 ipse

582 3153 688 3220 sortis
712 3152 848 3238 etipsa
873 3157 967 3220 99919
990 3153 1032 3219 (19
1056 3152 1136 3239 1999
1158 3153 1219 3222 919
1237 3151 1374 3220 termiti
1390 3152 1465 3218 ficti
1489 3155 1587 3234 sunt;
1613 3149 1705 3216 unde
1730 3150 1804 3235 ipse
1827 3148 1985 3217 sellictus
2008 3169 2088 3217 cum
2112 3152 2187 3236 ipso
2210 3157 2333 3238 petrus
2355 3152 2432 3218 filio

581 3321 645 3371 suo
669 3303 959 3389 compreenserad
984 3305 1059 3388 ipse
1089 3305 1195 3372 ambo
1225 3302 1393 3370 sortionis
1425 3302 1582 3372 adunate
1606 3322 1628 3369 a
1652 3305 1753 3388 parte
1777 3302 1820 3370 de
1844 3302 1920 3388 ipso
1943 3302 2096 3391 ballone,
2120 3307 2156 3371 et
2173 3303 2248 3391 ipse
2272 3305 2433 3374 sellictus

582 3457 875 3544 compreenscrad
902 3457 980 3544 ipsa
1003 3457 1114 3526 tertia
1138 3461 1239 3543 parte
1255 3456 1298 3524 de
1317 3455 1395 3542 ipsa
1411 3457 1471 3524 bia
1495 3475 1557 3542 per
1581 3456 1664 3523 finis
1687 3461 1723 3525 et
1747 3457 1938 3525 mensurio:
1956 3477 1979 3526 a
1995 3465 2097 3544 parte
2113 3459 2155 3526 de
2169 3458 2247 3546 ipsa
2271 3461 2331 3530 bia
2347 3466 2432 3528 sunt

582 3611 766 3698 longitudo
790 3613 886 3698 passi
911 3611 1176 3700 quinquaginta
1200 3611 1274 3678 dui:
1300 3612 1343 3679 (19
1368 3611 1488 3678 subter
1513 3615 1559 3680 ab
1582 3571 1762 3680 occidente
1787 3615 1881 3680 siout
1904 3613 2017 3681 limite
2040 3613 2213 3701 dixernit,
2231 3620 2315 3683 sunt
2331 3620 2429 3704 passi

581 3765 714 3833 decem:
739 3784 762 3832 a
785 3763 935 3832 moridie
953 3766 1023 3833 line
1039 3765 1244 3851 supradicte
1268 3765 1448 3850 sectionis
1474 3765 1567 3834 sicut
1591 3767 1727 3834 termiti
1751 3767 1923 3854 diremit,
1948 3767 2031 3836 inde
2048 3767 2143 3854 passi
2160 3769 2430 3858 quinquaginta

582 3917 659 3984 dui:
679 3919 727 3985 de
751 3935 857 4004 super
881 3919 927 3984 ab
950 3915 1097 3984 orientis
1121 3921 1205 3985 sunt
1229 3919 1324 4004 passi
1349 3918 1527 4004 undecim;
1552 3918 1624 3986 ista
1647 3923 1741 3987 sorte
1765 3937 1828 4004 per
1853 3918 1929 4004 ipsa
1953 3919 2136 3987 mensuria
2159 3939 2269 4006 quam
2294 3925 2429 3989 91199-

583 4069 731 4139 diderad
754 4069 792 4136 in
817 4075 910 4138 sorte
934 4071 1007 4141 alia
1039 4069 1140 4158 pecia
1165 4117 1436 4136 ........
1462 4067 1620 4138 arbustis
1644 4069 1686 4136 de
1711 4069 1789 4154 ipsa
1813 4067 1939 4137 sedilia
1955 4089 2018 4156 999
2034 4071 2228 4139 mensuris:
2246 4072 2289 4139 de
2305 4073 2428 4140 subter

587 4227 634 4292 ab
658 4223 838 4291 occidente
862 4228 945 4292 sunt
968 4223 1050 4291 inde
1074 4223 1169 4309 passi
1187 4221 1441 4309 quadtuordeoi
1464 4227 1499 4291 et
1522 4224 1692 4292 medium:
1717 4243 1740 4291 a
1762 4224 2027 4310 septemtrionis
2051 4227 2136 4290 sunt
2160 4223 2242 4291 inde
2259 4223 2353 4310 passi
2379 4224 2435 4290 bi-

582 4377 697 4465 ginti:
722 4381 767 4448 ab
790 4382 939 4448 orientis
962 4381 1033 4446 1199
1057 4380 1152 4448 19199
1176 4381 1251 4466 1999
1276 4381 1383 4447 999119
1406 4379 1584 4446 tridecim:
1610 4400 1632 4446 a
1655 4377 1803 4447 meridie
1826 4382 1909 4446 sunt
1932 4377 2029 4465 passi
2049 4379 2179 4465 biginti
2197 4427 2427 4447 .......

582 4551 646 4618 999
670 4533 740 4600 1919
764 4533 947 4602 99999919
972 4533 1010 4600 19
1035 4537 1128 4603 sorte
1152 4534 1265 4619 ipsius
1290 4533 1418 4602 99111911
1442 4532 1661 4617 tradiderad,
1687 4537 1723 4599 91
1746 4531 1818 4600 9119
1841 4532 1909 4600 (199
1933 4533 2039 4600 999119
2062 4551 2124 4618 999
2149 4533 2225 4619 ipsa
2243 4535 2430 4603 mensuria

588 4688 825 4774 compreensit
841 4687 915 4774 ipse
932 4687 1071 4755 9199999
1087 4691 1124 4755 91
1146 4692 1268 4774 potrus
1292 4686 1365 4752 filio
1380 4703 1457 4772 999,
1475 4690 1510 4753 91
1526 4685 1752 4754 tradiderunt
1770 4685 1882 4770 ipsius
1899 4685 2025 4752 99111911
2044 4685 2118 4756 9119
2134 4686 2234 4772 99919
2250 4687 2294 4755 (19
2310 4695 2426 4756 99919-

582 4841 680 4910 91919
707 4885 898 4908 ......
917 4840 981 4914 1119
1000 4843 1115 4928 99919,
1139 4859 1208 4927 999
1232 4839 1366 4907 (1191199
1387 4839 1433 4908 (19
1450 4839 1564 4907 919199
1582 4839 1751 4925 iaqumu,
1768 4859 1831 4925 pro
1847 4823 2001 4908 sortione
2018 4839 2130 4926 ipsius
2146 4841 2276 4910 99111911
2302 4847 2338 4911 91
2361 4863 2429 4930 999

583 4995 741 5063 99911999
766 4994 858 5080 quod
881 4995 1003 5062 debuit
1026 4995 1169 5062 ebenire
1193 4983 1235 5062 de
1258 4998 1332 5062 tres
1355 4993 1454 5080 pecie
1477 4992 1664 5080 (19199919,
1688 4994 1780 5080 quod
1798 4994 2027 5080 19999199999
2043 4995 2341 5083 benumdederad,
2359 5016 2426 5084 999

586 5149 670 5217 inde
680 5145 871 5236 recoperad
884 5149 922 5216 in
940 5153 1033 5215 sorte
1045 5149 1118 5235 ipse
1132 5147 1289 5216 sellictus
1301 5151 1378 5233 ipsa
1393 5145 1672 5233 iamdictapccia
1682 5147 1724 5214 de
1742 5155 1837 5217 terra
1852 5147 2025 5218 dacisina
2038 5149 2193 5236 19991911
2211 5170 2274 5238 per
2289 5168 2432 5218 mensu-

587 5305 657 5374 ria:
683 5306 730 5374 ab
753 5304 935 5372 occidente
958 5305 1042 5370 9991
1064 5303 1158 5389 99991
1181 5300 1344 5370 tridecim
1369 5305 1405 5368 et
1427 5301 1576 5387 gubito:
1602 5320 1625 5368 a
1646 5301 1910 5386 septemtrionis
1932 5306 2016 5369 suut
2040 5304 2137 5388 passi
2161 5304 2426 5392 quadraginta:

581 5459 625 5528 de
650 5478 757 5548 super
781 5461 827 5528 ab
850 5457 999 5526 orientis
1021 5461 1105 5524 sunt
1128 5457 1222 5542 passi
1248 5453 1550 5542 quadtuordecim:
1575 5475 1597 5523 a
1620 5453 1768 5522 meridie
1791 5456 1883 5541 quod
1906 5457 2142 5542 compreensit
2173 5457 2247 5544 ipse
2283 5459 2425 5528 9199999

583 5615 620 5680 91
643 5615 766 5698 991999
789 5609 886 5678 111199
910 5610 1001 5694 9199,
1026 5607 1109 5674 inde
1132 5609 1216 5674 sunt
1237 5603 1510 5693 passitriginta
1533 5611 1620 5675 9919.
1647 5607 1716 5677 1919
1739 5606 1841 5694 99919
1862 5627 1926 5695 per
1948 5609 2026 5697 ipsa
2049 5608 2232 5680 mensuris
2262 5609 2301 5677 19
2332 5615 2430 5680 99919

580 5763 787 5832 tradiderad
814 5764 926 5848 ipsius
951 5758 1091 5827 sellicti.
1119 5759 1183 5825 Seu
1208 5761 1243 5824 et
1267 5755 1473 5826 tradiderad
1497 5759 1535 5826 iu
1559 5765 1651 5828 99919
1677 5760 1787 5848 199199
1810 5761 1940 5831 99111911
1965 5783 2038 5834 999
2061 5765 2173 5852 99919,
2197 5781 2265 5852 999
2288 5763 2426 5835 (1191199
