5466 7106
1306 525 1477 598 donax
1511 527 1776 598 cavensis

1346 966 1669 1048 DCCXCIII.

1363 1225 1416 1302 A.
1444 1223 1493 1302 D·
1524 1223 1651 1304 1027.

632 1461 668 1598 †
692 1513 732 1579 In
749 1513 893 1580 nomine
909 1513 1045 1582 domini
1062 1516 1177 1584 nostri
1193 1517 1295 1584 ihesu
1311 1517 1438 1587 christi
1454 1518 1676 1606 sexagesimo
1693 1521 1840 1590 hoctabo
1856 1535 1951 1588 anno
1967 1517 2116 1604 imperio
2132 1517 2252 1586 domni
2270 1519 2437 1587 constan-

586 1665 655 1734 tini
670 1666 698 1750 ¹)
720 1667 958 1737 sanctissimis
974 1668 1182 1757 imperatori
1198 1676 1334 1760 nostre,
1350 1690 1470 1740 mense
1486 1675 1629 1761 agusto,
1646 1673 1783 1740 decima
1799 1670 2008 1740 indictione.
2026 1670 2175 1758 Ideoque
2191 1688 2258 1758 ego
2281 1671 2439 1742 iohanne

586 1817 682 1887 filius
705 1821 800 1888 serio
824 1820 866 1890 de
890 1820 1035 1892 civitate
1059 1823 1178 1912 melfi,
1206 1823 1291 1892 dum
1314 1823 1352 1892 iu
1376 1825 1432 1893 dei
1457 1823 1711 1912 omnipotentis
1736 1823 1981 1893 misericordia
2004 1827 2039 1892 te
2062 1822 2205 1909 quidem
2230 1822 2352 1911 puella
2374 1841 2437 1892 no·

584 1973 683 2042 mine
706 1972 888 2044 dumnaua
917 1975 994 2044 filia
1017 1994 1147 2064 mango
1171 1977 1214 2045 de
1238 1977 1383 2046 civitate
1407 1977 1501 2046 melfi
1526 1979 1598 2048 iam
1623 1980 1661 2046 in
1684 1997 1762 2046 meo
1785 1977 1917 2046 sociavi
1941 1977 2119 2065 coniugi0,
2144 1981 2204 2046 tuc
2229 1976 2269 2044 iu
2292 1975 2367 2046 alia
2382 1976 2440 2046 die

590 2123 799 2211 nuptiarum
824 2130 1029 2196 nostrarum
1053 2130 1137 2196 aute
1161 2127 1295 2196 amicos
1319 2132 1354 2196 et
1377 2131 1545 2214 parentes
1569 2131 1708 2198 nostros
1732 2129 1925 2198 secundum
1957 2131 2051 2198 ritus
2073 2129 2193 2216 gentis
2217 2131 2336 2196 nostre
2359 2127 2439 2197 lan-

587 2278 829 2364 govardorum
843 2299 907 2366 per
923 2283 1019 2348 hunc
1035 2281 1201 2350 videlicet
1219 2281 1377 2350 libellum
1394 2282 1566 2369 scriptum
1583 2285 1619 2350 et
1635 2301 1657 2350 a
1673 2283 1822 2350 testibus
1838 2283 2047 2350 novaratum
2058 2279 2102 2347 do
2113 2283 2223 2366 atque
2246 2279 2349 2348 trado
2373 2278 2441 2346 tivi

586 2432 743 2517 predicte
767 2433 871 2502 uxori
895 2453 971 2502 mee
994 2436 1242 2524 morgincahp,
1256 2438 1321 2504 hoc
1337 2441 1390 2505 est
1406 2439 1570 2522 quartam
1587 2438 1724 2522 partem
1749 2453 1795 2502 ex
1809 2433 1974 2501 omnibus
1998 2436 2103 2503 rebus
2120 2432 2334 2520 supstantiis
2347 2432 2441 2502 meis

585 2585 774 2653 stavilibus
798 2591 833 2654 et
856 2586 1057 2675 movilibus
1075 2591 1148 2659 tam
1166 2588 1376 2675 quodmodo
1394 2590 1614 2675 abeo,quam
1637 2586 1729 2674 quod
1753 2585 1876 2655 amodo
1892 2591 1928 2655 et
1945 2588 1983 2656 in
2002 2589 2111 2656 antea
2134 2585 2258 2654 diebus
2283 2587 2355 2654 vite
2378 2589 2441 2654 tue

585 2757 714 2824 parare
738 2743 801 2808 aut
823 2742 1034 2828 conquirere
1057 2744 1204 2828 potuero
1228 2741 1483 2827 undecumque,
1502 2741 1556 2808 uel
1572 2739 1908 2828 quomodocumque,
1926 2739 2017 2808 idest
2040 2737 2146 2826 casis,
2172 2737 2306 2826 casilis,
2324 2739 2441 2806 curtis

585 2897 621 2960 et
645 2891 786 2978 plateis
810 2897 885 2962 tam
909 2893 1007 2963 infra
1029 2894 1159 2964 civitas
1183 2913 1289 2980 quam
1313 2897 1348 2960 et
1371 2893 1456 2960 foris
1481 2911 1543 2978 per
1568 2891 1675 2977 uillis,
1703 2889 1833 2978 vineis,
1859 2888 2025 2978 vinealis,
2050 2891 2256 2977 territoriiS,
2288 2891 2439 2980 campis,

586 3046 701 3133 silbis,
725 3047 881 3134 pascuis,
907 3047 1033 3134 pratis,
1059 3049 1174 3133 aquis,
1199 3046 1365 3114 holibotis
1379 3095 1388 3132 ,
1413 3051 1449 3114 et-
1471 3047 1598 3114 ceteris
1623 3045 1813 3114 arboribus
1836 3045 2029 3130 fructiferis
2053 3049 2159 3131 atque
2187 3044 2439 3131 infructiferis,

586 3199 721 3268 cultum
744 3199 798 3267 vel
824 3198 1012 3286 incultum,
1037 3198 1177 3286 peculia
1200 3216 1332 3285 manga
1355 3201 1390 3266 et
1414 3199 1541 3285 parba,
1567 3219 1693 3266 aurum
1711 3203 1747 3268 et
1763 3202 1968 3285 argeutum,
1993 3198 2036 3266 de
2059 3197 2180 3266 omnia
2204 3201 2240 3266 et
2264 3197 2303 3264 in
2327 3197 2439 3265 omni·

586 3353 675 3437 bus,
699 3352 790 3420 sicut
812 3352 1024 3458 protegitur,
1047 3352 1112 3420 tivi
1138 3372 1205 3439 que
1230 3371 1338 3439 supra
1363 3353 1466 3420 uxori
1492 3372 1568 3420 mee
1592 3355 1759 3439 quartam
1783 3355 1922 3438 partem
1946 3351 2043 3420 dedit
2065 3355 2173 3437 atque
2197 3353 2373 3440 tradidit,
2398 3353 2438 3419 in

586 3520 630 3570 ea
654 3500 816 3572 videlicet
839 3505 1044 3590 rationem,
1077 3507 1117 3571 ut
1142 3503 1266 3573 amodo
1282 3507 1317 3571 et
1335 3522 1485 3590 semper,
1511 3465 1704 3570 secundum
1728 3504 1899 3589 quomodo
1915 3503 1954 3569 in
1978 3502 2085 3571 edicti
2110 3504 2270 3573 continet
2290 3505 2437 3592 pagina,

588 3656 625 3722 in
652 3662 714 3727 tua
738 3677 806 3744 que
830 3675 938 3746 supra
963 3660 1068 3726 uxori
1095 3675 1170 3725 mee
1194 3657 1241 3724 sit
1263 3663 1494 3746 potestatem,
1520 3661 1556 3726 et
1580 3675 1696 3744 neque
1720 3678 1742 3727 a
1764 3675 1820 3726 me
1845 3659 1908 3744 qui
1933 3675 2042 3742 supra
2058 3659 2212 3727 iohanne
2238 3658 2314 3726 viro
2345 3662 2436 3746 tuo,

587 3829 703 3898 neque
729 3813 774 3882 ab
798 3811 962 3880 eredibus
986 3813 1101 3898 meiS,
1133 3828 1247 3896 neque
1280 3812 1326 3878 ab
1351 3809 1422 3875 ullo
1445 3811 1612 3897 quopiam
1636 3811 1815 3880 hominem
1841 3813 1948 3880 abeas
1973 3810 2166 3897 aliquando
2196 3811 2355 3898 aliquam
2379 3831 2435 3881 re-

587 3967 817 4052 quisitionem
840 3964 882 4032 de
905 3963 1110 4050 supradicta
1135 3981 1213 4030 mea
1237 3962 1482 4050 traditionem,
1501 3967 1555 4031 set
1578 3963 1759 4051 perpetuis
1783 3965 2000 4051 temporibus
2023 3966 2197 4033 securiter
2221 3971 2256 4034 et
2279 3966 2434 4034 firmiter

587 4120 628 4182 tu
653 4137 721 4205 que
745 4137 855 4204 supra
879 4135 970 4185 uxor
994 4137 1073 4186 mea
1097 4115 1285 4206 possideat,
1311 4122 1346 4186 et
1369 4117 1532 4206 quicquit
1555 4121 1688 4188 exinde
1710 4120 1968 4206 hordiuaberit,
1985 4117 2024 4185 in
2041 4122 2104 4188 tua
2127 4120 2175 4187 sit
2198 4123 2428 4206 potestatem,

583 4276 618 4341 et
641 4291 749 4359 quam
772 4275 867 4341 euim
891 4272 1031 4342 cartula
1056 4271 1289 4360 morgincahp
1303 4274 1399 4340 omui
1415 4276 1571 4358 tempore
1595 4265 1699 4342 firma
1716 4277 1751 4342 et
1766 4271 1904 4341 stavilis
1922 4278 2141 4360 permaneat.
2162 4273 2273 4349 Quam
2292 4279 2326 4342 te
2345 4291 2428 4340 urso

583 4427 754 4498 diaconus
777 4433 813 4497 et
834 4427 995 4498 notarius
1018 4429 1173 4496 scribere
1198 4425 1414 4512 rogavimus,
1434 4431 1550 4494 actum
1571 4426 1609 4493 in
1627 4427 1822 4530 predictam
1839 4427 2020 4495 civitatem
2038 4444 2155 4494 mense
2173 4432 2209 4495 ot
2227 4426 2425 4497 indictione

586 4584 783 4654 nominata.

629 4709 660 4826 †
685 4739 760 4824 Ego
784 4739 879 4806 maio
904 4736 1011 4804 iudex

629 4867 660 4981 †
685 4895 760 4982 Ego
783 4892 927 4961 sefando
951 4894 1041 4960 teste
1066 4909 1144 4958 sum

629 5021 659 5134 †
684 5052 759 5137 Ego
782 5067 879 5116 sasso
902 5049 1004 5116 teste.

588 5305 621 5314 ..-
630 5305 717 5312 .----.
737 5304 792 5311 ...-
801 5304 842 5310 —-
865 5300 1027 5310 ------

627 5483 649 5562 ¹)
671 5483 876 5561 Scaeaqestmo
899 5482 1011 5559 quinto
1037 5497 1124 5539 uano
1148 5479 1317 5538 incribere
1342 5477 1484 5537 debebat
1506 5478 1679 5550 Notarius;
1706 5477 1762 5536 sod
1786 5485 1859 5556 post
1882 5488 2019 5540 mortem
2037 5480 2166 5552 Basilii,
2186 5479 2262 5540 anni
2281 5479 2439 5540 Constan-

587 5630 647 5690 tini
670 5628 881 5710 Imperatoris
904 5623 1166 5705 supputabantur
1190 5623 1279 5682 iuxta
1302 5621 1547 5684 successionem
1573 5639 1733 5684 annorum
1757 5621 1893 5703 Imperii
1918 5623 2047 5684 Basilii.

1320 5872 1342 5882 -ι
1350 5872 1448 5880 -ῌ-
1500 5873 1506 5878 -Ἰ
1514 5873 1577 5879 --.ψ-
1586 5873 1654 5879 -,...-.-
1675 5872 1724 5880 --α
