<?xml version="1.0" encoding="UTF-8"?>
<!DOCTYPE html PUBLIC "-//W3C//DTD XHTML 1.0 Transitional//EN"
    "http://www.w3.org/TR/xhtml1/DTD/xhtml1-transitional.dtd">
<html xmlns="http://www.w3.org/1999/xhtml" xml:lang="en" lang="en">
 <head>
  <title>
</title>
<meta http-equiv="Content-Type" content="text/html;charset=utf-8" />
  <meta name='ocr-system' content='tesseract 3.04.00' />
  <meta name='ocr-capabilities' content='ocr_page ocr_carea ocr_par ocr_line ocrx_word'/>
</head>
<body>
  <div class='ocr_page' id='page_1' title='image "./codexdiplomatic03aragoog_0335.png"; bbox 0 0 5422 7102; ppageno 0'>
   <div class='ocr_carea' id='block_1_1' title="bbox 323 1923 2177 2507">
    <p class='ocr_par' dir='ltr' id='par_1_1' title="bbox 323 1923 2177 2507">
     <span class='ocr_line' id='line_1_1' title="bbox 323 1923 2176 2020; baseline 0.008 -27"><span class='ocrx_word' id='word_1_1' title='bbox 323 1925 349 1994; x_wconf 93' lang='lat' dir='ltr'><strong>ll</strong></span> <span class='ocrx_word' id='word_1_2' title='bbox 377 1923 486 2020; x_wconf 90' lang='lat' dir='ltr'><strong>primo</strong></span> <span class='ocrx_word' id='word_1_3' title='bbox 514 1923 619 2020; x_wconf 81' lang='lat' dir='ltr'><strong>ioglio</strong></span> <span class='ocrx_word' id='word_1_4' title='bbox 646 1935 732 1996; x_wconf 83' lang='lat' dir='ltr'><strong>recto</strong></span> <span class='ocrx_word' id='word_1_5' title='bbox 758 1923 814 1997; x_wconf 90' lang='lat' dir='ltr'><strong>del</strong></span> <span class='ocrx_word' id='word_1_6' title='bbox 841 1924 979 2011; x_wconf 79' lang='lat' dir='ltr'>Codice,</span> <span class='ocrx_word' id='word_1_7' title='bbox 1009 1925 1212 2000; x_wconf 85' lang='lat' dir='ltr'><strong>conosoiuto</strong></span> <span class='ocrx_word' id='word_1_8' title='bbox 1232 1934 1321 2000; x_wconf 87' lang='lat' dir='ltr'><strong>sollo</strong></span> <span class='ocrx_word' id='word_1_9' title='bbox 1339 1925 1364 1998; x_wconf 86' lang='lat' dir='ltr'><strong>il</strong></span> <span class='ocrx_word' id='word_1_10' title='bbox 1383 1953 1484 2001; x_wconf 87' lang='lat' dir='ltr'><strong>nome</strong></span> <span class='ocrx_word' id='word_1_11' title='bbox 1511 1929 1546 2001; x_wconf 90' lang='lat' dir='ltr'><strong>di</strong></span> <span class='ocrx_word' id='word_1_12' title='bbox 1573 1933 1669 2003; x_wconf 79' lang='lat' dir='ltr'><strong>Brun</strong></span> <span class='ocrx_word' id='word_1_13' title='bbox 1695 1930 1995 2019; x_wconf 74' lang='lat' dir='ltr'><strong>nonsummum,</strong></span> <span class='ocrx_word' id='word_1_14' title='bbox 2015 1959 2083 2008; x_wconf 91' lang='lat' dir='ltr'><strong>non</strong></span> <span class='ocrx_word' id='word_1_15' title='bbox 2112 1937 2176 2009; x_wconf 86' lang='lat' dir='ltr'><strong>che</strong></span> 
     </span>
     <span class='ocr_line' id='line_1_2' title="bbox 369 2085 2177 2192; baseline 0.007 -34"><span class='ocrx_word' id='word_1_16' title='bbox 369 2085 459 2158; x_wconf 87' lang='lat' dir='ltr'><strong>assai</strong></span> <span class='ocrx_word' id='word_1_17' title='bbox 479 2086 651 2172; x_wconf 85' lang='lat' dir='ltr'><strong>annerilo,</strong></span> <span class='ocrx_word' id='word_1_18' title='bbox 668 2085 735 2158; x_wconf 76' lang='lat' dir='ltr'><strong>ein</strong></span> <span class='ocrx_word' id='word_1_19' title='bbox 753 2086 799 2158; x_wconf 87' lang='lat' dir='ltr'><strong>tal</strong></span> <span class='ocrx_word' id='word_1_20' title='bbox 818 2085 917 2182; x_wconf 83' lang='lat' dir='ltr'><strong>guisa</strong></span> <span class='ocrx_word' id='word_1_21' title='bbox 943 2086 1153 2175; x_wconf 88' lang='lat' dir='ltr'><strong>malandato,</strong></span> <span class='ocrx_word' id='word_1_22' title='bbox 1183 2087 1245 2160; x_wconf 89' lang='lat' dir='ltr'><strong>che</strong></span> <span class='ocrx_word' id='word_1_23' title='bbox 1264 2111 1300 2161; x_wconf 88' lang='lat' dir='ltr'><strong>sc</strong></span> <span class='ocrx_word' id='word_1_24' title='bbox 1326 2113 1370 2162; x_wconf 91' lang='lat' dir='ltr'><strong>ne</strong></span> <span class='ocrx_word' id='word_1_25' title='bbox 1390 2090 1569 2164; x_wconf 85' lang='lat' dir='ltr'><strong>dovettero</strong></span> <span class='ocrx_word' id='word_1_26' title='bbox 1588 2091 1757 2188; x_wconf 86' lang='lat' dir='ltr'><strong>ricoprire</strong></span> <span class='ocrx_word' id='word_1_27' title='bbox 1775 2117 1839 2166; x_wconf 90' lang='lat' dir='ltr'><strong>con</strong></span> <span class='ocrx_word' id='word_1_28' title='bbox 1859 2093 1945 2168; x_wconf 86' lang='lat' dir='ltr'><strong>altre</strong></span> <span class='ocrx_word' id='word_1_29' title='bbox 1968 2119 2177 2192; x_wconf 81' lang='lat' dir='ltr'><strong>pergamena</strong></span> 
     </span>
     <span class='ocr_line' id='line_1_3' title="bbox 369 2243 2176 2348; baseline 0.006 -32"><span class='ocrx_word' id='word_1_30' title='bbox 369 2246 379 2316; x_wconf 91' lang='lat' dir='ltr'><strong>i</strong></span> <span class='ocrx_word' id='word_1_31' title='bbox 406 2244 566 2340; x_wconf 73' lang='lat' dir='ltr'><strong>margini,</strong></span> <span class='ocrx_word' id='word_1_32' title='bbox 586 2267 605 2315; x_wconf 89' lang='lat' dir='ltr'><strong>e</strong></span> <span class='ocrx_word' id='word_1_33' title='bbox 631 2243 665 2316; x_wconf 92' lang='lat' dir='ltr'><strong>la</strong></span> <span class='ocrx_word' id='word_1_34' title='bbox 683 2246 845 2320; x_wconf 86' lang='lat' dir='ltr'><strong>scrittura</strong></span> <span class='ocrx_word' id='word_1_35' title='bbox 862 2245 955 2341; x_wconf 80' lang='lat' dir='ltr'>degli</span> <span class='ocrx_word' id='word_1_36' title='bbox 973 2245 1088 2318; x_wconf 82' lang='lat' dir='ltr'><strong>ultimi</strong></span> <span class='ocrx_word' id='word_1_37' title='bbox 1108 2249 1176 2320; x_wconf 91' lang='lat' dir='ltr'><strong>due</strong></span> <span class='ocrx_word' id='word_1_38' title='bbox 1203 2245 1292 2342; x_wconf 87' lang='lat' dir='ltr'><strong>righi</strong></span> <span class='ocrx_word' id='word_1_39' title='bbox 1319 2251 1337 2317; x_wconf 79' lang='lat' dir='ltr'><strong>b</strong></span> <span class='ocrx_word' id='word_1_40' title='bbox 1365 2248 1399 2317; x_wconf 88' lang='lat' dir='ltr'><strong>io</strong></span> <span class='ocrx_word' id='word_1_41' title='bbox 1426 2271 1511 2343; x_wconf 81' lang='lat' dir='ltr'><strong>grau</strong></span> <span class='ocrx_word' id='word_1_42' title='bbox 1530 2257 1625 2343; x_wconf 83' lang='lat' dir='ltr'><strong>parte</strong></span> <span class='ocrx_word' id='word_1_43' title='bbox 1644 2273 1856 2346; x_wconf 87' lang='lat' dir='ltr'><strong>soomparsa.</strong></span> <span class='ocrx_word' id='word_1_44' title='bbox 1873 2252 2021 2348; x_wconf 80' lang='lat' dir='ltr'><strong>Leggesi</strong></span> <span class='ocrx_word' id='word_1_45' title='bbox 2048 2257 2103 2328; x_wconf 90' lang='lat' dir='ltr'><strong>sul</strong></span> <span class='ocrx_word' id='word_1_46' title='bbox 2120 2255 2176 2328; x_wconf 88' lang='lat' dir='ltr'><strong>bel</strong></span> 
     </span>
     <span class='ocr_line' id='line_1_4' title="bbox 366 2405 2173 2507; baseline 0.006 -31"><span class='ocrx_word' id='word_1_47' title='bbox 366 2405 536 2501; x_wconf 89' lang='lat' dir='ltr'><strong>principio</strong></span> <span class='ocrx_word' id='word_1_48' title='bbox 562 2405 594 2478; x_wconf 89' lang='lat' dir='ltr'><strong>ia</strong></span> <span class='ocrx_word' id='word_1_49' title='bbox 620 2405 769 2478; x_wconf 90' lang='lat' dir='ltr'><strong>rubrica:</strong></span> <span class='ocrx_word' id='word_1_50' title='bbox 800 2407 839 2478; x_wconf 84' lang='lat' dir='ltr'><strong>iu</strong></span> <span class='ocrx_word' id='word_1_51' title='bbox 864 2409 1009 2480; x_wconf 82' lang='lat' dir='ltr'><strong>nomine.</strong></span> <span class='ocrx_word' id='word_1_52' title='bbox 1029 2462 1037 2480; x_wconf 93' lang='lat'>.</span> <span class='ocrx_word' id='word_1_53' title='bbox 1058 2462 1097 2479; x_wconf 91' lang='lat'><strong>..</strong></span> <span class='ocrx_word' id='word_1_54' title='bbox 1127 2407 1208 2480; x_wconf 83' lang='lat' dir='ltr'><strong>item</strong></span> <span class='ocrx_word' id='word_1_55' title='bbox 1230 2407 1388 2503; x_wconf 73' lang='lat' dir='ltr'><strong>prolepsis</strong></span> <span class='ocrx_word' id='word_1_56' title='bbox 1415 2408 1563 2481; x_wconf 83' lang='lat' dir='ltr'><strong>eiusdem</strong></span> <span class='ocrx_word' id='word_1_57' title='bbox 1587 2409 1693 2481; x_wconf 80' lang='lat' dir='ltr'><em>Libri.</em></span> <span class='ocrx_word' id='word_1_58' title='bbox 1721 2411 1848 2496; x_wconf 82' lang='lat' dir='ltr'><strong>Queslo</strong></span> <span class='ocrx_word' id='word_1_59' title='bbox 1873 2411 2021 2507; x_wconf 80' lang='lat' dir='ltr'><strong>Prologo</strong></span> <span class='ocrx_word' id='word_1_60' title='bbox 2051 2413 2173 2488; x_wconf 86' lang='lat' dir='ltr'><strong>fluisce</strong></span> 
     </span>
    </p>
   </div>
   <div class='ocr_carea' id='block_1_2' title="bbox 368 2565 2177 2668">
    <p class='ocr_par' dir='ltr' id='par_1_2' title="bbox 368 2565 2177 2668">
     <span class='ocr_line' id='line_1_5' title="bbox 368 2565 2177 2668; baseline 0.001 -26"><span class='ocrx_word' id='word_1_61' title='bbox 368 2567 424 2642; x_wconf 88' lang='lat' dir='ltr'><strong>all’</strong></span> <span class='ocrx_word' id='word_1_62' title='bbox 439 2567 625 2642; x_wconf 88' lang='lat' dir='ltr'><strong>undecimo</strong></span> <span class='ocrx_word' id='word_1_63' title='bbox 652 2565 727 2663; x_wconf 86' lang='lat' dir='ltr'><strong>rigo</strong></span> <span class='ocrx_word' id='word_1_64' title='bbox 754 2567 846 2640; x_wconf 90' lang='lat' dir='ltr'><strong>dello</strong></span> <span class='ocrx_word' id='word_1_65' title='bbox 872 2573 984 2641; x_wconf 82' lang='lat' dir='ltr'>stesso</span> <span class='ocrx_word' id='word_1_66' title='bbox 1010 2567 1117 2664; x_wconf 82' lang='lat' dir='ltr'><strong>logiio</strong></span> <span class='ocrx_word' id='word_1_67' title='bbox 1142 2590 1235 2640; x_wconf 80' lang='lat' dir='ltr'><strong>uerso</strong></span> <span class='ocrx_word' id='word_1_68' title='bbox 1261 2569 1297 2663; x_wconf 83' lang='lat'><strong>¹).</strong></span> <span class='ocrx_word' id='word_1_69' title='bbox 1326 2566 1386 2640; x_wconf 89' lang='lat' dir='ltr'><strong>Poi</strong></span> <span class='ocrx_word' id='word_1_70' title='bbox 1413 2568 1442 2640; x_wconf 89' lang='lat' dir='ltr'><strong>si</strong></span> <span class='ocrx_word' id='word_1_71' title='bbox 1470 2570 1556 2642; x_wconf 88' lang='lat' dir='ltr'><strong>vede</strong></span> <span class='ocrx_word' id='word_1_72' title='bbox 1583 2567 1615 2640; x_wconf 90' lang='lat' dir='ltr'><strong>la</strong></span> <span class='ocrx_word' id='word_1_73' title='bbox 1641 2567 1806 2641; x_wconf 79' lang='lat' dir='ltr'><strong>rubrica:</strong></span> <span class='ocrx_word' id='word_1_74' title='bbox 1835 2568 1987 2665; x_wconf 74' lang='lat' dir='ltr'><strong>Euplicit</strong></span> <span class='ocrx_word' id='word_1_75' title='bbox 2011 2571 2177 2668; x_wconf 78' lang='lat' dir='ltr'><strong>Prolopus</strong></span> 
     </span>
    </p>
   </div>
   <div class='ocr_carea' id='block_1_3' title="bbox 361 2832 748 2840">
    <p class='ocr_par' dir='ltr' id='par_1_3' title="bbox 361 2832 748 2840">
     <span class='ocr_line' id='line_1_6' title="bbox 361 2832 748 2840; baseline -0.003 -1"><span class='ocrx_word' id='word_1_76' title='bbox 361 2833 509 2839; x_wconf 53' lang='lat' dir='ltr'>..m-n-.</span> <span class='ocrx_word' id='word_1_77' title='bbox 527 2832 586 2838; x_wconf 59' lang='grc' dir='ltr'><em>...η-</em></span> <span class='ocrx_word' id='word_1_78' title='bbox 601 2833 620 2839; x_wconf 76' lang='lat'><strong>-.</strong></span> <span class='ocrx_word' id='word_1_79' title='bbox 654 2833 662 2838; x_wconf 83' lang='grc'>.</span> <span class='ocrx_word' id='word_1_80' title='bbox 695 2834 700 2838; x_wconf 97' lang='grc'>.</span> <span class='ocrx_word' id='word_1_81' title='bbox 715 2833 748 2840; x_wconf 56' lang='lat' dir='ltr'><strong>-a</strong></span> 
     </span>
    </p>
   </div>
   <div class='ocr_carea' id='block_1_4' title="bbox 365 3001 2175 3098">
    <p class='ocr_par' dir='ltr' id='par_1_4' title="bbox 365 3001 2175 3098">
     <span class='ocr_line' id='line_1_7' title="bbox 365 3001 2175 3098; baseline 0.014 -30"><span class='ocrx_word' id='word_1_82' title='bbox 365 3001 386 3089; x_wconf 76' lang='lat'><strong>¹)</strong></span> <span class='ocrx_word' id='word_1_83' title='bbox 408 3009 664 3090; x_wconf 89' lang='lat' dir='ltr'><strong>Riproduciamo</strong></span> <span class='ocrx_word' id='word_1_84' title='bbox 680 3028 739 3090; x_wconf 86' lang='lat' dir='ltr'><strong>per</strong></span> <span class='ocrx_word' id='word_1_85' title='bbox 756 3010 864 3070; x_wconf 87' lang='lat' dir='ltr'><strong>inlero</strong></span> <span class='ocrx_word' id='word_1_86' title='bbox 881 3016 996 3087; x_wconf 87' lang='lat' dir='ltr'><strong>questo</strong></span> <span class='ocrx_word' id='word_1_87' title='bbox 1013 3009 1150 3087; x_wconf 79' lang='lat' dir='ltr'><strong>Prolopo</strong></span> <span class='ocrx_word' id='word_1_88' title='bbox 1167 3009 1217 3072; x_wconf 86' lang='lat' dir='ltr'><strong>col</strong></span> <span class='ocrx_word' id='word_1_89' title='bbox 1235 3027 1294 3071; x_wconf 93' lang='lat' dir='ltr'><strong>suo</strong></span> <span class='ocrx_word' id='word_1_90' title='bbox 1311 3011 1476 3074; x_wconf 86' lang='lat' dir='ltr'><strong>riscontro</strong></span> <span class='ocrx_word' id='word_1_91' title='bbox 1493 3033 1552 3076; x_wconf 90' lang='lat' dir='ltr'><strong>con</strong></span> <span class='ocrx_word' id='word_1_92' title='bbox 1570 3017 1751 3082; x_wconf 83' lang='lat' dir='ltr'><strong>l’Edizione</strong></span> <span class='ocrx_word' id='word_1_93' title='bbox 1769 3022 1800 3082; x_wconf 90' lang='lat' dir='ltr'><strong>di</strong></span> <span class='ocrx_word' id='word_1_94' title='bbox 1818 3023 1965 3098; x_wconf 84' lang='lat' dir='ltr'><strong>Colonia,</strong></span> <span class='ocrx_word' id='word_1_95' title='bbox 1989 3027 2126 3092; x_wconf 87' lang='lat' dir='ltr'><strong>Volumc</strong></span> <span class='ocrx_word' id='word_1_96' title='bbox 2146 3033 2175 3094; x_wconf 88' lang='lat'><strong>11</strong></span> 
     </span>
    </p>
   </div>
   <div class='ocr_carea' id='block_1_5' title="bbox 318 3155 541 3218">
    <p class='ocr_par' dir='ltr' id='par_1_5' title="bbox 318 3155 541 3218">
     <span class='ocr_line' id='line_1_8' title="bbox 318 3155 541 3218; baseline -0.018 0"><span class='ocrx_word' id='word_1_97' title='bbox 318 3156 457 3218; x_wconf 83' lang='lat' dir='ltr'><strong>colomna</strong></span> <span class='ocrx_word' id='word_1_98' title='bbox 480 3155 541 3215; x_wconf 80' lang='lat' dir='ltr'><strong>ll:</strong></span> 
     </span>
    </p>
   </div>
   <div class='ocr_carea' id='block_1_6' title="bbox 315 3364 1946 3578">
    <p class='ocr_par' dir='ltr' id='par_1_6' title="bbox 315 3364 1946 3578">
     <span class='ocr_line' id='line_1_9' title="bbox 588 3364 1946 3439; baseline 0.011 -15"><span class='ocrx_word' id='word_1_99' title='bbox 588 3364 735 3426; x_wconf 76' lang='lat' dir='ltr'>CODIGE</span> <span class='ocrx_word' id='word_1_100' title='bbox 761 3364 952 3424; x_wconf 78' lang='lat' dir='ltr'>GAVENSE</span> <span class='ocrx_word' id='word_1_101' title='bbox 1485 3371 1677 3433; x_wconf 75' lang='lat' dir='ltr'>EDIZIONE</span> <span class='ocrx_word' id='word_1_102' title='bbox 1703 3376 1742 3435; x_wconf 87' lang='lat' dir='ltr'><strong>nl</strong></span> <span class='ocrx_word' id='word_1_103' title='bbox 1767 3377 1946 3439; x_wconf 76' lang='lat' dir='ltr'>COLONIA</span> 
     </span>
     <span class='ocr_line' id='line_1_10' title="bbox 315 3493 1228 3578; baseline 0.003 -22"><span class='ocrx_word' id='word_1_104' title='bbox 315 3495 353 3556; x_wconf 90' lang='lat' dir='ltr'><strong>ln</strong></span> <span class='ocrx_word' id='word_1_105' title='bbox 374 3493 503 3558; x_wconf 90' lang='lat' dir='ltr'><strong>nomine</strong></span> <span class='ocrx_word' id='word_1_106' title='bbox 531 3493 652 3558; x_wconf 86' lang='lat' dir='ltr'><strong>domini</strong></span> <span class='ocrx_word' id='word_1_107' title='bbox 682 3494 791 3559; x_wconf 81' lang='lat' dir='ltr'><strong>nostri</strong></span> <span class='ocrx_word' id='word_1_108' title='bbox 819 3495 918 3560; x_wconf 87' lang='lat' dir='ltr'><strong>ihesu</strong></span> <span class='ocrx_word' id='word_1_109' title='bbox 946 3495 1075 3558; x_wconf 85' lang='lat' dir='ltr'><strong>christi.</strong></span> <span class='ocrx_word' id='word_1_110' title='bbox 1105 3496 1228 3578; x_wconf 85' lang='lat' dir='ltr'><strong>Incipit</strong></span> 
     </span>
    </p>
   </div>
   <div class='ocr_carea' id='block_1_7' title="bbox 355 3655 2269 3763">
    <p class='ocr_par' dir='ltr' id='par_1_7' title="bbox 355 3655 2269 3763">
     <span class='ocr_line' id='line_1_11' title="bbox 355 3655 2269 3763; baseline 0.023 -47"><span class='ocrx_word' id='word_1_111' title='bbox 355 3655 515 3720; x_wconf 76' lang='lat' dir='ltr'><strong>Liberale</strong></span> <span class='ocrx_word' id='word_1_112' title='bbox 537 3657 742 3736; x_wconf 73' lang='lat' dir='ltr'><strong>temporibus</strong></span> <span class='ocrx_word' id='word_1_113' title='bbox 764 3655 933 3736; x_wconf 84' lang='lat' dir='ltr'><strong>expositus</strong></span> <span class='ocrx_word' id='word_1_114' title='bbox 955 3662 991 3719; x_wconf 86' lang='lat' dir='ltr'><strong>et</strong></span> <span class='ocrx_word' id='word_1_115' title='bbox 1012 3655 1186 3721; x_wconf 81' lang='lat' dir='ltr'><strong>ordinatus</strong></span> <span class='ocrx_word' id='word_1_116' title='bbox 1207 3677 1225 3721; x_wconf 79' lang='lat' dir='ltr'><strong>a</strong></span> <span class='ocrx_word' id='word_1_117' title='bbox 1262 3665 1469 3735; x_wconf 74' lang='lat' dir='ltr'><strong>Venerabilis</strong></span> <span class='ocrx_word' id='word_1_118' title='bbox 1491 3673 1597 3738; x_wconf 83' lang='lat' dir='ltr'><strong>Babae</strong></span> <span class='ocrx_word' id='word_1_119' title='bbox 1621 3675 1835 3758; x_wconf 77' lang='lat' dir='ltr'><strong>Presbyteri,</strong></span> <span class='ocrx_word' id='word_1_120' title='bbox 1859 3685 2108 3763; x_wconf 74' lang='lat' dir='ltr'><strong>buplosaxonis</strong></span> <span class='ocrx_word' id='word_1_121' title='bbox 2130 3693 2165 3756; x_wconf 89' lang='lat' dir='ltr'><strong>in</strong></span> <span class='ocrx_word' id='word_1_122' title='bbox 2267 3693 2269 3696; x_wconf 77' lang='grc'><strong>’</strong></span> 
     </span>
    </p>
   </div>
   <div class='ocr_carea' id='block_1_8' title="bbox 357 3807 2091 4024">
    <p class='ocr_par' dir='ltr' id='par_1_8' title="bbox 357 3807 2091 4024">
     <span class='ocr_line' id='line_1_12' title="bbox 358 3807 2091 3911; baseline 0.023 -43"><span class='ocrx_word' id='word_1_123' title='bbox 358 3807 542 3870; x_wconf 82' lang='lat' dir='ltr'><strong>venerabili</strong></span> <span class='ocrx_word' id='word_1_124' title='bbox 557 3808 640 3872; x_wconf 86' lang='lat' dir='ltr'><strong>beda</strong></span> <span class='ocrx_word' id='word_1_125' title='bbox 655 3810 861 3888; x_wconf 85' lang='lat' dir='ltr'><strong>presbytero.</strong></span> <span class='ocrx_word' id='word_1_126' title='bbox 877 3808 959 3872; x_wconf 87' lang='lat' dir='ltr'><strong>item</strong></span> <span class='ocrx_word' id='word_1_127' title='bbox 970 3809 1124 3890; x_wconf 80' lang='lat' dir='ltr'><strong>prolopus</strong></span> <span class='ocrx_word' id='word_1_128' title='bbox 1141 3812 1226 3876; x_wconf 91' lang='lat' dir='ltr'><strong>eius·</strong></span> <span class='ocrx_word' id='word_1_129' title='bbox 1323 3821 1445 3887; x_wconf 87' lang='lat' dir='ltr'><strong>librum</strong></span> <span class='ocrx_word' id='word_1_130' title='bbox 1467 3825 1507 3889; x_wconf 87' lang='lat' dir='ltr'><strong>de</strong></span> <span class='ocrx_word' id='word_1_131' title='bbox 1524 3828 1725 3910; x_wconf 84' lang='lat' dir='ltr'><strong>l&#39;emporum</strong></span> <span class='ocrx_word' id='word_1_132' title='bbox 1747 3836 1888 3902; x_wconf 87' lang='lat' dir='ltr'><strong>ratione.</strong></span> <span class='ocrx_word' id='word_1_133' title='bbox 1913 3841 2091 3911; x_wconf 84' lang='lat' dir='ltr'><strong>Praefatio.</strong></span> 
     </span>
     <span class='ocr_line' id='line_1_13' title="bbox 357 3959 542 4024; baseline 0.011 -2"><span class='ocrx_word' id='word_1_134' title='bbox 357 3959 431 4024; x_wconf 83' lang='lat' dir='ltr'><strong>tiam</strong></span> <span class='ocrx_word' id='word_1_135' title='bbox 453 3961 542 4024; x_wconf 88' lang='lat' dir='ltr'><strong>libri.</strong></span> 
     </span>
    </p>
   </div>
   <div class='ocr_carea' id='block_1_9' title="bbox 356 4097 2170 4243">
    <p class='ocr_par' dir='ltr' id='par_1_9' title="bbox 356 4097 2170 4243">
     <span class='ocr_line' id='line_1_14' title="bbox 356 4097 2170 4243; baseline 0.027 -89"><span class='ocrx_word' id='word_1_136' title='bbox 356 4117 372 4155; x_wconf 85' lang='lat' dir='ltr'><strong>u</strong></span> <span class='ocrx_word' id='word_1_137' title='bbox 395 4097 442 4158; x_wconf 89' lang='lat' dir='ltr'><strong>De</strong></span> <span class='ocrx_word' id='word_1_138' title='bbox 468 4103 585 4158; x_wconf 85' lang='lat' dir='ltr'><strong>natura</strong></span> <span class='ocrx_word' id='word_1_139' title='bbox 607 4115 721 4159; x_wconf 87' lang='lat' dir='ltr'><strong>rerum</strong></span> <span class='ocrx_word' id='word_1_140' title='bbox 738 4104 772 4159; x_wconf 88' lang='lat' dir='ltr'><strong>et</strong></span> <span class='ocrx_word' id='word_1_141' title='bbox 787 4098 915 4160; x_wconf 88' lang='lat' dir='ltr'><strong>ratione</strong></span> <span class='ocrx_word' id='word_1_142' title='bbox 940 4105 1124 4180; x_wconf 87' lang='lat' dir='ltr'><strong>temporum</strong></span> <span class='ocrx_word' id='word_1_143' title='bbox 1142 4101 1223 4163; x_wconf 92' lang='lat' dir='ltr'><strong>duos</strong></span> <span class='ocrx_word' id='word_1_144' title='bbox 1300 4139 1346 4200; x_wconf 65' lang='lat' dir='ltr'><strong>De</strong></span> <span class='ocrx_word' id='word_1_145' title='bbox 1370 4147 1497 4212; x_wconf 53' lang='lat' dir='ltr'><strong>natura,</strong></span> <span class='ocrx_word' id='word_1_146' title='bbox 1523 4152 1557 4206; x_wconf 59' lang='lat' dir='ltr'><strong>et</strong></span> <span class='ocrx_word' id='word_1_147' title='bbox 1578 4149 1706 4210; x_wconf 60' lang='lat' dir='ltr'><strong>ratione</strong></span> <span class='ocrx_word' id='word_1_148' title='bbox 1731 4156 1937 4233; x_wconf 52' lang='lat' dir='ltr'><strong>temporum,</strong></span> <span class='ocrx_word' id='word_1_149' title='bbox 1961 4160 2043 4222; x_wconf 67' lang='lat' dir='ltr'>duos</span> <span class='ocrx_word' id='word_1_150' title='bbox 2066 4183 2170 4243; x_wconf 68' lang='lat' dir='ltr'><strong>quon,</strong></span> 
     </span>
    </p>
   </div>
   <div class='ocr_carea' id='block_1_10' title="bbox 316 4251 2164 4382">
    <p class='ocr_par' dir='ltr' id='par_1_10' title="bbox 316 4251 2164 4382">
     <span class='ocr_line' id='line_1_15' title="bbox 316 4251 2164 4382; baseline 0.034 -69"><span class='ocrx_word' id='word_1_151' title='bbox 316 4251 479 4330; x_wconf 82' lang='lat' dir='ltr'><strong>qnondam</strong></span> <span class='ocrx_word' id='word_1_152' title='bbox 503 4259 594 4316; x_wconf 74' lang='lat' dir='ltr'><strong>sexto</strong></span> <span class='ocrx_word' id='word_1_153' title='bbox 617 4271 770 4317; x_wconf 64' lang='lat' dir='ltr'><strong>sermone</strong></span> <span class='ocrx_word' id='word_1_154' title='bbox 800 4254 934 4318; x_wconf 72' lang='lat' dir='ltr'><strong>lih0¹¹⁰⁸</strong></span> <span class='ocrx_word' id='word_1_155' title='bbox 957 4257 1163 4320; x_wconf 57' lang='lat' dir='ltr'><strong>discentibus</strong></span> <span class='ocrx_word' id='word_1_156' title='bbox 1187 4268 1220 4321; x_wconf 71' lang='lat'><strong>¹¹¹</strong></span> <span class='ocrx_word' id='word_1_157' title='bbox 1258 4285 1330 4350; x_wconf 90' lang='lat' dir='ltr'><strong>dam</strong></span> <span class='ocrx_word' id='word_1_158' title='bbox 1352 4291 1468 4354; x_wconf 84' lang='lat' dir='ltr'><strong>stricto</strong></span> <span class='ocrx_word' id='word_1_159' title='bbox 1491 4311 1645 4357; x_wconf 85' lang='lat' dir='ltr'><strong>sermone</strong></span> <span class='ocrx_word' id='word_1_160' title='bbox 1669 4295 1802 4359; x_wconf 87' lang='lat' dir='ltr'><strong>libellos</strong></span> <span class='ocrx_word' id='word_1_161' title='bbox 1820 4303 2041 4382; x_wconf 59' lang='lat' dir='ltr'><strong>discentibus</strong></span> <span class='ocrx_word' id='word_1_162' title='bbox 2060 4319 2096 4374; x_wconf 87' lang='lat' dir='ltr'><strong>ut</strong></span> <span class='ocrx_word' id='word_1_163' title='bbox 2112 4333 2164 4376; x_wconf 87' lang='lat' dir='ltr'><strong>re·</strong></span> 
     </span>
    </p>
   </div>
   <div class='ocr_carea' id='block_1_11' title="bbox 313 4404 2163 4528">
    <p class='ocr_par' dir='ltr' id='par_1_11' title="bbox 313 4404 2163 4528">
     <span class='ocr_line' id='line_1_16' title="bbox 313 4404 2163 4528; baseline 0.018 -66"><span class='ocrx_word' id='word_1_164' title='bbox 313 4404 413 4466; x_wconf 88' lang='lat' dir='ltr'><strong>rebar</strong></span> <span class='ocrx_word' id='word_1_165' title='bbox 429 4405 638 4468; x_wconf 86' lang='lat' dir='ltr'><strong>necessarios</strong></span> <span class='ocrx_word' id='word_1_166' title='bbox 656 4407 837 4487; x_wconf 88' lang='lat' dir='ltr'><strong>composui.</strong></span> <span class='ocrx_word' id='word_1_167' title='bbox 862 4407 950 4482; x_wconf 86' lang='lat' dir='ltr'><strong>Quos</strong></span> <span class='ocrx_word' id='word_1_168' title='bbox 966 4429 1041 4472; x_wconf 92' lang='lat' dir='ltr'><strong>cum</strong></span> <span class='ocrx_word' id='word_1_169' title='bbox 1058 4411 1222 4474; x_wconf 84' lang='lat' dir='ltr'><strong>iratribus</strong></span> <span class='ocrx_word' id='word_1_170' title='bbox 1257 4439 1327 4514; x_wconf 59' lang='lat' dir='ltr'><strong>ba„</strong></span> <span class='ocrx_word' id='word_1_171' title='bbox 1352 4445 1765 4528; x_wconf 25' lang='lat' dir='ltr'><strong>necessarios&#39;composui·</strong></span> <span class='ocrx_word' id='word_1_172' title='bbox 1792 4451 1881 4525; x_wconf 65' lang='lat' dir='ltr'><strong>Quos</strong></span> <span class='ocrx_word' id='word_1_173' title='bbox 1904 4475 1979 4516; x_wconf 66' lang='lat' dir='ltr'><strong>cum</strong></span> <span class='ocrx_word' id='word_1_174' title='bbox 2003 4459 2163 4526; x_wconf 62' lang='lat' dir='ltr'><strong>fratribus</strong></span> 
     </span>
    </p>
   </div>
   <div class='ocr_carea' id='block_1_12' title="bbox 312 4554 2167 4693">
    <p class='ocr_par' dir='ltr' id='par_1_12' title="bbox 312 4554 2167 4693">
     <span class='ocr_line' id='line_1_17' title="bbox 312 4554 2167 4693; baseline 0.017 -79"><span class='ocrx_word' id='word_1_175' title='bbox 312 4554 511 4632; x_wconf 88' lang='lat' dir='ltr'><strong>quibusdam</strong></span> <span class='ocrx_word' id='word_1_176' title='bbox 534 4556 612 4618; x_wconf 87' lang='lat' dir='ltr'><strong>dare</strong></span> <span class='ocrx_word' id='word_1_177' title='bbox 636 4563 733 4636; x_wconf 83' lang='lat' dir='ltr'><strong>alque</strong></span> <span class='ocrx_word' id='word_1_178' title='bbox 758 4576 925 4639; x_wconf 84' lang='lat' dir='ltr'><strong>exponere</strong></span> <span class='ocrx_word' id='word_1_179' title='bbox 949 4561 1147 4641; x_wconf 81' lang='lat' dir='ltr'><strong>coepissem,</strong></span> <span class='ocrx_word' id='word_1_180' title='bbox 1173 4562 1221 4624; x_wconf 86' lang='lat' dir='ltr'><strong>di·</strong></span> <span class='ocrx_word' id='word_1_181' title='bbox 1256 4595 1453 4673; x_wconf 64' lang='lat' dir='ltr'>quibusdam</span> <span class='ocrx_word' id='word_1_182' title='bbox 1476 4599 1556 4662; x_wconf 59' lang='lat' dir='ltr'>dare</span> <span class='ocrx_word' id='word_1_183' title='bbox 1579 4609 1677 4682; x_wconf 61' lang='lat' dir='ltr'><strong>atque</strong></span> <span class='ocrx_word' id='word_1_184' title='bbox 1702 4624 1869 4688; x_wconf 61' lang='lat' dir='ltr'><strong>exponere</strong></span> <span class='ocrx_word' id='word_1_185' title='bbox 1893 4614 2091 4693; x_wconf 45' lang='lat' dir='ltr'><strong>coepissem,</strong></span> <span class='ocrx_word' id='word_1_186' title='bbox 2117 4619 2167 4680; x_wconf 43' lang='grc' dir='ltr'><strong>αἱ,</strong></span> 
     </span>
    </p>
   </div>
   <div class='ocr_carea' id='block_1_13' title="bbox 315 4708 2160 4846">
    <p class='ocr_par' dir='ltr' id='par_1_13' title="bbox 315 4708 2160 4846">
     <span class='ocr_line' id='line_1_18' title="bbox 315 4708 2160 4846; baseline 0.028 -67"><span class='ocrx_word' id='word_1_187' title='bbox 315 4708 435 4770; x_wconf 66' lang='lat' dir='ltr'><strong>cebant</strong></span> <span class='ocrx_word' id='word_1_188' title='bbox 458 4727 514 4770; x_wconf 70' lang='lat'><strong>³⁰⁸</strong></span> <span class='ocrx_word' id='word_1_189' title='bbox 537 4711 689 4774; x_wconf 70' lang='lat' dir='ltr'><strong>brevium</strong></span> <span class='ocrx_word' id='word_1_190' title='bbox 721 4715 824 4778; x_wconf 64' lang='lat' dir='ltr'><strong>multO</strong></span> <span class='ocrx_word' id='word_1_191' title='bbox 854 4716 1001 4794; x_wconf 61' lang='grc' dir='ltr'><strong>(Ῑῑὲθὸῑῡθ</strong></span> <span class='ocrx_word' id='word_1_192' title='bbox 1025 4735 1099 4779; x_wconf 71' lang='lat'><strong>0⁵⁵0</strong></span> <span class='ocrx_word' id='word_1_193' title='bbox 1122 4735 1219 4797; x_wconf 63' lang='lat' dir='ltr'><strong>‘luam</strong></span> <span class='ocrx_word' id='word_1_194' title='bbox 1255 4742 1375 4805; x_wconf 88' lang='lat' dir='ltr'><strong>cebant</strong></span> <span class='ocrx_word' id='word_1_195' title='bbox 1398 4764 1454 4808; x_wconf 90' lang='lat' dir='ltr'><strong>eos</strong></span> <span class='ocrx_word' id='word_1_196' title='bbox 1477 4748 1613 4811; x_wconf 87' lang='lat' dir='ltr'><strong>brevius</strong></span> <span class='ocrx_word' id='word_1_197' title='bbox 1635 4753 1756 4816; x_wconf 91' lang='lat' dir='ltr'><strong>multos</strong></span> <span class='ocrx_word' id='word_1_198' title='bbox 1788 4755 1934 4834; x_wconf 79' lang='lat' dir='ltr'><strong>digestos</strong></span> <span class='ocrx_word' id='word_1_199' title='bbox 1961 4781 2160 4846; x_wconf 89' lang='lat' dir='ltr'><strong>essequam</strong></span> 
     </span>
    </p>
   </div>
   <div class='ocr_carea' id='block_1_14' title="bbox 310 4845 2161 5000">
    <p class='ocr_par' dir='ltr' id='par_1_14' title="bbox 310 4845 2161 5000">
     <span class='ocr_line' id='line_1_19' title="bbox 310 4845 2161 5000; baseline 0.025 -78"><span class='ocrx_word' id='word_1_200' title='bbox 310 4861 437 4924; x_wconf 85' lang='lat' dir='ltr'><strong>vellent</strong></span> <span class='ocrx_word' id='word_1_201' title='bbox 459 4845 599 4926; x_wconf 81' lang='lat' dir='ltr'><strong>maxime</strong></span> <span class='ocrx_word' id='word_1_202' title='bbox 621 4865 679 4928; x_wconf 90' lang='lat' dir='ltr'><strong>ille</strong></span> <span class='ocrx_word' id='word_1_203' title='bbox 702 4867 742 4929; x_wconf 89' lang='lat' dir='ltr'><strong>de</strong></span> <span class='ocrx_word' id='word_1_204' title='bbox 766 4871 991 4952; x_wconf 75' lang='lat' dir='ltr'><strong>temporibus,</strong></span> <span class='ocrx_word' id='word_1_205' title='bbox 1023 4872 1119 4950; x_wconf 89' lang='lat' dir='ltr'><strong>cujus</strong></span> <span class='ocrx_word' id='word_1_206' title='bbox 1145 4893 1220 4955; x_wconf 88' lang='lat' dir='ltr'><strong>pro·</strong></span> <span class='ocrx_word' id='word_1_207' title='bbox 1254 4893 1391 4967; x_wconf 65' lang='lat' dir='ltr'><strong>vellent,</strong></span> <span class='ocrx_word' id='word_1_208' title='bbox 1415 4898 1557 4961; x_wconf 62' lang='lat' dir='ltr'><strong>maxime</strong></span> <span class='ocrx_word' id='word_1_209' title='bbox 1574 4899 1632 4963; x_wconf 71' lang='lat' dir='ltr'><strong>ille</strong></span> <span class='ocrx_word' id='word_1_210' title='bbox 1649 4903 1689 4965; x_wconf 65' lang='lat' dir='ltr'><strong>de</strong></span> <span class='ocrx_word' id='word_1_211' title='bbox 1706 4907 1936 4988; x_wconf 69' lang='lat' dir='ltr'><strong>Temporibus,</strong></span> <span class='ocrx_word' id='word_1_212' title='bbox 1962 4914 2063 4992; x_wconf 74' lang='lat' dir='ltr'><strong>cujus</strong></span> <span class='ocrx_word' id='word_1_213' title='bbox 2085 4939 2161 5000; x_wconf 67' lang='lat' dir='ltr'><strong>pm.</strong></span> 
     </span>
    </p>
   </div>
   <div class='ocr_carea' id='block_1_15' title="bbox 310 5023 2191 5145">
    <p class='ocr_par' dir='ltr' id='par_1_15' title="bbox 310 5023 2191 5145">
     <span class='ocr_line' id='line_1_20' title="bbox 310 5023 2191 5145; baseline 0.022 -45"><span class='ocrx_word' id='word_1_214' title='bbox 310 5025 386 5100; x_wconf 67' lang='grc' dir='ltr'><strong>ΡῑθΡ</strong></span> <span class='ocrx_word' id='word_1_215' title='bbox 408 5023 571 5086; x_wconf 59' lang='grc' dir='ltr'>Γθῐῑθῃθῐΰ</span> <span class='ocrx_word' id='word_1_216' title='bbox 594 5043 726 5106; x_wconf 68' lang='lat' dir='ltr'><strong>P³³⁶³⁰=</strong></span> <span class='ocrx_word' id='word_1_217' title='bbox 743 5028 853 5108; x_wconf 65' lang='grc' dir='ltr'><strong>ΡθῑῑῑῑΒ</strong></span> <span class='ocrx_word' id='word_1_218' title='bbox 875 5028 1050 5092; x_wconf 57' lang='lat' dir='ltr'><strong>Videbatur</strong></span> <span class='ocrx_word' id='word_1_219' title='bbox 1072 5050 1153 5094; x_wconf 60' lang='lat' dir='ltr'>usus</span> <span class='ocrx_word' id='word_1_220' title='bbox 1170 5035 1219 5096; x_wconf 64' lang='lat'><strong>5¹¹·</strong></span> <span class='ocrx_word' id='word_1_221' title='bbox 1252 5059 1327 5134; x_wconf 84' lang='lat' dir='ltr'><strong>pter</strong></span> <span class='ocrx_word' id='word_1_222' title='bbox 1347 5057 1511 5121; x_wconf 85' lang='lat' dir='ltr'><strong>rationem</strong></span> <span class='ocrx_word' id='word_1_223' title='bbox 1534 5061 1680 5124; x_wconf 80' lang='lat' dir='ltr'><strong>Paschae</strong></span> <span class='ocrx_word' id='word_1_224' title='bbox 1696 5065 1805 5145; x_wconf 85' lang='lat' dir='ltr'><strong>potius</strong></span> <span class='ocrx_word' id='word_1_225' title='bbox 1822 5069 1997 5134; x_wconf 87' lang='lat' dir='ltr'><strong>videbatur</strong></span> <span class='ocrx_word' id='word_1_226' title='bbox 2013 5093 2092 5138; x_wconf 91' lang='lat' dir='ltr'><strong>usus</strong></span> <span class='ocrx_word' id='word_1_227' title='bbox 2111 5081 2161 5140; x_wconf 91' lang='lat' dir='ltr'><strong>in·</strong></span> <span class='ocrx_word' id='word_1_228' title='bbox 2188 5103 2191 5110; x_wconf 53' lang='lat'><strong>⁴</strong></span> 
     </span>
    </p>
   </div>
   <div class='ocr_carea' id='block_1_16' title="bbox 1775 5215 2161 5301">
    <p class='ocr_par' dir='ltr' id='par_1_16' title="bbox 1775 5215 2161 5301">
     <span class='ocr_line' id='line_1_21' title="bbox 1775 5215 2161 5301; baseline 0.041 -25"><span class='ocrx_word' id='word_1_229' title='bbox 1775 5215 1875 5279; x_wconf 87' lang='lat' dir='ltr'><strong>latius</strong></span> <span class='ocrx_word' id='word_1_230' title='bbox 1897 5220 2008 5301; x_wconf 89' lang='lat' dir='ltr'><strong>aliqua</strong></span> <span class='ocrx_word' id='word_1_231' title='bbox 2023 5225 2063 5288; x_wconf 88' lang='lat' dir='ltr'><strong>de</strong></span> <span class='ocrx_word' id='word_1_232' title='bbox 2079 5233 2161 5290; x_wconf 87' lang='lat' dir='ltr'><strong>tem·</strong></span> 
     </span>
    </p>
   </div>
   <div class='ocr_carea' id='block_1_17' title="bbox 311 5175 1750 5290">
    <p class='ocr_par' dir='ltr' id='par_1_17' title="bbox 311 5175 1750 5290">
     <span class='ocr_line' id='line_1_22' title="bbox 311 5175 1750 5290; baseline 0.028 -54"><span class='ocrx_word' id='word_1_233' title='bbox 311 5175 438 5257; x_wconf 75' lang='lat' dir='ltr'><strong>digere.</strong></span> <span class='ocrx_word' id='word_1_234' title='bbox 457 5179 647 5244; x_wconf 75' lang='lat' dir='ltr'><strong>suadebant</strong></span> <span class='ocrx_word' id='word_1_235' title='bbox 665 5184 820 5262; x_wconf 90' lang='lat' dir='ltr'><strong>quoniam</strong></span> <span class='ocrx_word' id='word_1_236' title='bbox 837 5183 937 5246; x_wconf 87' lang='lat' dir='ltr'><strong>latius</strong></span> <span class='ocrx_word' id='word_1_237' title='bbox 953 5185 1065 5266; x_wconf 87' lang='lat' dir='ltr'><strong>aliqua</strong></span> <span class='ocrx_word' id='word_1_238' title='bbox 1079 5188 1119 5251; x_wconf 87' lang='lat' dir='ltr'><strong>de</strong></span> <span class='ocrx_word' id='word_1_239' title='bbox 1135 5195 1218 5254; x_wconf 85' lang='lat' dir='ltr'><strong>tem·</strong></span> <span class='ocrx_word' id='word_1_240' title='bbox 1253 5203 1381 5282; x_wconf 80' lang='lat' dir='ltr'><strong>digere3</strong></span> <span class='ocrx_word' id='word_1_241' title='bbox 1406 5207 1632 5290; x_wconf 88' lang='lat' dir='ltr'><strong>suadebatque</strong></span> <span class='ocrx_word' id='word_1_242' title='bbox 1655 5214 1750 5289; x_wconf 90' lang='lat' dir='ltr'><strong>mihi,</strong></span> 
     </span>
    </p>
   </div>
   <div class='ocr_carea' id='block_1_18' title="bbox 309 5339 2159 5461">
    <p class='ocr_par' dir='ltr' id='par_1_18' title="bbox 309 5339 2159 5461">
     <span class='ocr_line' id='line_1_23' title="bbox 309 5339 2159 5461; baseline 0.024 -56"><span class='ocrx_word' id='word_1_243' title='bbox 309 5353 410 5414; x_wconf 67' lang='grc' dir='ltr'><strong>Ρῠΐθ,</strong></span> <span class='ocrx_word' id='word_1_244' title='bbox 435 5342 544 5410; x_wconf 65' lang='lat' dir='ltr'><strong>Statu,</strong></span> <span class='ocrx_word' id='word_1_245' title='bbox 569 5357 692 5412; x_wconf 72' lang='lat' dir='ltr'><strong>cursu,</strong></span> <span class='ocrx_word' id='word_1_246' title='bbox 725 5359 762 5403; x_wconf 71' lang='lat'><strong>³0</strong></span> <span class='ocrx_word' id='word_1_247' title='bbox 786 5340 851 5402; x_wconf 60' lang='lat' dir='ltr'><strong>fine</strong></span> <span class='ocrx_word' id='word_1_248' title='bbox 875 5339 1057 5404; x_wconf 61' lang='lat' dir='ltr'><strong>disserere·</strong></span> <span class='ocrx_word' id='word_1_249' title='bbox 1090 5345 1216 5418; x_wconf 87' lang='lat' dir='ltr'><strong>Quibus</strong></span> <span class='ocrx_word' id='word_1_250' title='bbox 1252 5383 1369 5444; x_wconf 87' lang='lat' dir='ltr'><strong>porum</strong></span> <span class='ocrx_word' id='word_1_251' title='bbox 1392 5373 1502 5444; x_wconf 84' lang='lat' dir='ltr'><strong>statu,</strong></span> <span class='ocrx_word' id='word_1_252' title='bbox 1527 5390 1646 5444; x_wconf 88' lang='lat' dir='ltr'><strong>cursu,</strong></span> <span class='ocrx_word' id='word_1_253' title='bbox 1671 5390 1709 5435; x_wconf 89' lang='lat' dir='ltr'><strong>ac</strong></span> <span class='ocrx_word' id='word_1_254' title='bbox 1733 5375 1799 5439; x_wconf 88' lang='lat' dir='ltr'><strong>fine</strong></span> <span class='ocrx_word' id='word_1_255' title='bbox 1822 5377 2005 5445; x_wconf 86' lang='lat' dir='ltr'><strong>disserere.</strong></span> <span class='ocrx_word' id='word_1_256' title='bbox 2031 5387 2159 5461; x_wconf 91' lang='lat' dir='ltr'><strong>Quibus</strong></span> 
     </span>
    </p>
   </div>
   <div class='ocr_carea' id='block_1_19' title="bbox 310 5493 2160 5612">
    <p class='ocr_par' dir='ltr' id='par_1_19' title="bbox 310 5493 2160 5612">
     <span class='ocr_line' id='line_1_24' title="bbox 310 5493 2160 5612; baseline 0.016 -56"><span class='ocrx_word' id='word_1_257' title='bbox 310 5493 447 5557; x_wconf 84' lang='lat' dir='ltr'><strong>circiter</strong></span> <span class='ocrx_word' id='word_1_258' title='bbox 468 5515 591 5577; x_wconf 88' lang='lat' dir='ltr'><strong>pareus</strong></span> <span class='ocrx_word' id='word_1_259' title='bbox 612 5500 800 5580; x_wconf 87' lang='lat' dir='ltr'><strong>perspectis</strong></span> <span class='ocrx_word' id='word_1_260' title='bbox 823 5506 953 5581; x_wconf 88' lang='lat' dir='ltr'><strong>patrum</strong></span> <span class='ocrx_word' id='word_1_261' title='bbox 972 5501 1216 5569; x_wconf 82' lang='lat' dir='ltr'><strong>uenerabilium</strong></span> <span class='ocrx_word' id='word_1_262' title='bbox 1253 5518 1403 5581; x_wconf 66' lang='lat' dir='ltr'><strong>concitus</strong></span> <span class='ocrx_word' id='word_1_263' title='bbox 1425 5540 1567 5602; x_wconf 68' lang='lat' dir='ltr'><strong>parens,</strong></span> <span class='ocrx_word' id='word_1_264' title='bbox 1602 5529 1790 5608; x_wconf 68' lang='lat' dir='ltr'><strong>perspectis</strong></span> <span class='ocrx_word' id='word_1_265' title='bbox 1822 5539 1952 5612; x_wconf 67' lang='lat' dir='ltr'><strong>patrum</strong></span> <span class='ocrx_word' id='word_1_266' title='bbox 1984 5540 2160 5600; x_wconf 64' lang='lat' dir='ltr'>venerabi.</span> 
     </span>
    </p>
   </div>
   <div class='ocr_carea' id='block_1_20' title="bbox 308 5639 2158 5770">
    <p class='ocr_par' dir='ltr' id='par_1_20' title="bbox 308 5639 2158 5770">
     <span class='ocr_line' id='line_1_25' title="bbox 308 5639 2158 5770; baseline 0.024 -56"><span class='ocrx_word' id='word_1_267' title='bbox 308 5652 443 5734; x_wconf 86' lang='lat' dir='ltr'><strong>scriptis</strong></span> <span class='ocrx_word' id='word_1_268' title='bbox 465 5655 680 5736; x_wconf 87' lang='lat' dir='ltr'><strong>prolixiorem</strong></span> <span class='ocrx_word' id='word_1_269' title='bbox 709 5659 749 5723; x_wconf 90' lang='lat' dir='ltr'><strong>de</strong></span> <span class='ocrx_word' id='word_1_270' title='bbox 773 5661 979 5743; x_wconf 90' lang='lat' dir='ltr'><strong>temporibus</strong></span> <span class='ocrx_word' id='word_1_271' title='bbox 1002 5639 1125 5726; x_wconf 88' lang='lat' dir='ltr'><strong>librum</strong></span> <span class='ocrx_word' id='word_1_272' title='bbox 1148 5667 1217 5728; x_wconf 90' lang='lat' dir='ltr'><strong>edi·</strong></span> <span class='ocrx_word' id='word_1_273' title='bbox 1253 5672 1336 5737; x_wconf 92' lang='lat' dir='ltr'><strong>lium</strong></span> <span class='ocrx_word' id='word_1_274' title='bbox 1358 5677 1505 5760; x_wconf 77' lang='lat' dir='ltr'><strong>scriptis,</strong></span> <span class='ocrx_word' id='word_1_275' title='bbox 1528 5681 1742 5762; x_wconf 87' lang='lat' dir='ltr'><strong>prolixiorem</strong></span> <span class='ocrx_word' id='word_1_276' title='bbox 1759 5685 1799 5750; x_wconf 91' lang='lat' dir='ltr'><strong>de</strong></span> <span class='ocrx_word' id='word_1_277' title='bbox 1814 5689 2019 5770; x_wconf 87' lang='lat' dir='ltr'><strong>temporibus</strong></span> <span class='ocrx_word' id='word_1_278' title='bbox 2035 5691 2158 5758; x_wconf 88' lang='lat' dir='ltr'><strong>librum</strong></span> 
     </span>
    </p>
   </div>
   <div class='ocr_carea' id='block_1_21' title="bbox 308 5805 2158 5920">
    <p class='ocr_par' dir='ltr' id='par_1_21' title="bbox 308 5805 2158 5920">
     <span class='ocr_line' id='line_1_26' title="bbox 308 5805 2158 5920; baseline 0.021 -53"><span class='ocrx_word' id='word_1_279' title='bbox 308 5805 353 5880; x_wconf 87' lang='lat' dir='ltr'><strong>di,</strong></span> <span class='ocrx_word' id='word_1_280' title='bbox 378 5815 476 5888; x_wconf 85' lang='lat' dir='ltr'><strong>prout</strong></span> <span class='ocrx_word' id='word_1_281' title='bbox 497 5809 569 5892; x_wconf 88' lang='lat' dir='ltr'><strong>ipso</strong></span> <span class='ocrx_word' id='word_1_282' title='bbox 592 5811 755 5894; x_wconf 81' lang='lat' dir='ltr'><strong>largiente</strong></span> <span class='ocrx_word' id='word_1_283' title='bbox 778 5817 882 5897; x_wconf 90' lang='lat' dir='ltr'><strong>potui,</strong></span> <span class='ocrx_word' id='word_1_284' title='bbox 900 5819 957 5897; x_wconf 84' lang='lat' dir='ltr'><strong>qui</strong></span> <span class='ocrx_word' id='word_1_285' title='bbox 981 5824 1117 5882; x_wconf 85' lang='lat' dir='ltr'><strong>eternus</strong></span> <span class='ocrx_word' id='word_1_286' title='bbox 1140 5841 1215 5902; x_wconf 90' lang='lat' dir='ltr'><strong>per·</strong></span> <span class='ocrx_word' id='word_1_287' title='bbox 1255 5825 1357 5901; x_wconf 91' lang='lat' dir='ltr'><strong>edidi,</strong></span> <span class='ocrx_word' id='word_1_288' title='bbox 1381 5837 1480 5910; x_wconf 87' lang='lat' dir='ltr'><strong>prout</strong></span> <span class='ocrx_word' id='word_1_289' title='bbox 1503 5832 1573 5913; x_wconf 91' lang='lat' dir='ltr'><strong>ipso</strong></span> <span class='ocrx_word' id='word_1_290' title='bbox 1597 5833 1759 5914; x_wconf 81' lang='lat' dir='ltr'><strong>largiente</strong></span> <span class='ocrx_word' id='word_1_291' title='bbox 1782 5843 1896 5919; x_wconf 90' lang='lat' dir='ltr'><strong>potui,</strong></span> <span class='ocrx_word' id='word_1_292' title='bbox 1920 5843 1977 5920; x_wconf 92' lang='lat' dir='ltr'><strong>qui</strong></span> <span class='ocrx_word' id='word_1_293' title='bbox 2001 5849 2158 5906; x_wconf 88' lang='lat' dir='ltr'><strong>aeternus</strong></span> 
     </span>
    </p>
   </div>
   <div class='ocr_carea' id='block_1_22' title="bbox 461 5961 2004 6048">
    <p class='ocr_par' dir='ltr' id='par_1_22' title="bbox 461 5961 2004 6048">
     <span class='ocr_line' id='line_1_27' title="bbox 461 5961 2004 6048; baseline 0.021 -33"><span class='ocrx_word' id='word_1_294' title='bbox 461 5961 528 6018; x_wconf 77' lang='lat' dir='ltr'><strong>Tull.</strong></span> <span class='ocrx_word' id='word_1_295' title='bbox 553 5979 580 6018; x_wconf 66' lang='grc' dir='ltr'><strong>ν.</strong></span> <span class='ocrx_word' id='word_1_296' title='bbox 1989 6012 2004 6048; x_wconf 89' lang='lat' dir='ltr'><strong>u</strong></span> 
     </span>
    </p>
   </div>
   <div class='ocr_carea' id='block_1_23' title="bbox 0 0 2716 7099">
    <p class='ocr_par' dir='ltr' id='par_1_23' title="bbox 0 0 2716 7099">
     <span class='ocr_line' id='line_1_28' title="bbox 0 0 2716 7099; baseline 0 0"><span class='ocrx_word' id='word_1_297' title='bbox 0 0 2716 7099; x_wconf 95' lang='lat' dir='ltr'><strong> </strong></span> 
     </span>
    </p>
   </div>
  </div>
 </body>
</html>
