5422 7102
1071 520 1469 597 DIPLOMATICUS
2084 527 2152 598 257

346 740 429 808 liter
453 741 616 827 superius
639 741 773 810 dictum
796 747 862 828 est,
888 743 1052 812 inclitam
1076 745 1264 814 medietate
1287 747 1330 814 de
1353 748 1515 834 predicta
1538 749 1743 830 sortionem‚
1761 751 1918 838 qualiter
1934 751 2086 838 predicti
2103 752 2196 822 alla-

345 897 428 964 rani
452 896 522 964 tuit
545 895 765 982 pertinentes
787 899 827 964 in
850 897 1049 984 predictum
1072 899 1186 965 locum
1210 917 1304 987 cosa,
1322 899 1365 969 de
1381 901 1489 970 terris
1512 921 1593 970 cum
1614 902 1731 970 vineis
1753 922 1863 990 quam
1887 907 1922 972 et
1945 903 1987 972 de
2010 904 2119 972 terris
2141 904 2199 972 la·

346 1052 545 1136 voraturie,
570 1050 704 1120 cultum
728 1056 836 1138 atque
860 1053 1049 1138 incultum,
1074 1051 1140 1139 ipsi
1165 1054 1325 1124 iamdicti
1348 1058 1515 1142 germani
1537 1055 1664 1126 inclita
1687 1057 1765 1144 ipsa
1780 1056 1970 1128 medietate
1993 1060 2095 1126 nobis
2121 1061 2200 1128 tra·
2281 1083 2285 1094 ·

348 1204 517 1273 diderunt
540 1224 621 1273 cum
644 1209 721 1274 tota
745 1209 781 1274 et
804 1205 931 1274 inclita
954 1203 1033 1292 ipsa
1056 1208 1164 1290 socia,
1182 1206 1339 1290 qualiter
1357 1208 1537 1293 predictus
1560 1207 1747 1276 alfaranus
1770 1205 1923 1274 retinuit
1945 1207 1984 1274 in
2007 1207 2086 1294 ipsa
2109 1207 2199 1276 iscla

345 1357 388 1426 de
412 1358 492 1444 ipsa
514 1377 596 1428 cosa
619 1379 701 1426 cum
723 1363 824 1428 terra
847 1363 883 1428 et
906 1358 1087 1445 salicario;
1112 1361 1254 1426 tanturn
1277 1359 1385 1428 liceat
1409 1359 1562 1429 sisamus
1585 1359 1681 1427 filius
1705 1359 1884 1446 quondam
1907 1359 2018 1428 amati
2037 1377 2100 1445 per
2117 1358 2196 1447 ipsa

344 1511 441 1579 socia
466 1531 562 1597 aqua
584 1517 739 1599 portare,
765 1513 859 1580 sicut
883 1511 980 1579 illius
1003 1511 1163 1578 continet
1184 1513 1370 1598 scripturn,
1394 1511 1440 1580 ad
1456 1511 1630 1579 securiter
1646 1514 1682 1579 et
1698 1512 1851 1580 firmiter
1875 1512 2024 1581 hamodo
2048 1517 2084 1582 et
2107 1489 2198 1582 sem·

344 1683 410 1750 per
434 1681 500 1730 nos
523 1668 559 1732 et
584 1670 722 1734 nostros
744 1666 893 1734 heredes
918 1667 957 1734 in
973 1665 1151 1752 omnibus,
1169 1665 1325 1750 qualiter
1350 1664 1485 1734 dictum
1503 1671 1567 1749 est,
1587 1661 1667 1730 illut
1691 1664 1906 1750 havendum‚
1925 1664 2196 1754 dominandum,

344 1817 598 1905 possidendum
622 1823 658 1887 et
683 1819 803 1888 omnia
838 1818 967 1888 exinde
1001 1818 1297 1921 faciendumque
1321 1822 1423 1889 nobis
1455 1819 1871 1907 nostrisque'heredibus
1894 1818 2093 1906 placuerit,
2118 1818 2197 1886 sine

344 1972 441 2038 omni
466 1969 724 2040 contrarietate
752 1971 910 2058 ipsorum
943 1972 1104 2068 iamdicti
1134 1975 1298 2059 germani
1327 1972 1429 2040 etde
1453 1971 1822 2058 illorumheredibuS,
1847 1975 1911 2040 aut
1927 1973 2058 2058 cuiqua
2080 1971 2194 2039 homi-

346 2127 465 2213 nibus,
490 2129 526 2194 et
549 2127 710 2195 ammodo
733 2132 769 2196 et
793 2146 931 2214 semper
954 2127 1110 2196 defenset
1135 2127 1217 2194 illut
1239 2126 1341 2194 nobis
1364 2127 1565 2210 nostrisque
1596 2125 1786 2192 heredibus
1821 2124 1890 2210 ipsi
1926 2125 2088 2192 iamdicti
2113 2145 2195 2212 ger-

348 2280 448 2350 mani
473 2285 508 2347 et
530 2279 674 2348 illorum
697 2281 901 2368 heredibus,
917 2300 998 2349 cum
1013 2281 1088 2348 vice
1112 2280 1154 2348 de
1178 2279 1247 2346 viis
1268 2280 1355 2366 suis,
1372 2282 1418 2348 ab
1434 2279 1600 2347 omnibus
1622 2279 1827 2347 hominibus
1851 2283 1897 2348 ab
1920 2281 2088 2366 omnique
2113 2301 2200 2367 par·

344 2433 457 2507 tibus.
482 2433 592 2502 etiam
615 2438 651 2502 et
674 2433 720 2502 da
743 2451 827 2520 pars
849 2435 1003 2520 predicti
1026 2432 1239 2520 maraldelli,
1264 2433 1324 2519 qui
1349 2438 1403 2502 est
1425 2451 1637 2521 germanum
1661 2431 1819 2521 illorum,
1840 2437 1877 2500 et
1899 2435 1945 2504 da
1970 2432 2066 2501 illius
2089 2437 2197 2502 here-

342 2587 414 2672 des,
451 2591 487 2655 et
508 2587 554 2657 da
578 2585 650 2654 illis
673 2585 877 2655 hominibus
900 2586 962 2672 qui
986 2603 1050 2672 pro
1072 2585 1215 2653 illorum
1238 2605 1324 2672 pars
1346 2588 1461 2671 nobie,
1486 2589 1549 2654 aut
1565 2584 1610 2652 ad
1640 2584 1772 2651 nostris
1796 2583 1998 2671 heredibus,
2022 2581 2186 2652 emiserit

342 2738 611 2826 qualiscumque
634 2741 872 2826 causationes3
889 2743 974 2825 quot
991 2739 1020 2806 si
1045 2739 1088 2806 de
1111 2741 1176 2806 hec
1200 2738 1333 2825 omnia,
1358 2741 1398 2804 ut
1413 2737 1578 2823 superius
1604 2735 1749 2822 legitur,
1774 2739 1961 2804 retornare
1984 2740 2049 2803 aut
2073 2755 2195 2806 reme-

344 2909 427 2960 vere
451 2891 531 2958 illos
554 2891 736 2978 quesierit.
756 2896 792 2960 et
807 2893 1044 2978 quotcumque
1067 2893 1293 2960 causationes
1315 2891 1484 2958 adversus
1500 2906 1564 2956 nos
1580 2887 1712 2956 exinde
1727 2889 1948 2974 preposuerit
1964 2906 2026 2974 per
2044 2908 2082 2957 se
2097 2890 2191 2976 ipsis

343 3044 400 3114 vel
423 3064 486 3133 per
510 3046 736 3113 summissam
759 3045 915 3131 illorum,
933 3049 970 3112 et
985 3043 1105 3112 omnia
1129 3045 1231 3112 nobis
1255 3061 1327 3110 non
1350 3042 1613 3130 adimpleverit,
1639 3041 1734 3109 sicut
1757 3043 1920 3128 superius
1944 3041 2091 3129 legitur,
2107 3040 2190 3110 ideo

343 3204 380 3266 et
401 3217 464 3286 per
488 3200 785 3268 combenientiam
808 3199 1061 3286 obligaverunt
1084 3216 1122 3266 se
1145 3199 1214 3286 ipsi
1238 3198 1401 3267 iamdicti
1417 3199 1511 3286 petri
1527 3201 1565 3267 et
1581 3199 1747 3286 iohanne,
1763 3201 1800 3266 et
1816 3198 1962 3266 illorum
1984 3199 2191 3288 heredibus,

341 3353 387 3421 ad
409 3352 690 3438 componendum
713 3352 823 3420 michi
846 3351 1016 3421 iamdicto
1039 3351 1158 3419 sikeni
1183 3359 1219 3419 et
1242 3353 1288 3420 ad
1312 3352 1402 3420 meis
1426 3309 1605 3440 eredibuS,
1631 3371 1693 3421 seu
1718 3353 1777 3421 cui
1800 3353 1973 3438 scriptum
2004 3353 2093 3423 istut
2113 3355 2192 3422 vice
2245 3349 2247 3354 ’

341 3509 465 3576 nostra
489 3507 527 3574 in
551 3525 661 3575 manu
685 3510 859 3594 paruerit,
885 3506 1016 3593 biginti
1041 3507 1140 3576 aurei
1165 3506 1267 3574 solidi
1289 3509 1522 3594 constantini,
1546 3511 1583 3576 et
1607 3509 1755 3594 omnia,
1781 3511 1819 3575 ut
1841 3509 2006 3594 superius
2029 3507 2190 3594 legitur,

339 3679 403 3746 per
428 3660 554 3729 invitis
577 3662 679 3728 nobis
701 3660 908 3748 adimplere.
933 3661 1032 3728 Unde
1053 3677 1117 3746 pro
1139 3659 1263 3729 taliter
1284 3660 1417 3748 omnia,
1442 3665 1481 3728 ut
1503 3661 1738 3747 dictumest,
1762 3659 2030 3746 adimplendum
2051 3661 2189 3748 guadia

339 3813 519 3900 mihiipsi
544 3811 703 3882 iamdicti
727 3814 891 3900 germani
915 3813 1101 3900 dederunt,
1126 3814 1163 3881 el
1179 3813 1376 3882 mediatore
1393 3814 1502 3881 michi
1521 3818 1717 3900 posuerunt
1741 3814 1896 3883 iohanne
1919 3813 1994 3881 filio
2010 3814 2189 3900 quondam

340 3967 500 4036 radoaldi
525 3967 713 4054 presbiteri
738 3971 774 4034 et
797 3963 917 4035 abbati
938 3984 947 4050 ;
982 3967 1019 4033 et
1044 3983 1108 4050 per
1130 3965 1253 4044 eadem
1276 3964 1410 4052 guadia
1432 3965 1564 4058 iterum
1588 3965 1843 4052 obligaverunt
1864 3983 1903 4032 se
1925 3962 1996 4050 ipsi
2019 3963 2182 4034 iamdicti

339 4121 504 4206 germani
528 4124 564 4188 et
586 4119 731 4188 illorum
755 4119 944 4188 heredibus
966 4118 1127 4206 predicta
1149 4117 1343 4189 traditione
1365 4121 1404 4188 in
1427 4123 1607 4208 omnibus,
1637 4119 1796 4208 qualiter
1819 4118 1954 4185 dictum
1984 4121 2051 4204 est,
2082 4117 2188 4185 nobis

338 4278 375 4342 et
398 4274 444 4344 ad
467 4273 600 4343 nostris
624 4275 789 4344 eredibus
812 4273 1067 4344 defensandum
1089 4275 1135 4343 ab
1157 4273 1322 4370 omnibus
1344 4275 1550 4342 hominibus
1575 4275 1621 4342 ab
1638 4269 1807 4357 omnique
1830 4270 2007 4357 partibus,
2025 4271 2135 4339 etiarn
2152 4273 2188 4337 et

339 4431 385 4498 da
406 4447 492 4518 pars
514 4435 702 4519 dammare,
726 4430 787 4516 qui
812 4434 865 4500 est
888 4429 1063 4500 matrinia
1087 4429 1242 4518 illorum,
1276 4433 1313 4498 et
1335 4429 1410 4514 ipse
1432 4431 1554 4515 petrus
1575 4427 1623 4496 da
1644 4443 1728 4512 pars
1748 4379 1802 4494 de
1817 4426 1896 4512 ipsa
1920 4441 2031 4494 uxore
2054 4443 2120 4494 sua
2146 4427 2183 4494 ct

338 4583 385 4653 da
407 4583 480 4651 illis
502 4585 706 4652 hominibus
729 4589 765 4654 et
786 4585 977 4672 partibuS,
1001 4584 1064 4670 qui
1098 4581 1171 4652 illis
1194 4585 1230 4651 et
1252 4599 1377 4652 earum
1400 4581 1565 4669 partibus
1588 4579 1690 4648 nobis
1712 4583 1749 4647 et
1770 4578 1817 4648 ad
1839 4578 1971 4646 nostris
1993 4577 2188 4647 heredibus

338 4736 498 4805 emiserit
520 4737 791 4825 qualiscumque
814 4737 1035 4824 causatione,
1058 4747 1096 4804 et
1116 4734 1238 4805 taliter
1261 4734 1407 4803 scribsit
1422 4751 1487 4820 ego
1504 4729 1748 4802 landemarius
1771 4729 1923 4799 clericus
1946 4733 1983 4798 et
2005 4733 2185 4801 notarius.

383 4839 419 4980 †
443 4893 519 4980 Ego
541 4891 737 4962 lambertus
760 4889 935 4978 presbiter

382 5017 413 5134 †
438 5046 514 5132 Ego
536 5043 708 5114 raidollus
731 5043 971 5114 subdiaconus

382 5169 413 5286 †
438 5199 512 5285 Ego
535 5202 676 5268 amatus
699 5195 860 5266 clericus.
