5466 7106
1029 563 1434 640 DlPLOMdTlCUS

1121 1005 1370 1088 DCCLX.

1092 1271 1145 1346 Α.
1173 1267 1223 1347 D.
1251 1265 1379 1348 1025.

362 1491 398 1632 †
422 1545 461 1611 ln
486 1546 629 1613 nomine
653 1547 784 1615 domini
810 1548 989 1617 tricesimo
1008 1553 1109 1618 sexto
1126 1565 1221 1618 anno
1237 1547 1458 1635 principatus
1475 1547 1595 1615 domni
1614 1548 1726 1617 nostri
1740 1549 1951 1636 guaimarii,
1969 1555 2005 1618 et
2020 1551 2171 1637 septimo

315 1716 414 1768 anno
436 1699 661 1788 principatus
684 1700 803 1770 domni
829 1701 1010 1790 guaimari
1034 1703 1111 1770 eius
1136 1701 1216 1792 lilii,
1239 1699 1386 1788 gloriosi
1402 1699 1639 1786 principibus,
1664 1714 1783 1768 mense
1800 1701 2001 1792 ianuarius,
2018 1705 2170 1772 hoctaba

318 1851 527 1921 indictione.
554 1857 648 1923 Ante
672 1873 728 1922 me
753 1852 1036 1941 regemprandns
1060 1851 1170 1920 iudex
1193 1853 1354 1920 coniunti
1379 1857 1463 1920 sunt
1487 1851 1673 1940 iaquintus
1697 1853 1870 1922 diaconus
1893 1855 1989 1922 filius
2005 1856 2171 1942 gaudiosi

318 2025 401 2074 cum
425 2007 645 2096 grimoaldus
668 2007 763 2076 filius
789 2007 862 2074 ursi
888 2007 1047 2076 abitator
1070 2005 1113 2074 de
1136 2007 1251 2073 locum
1274 2008 1452 2094 nuceria,
1476 2008 1535 2093 qui
1574 2005 1706 2074 dicitnr
1730 2025 1938 2094 pappacena
1958 2059 1967 2094 ,
1991 2013 2027 2076 et
2050 2010 2174 2079 statim

320 2181 383 2251 per
410 2165 525 2250 ipsum
549 2161 736 2249 iaquintus
759 2160 928 2229 diaconus
951 2165 1131 2229 ostensum
1156 2164 1210 2228 est
1233 2179 1344 2229 unum
1369 2163 1510 2228 brebem
1537 2164 1572 2228 et
1596 2179 1677 2227 eum
1701 2178 1770 2245 quo
1793 2161 1923 2230 exindo
1946 2160 2106 2250 relegere
2125 2164 2175 2230 fe-

318 2320 450 2405 cimus;
475 2319 560 2387 erad
585 2319 842 2386 continentema
866 2317 908 2385 de
932 2319 1041 2386 tertio
1064 2317 1200 2384 decimo
1227 2335 1323 2386 anno
1345 2317 1569 2405 principatus
1593 2318 1711 2386 domni
1738 2319 1851 2387 nostri
1877 2319 2038 2406 iohanni,
2064 2323 2100 2388 et
2120 2338 2178 2388 oc·

322 2477 407 2542 tavo
430 2489 527 2540 anno
550 2471 773 2558 principatus
797 2469 991 2558 supradicti
1017 2471 1137 2539 domni
1161 2471 1371 2559 guaimarii,
1396 2472 1439 2539 de
1462 2489 1583 2539 mense
1607 2471 1744 2558 iuniuS,
1769 2492 1864 2542 nona
1888 2475 2097 2543 indictione.
2124 2477 2178 2544 Ia-

323 2628 477 2714 quintus
503 2624 653 2694 clericus
676 2625 773 2693 filius
789 2624 985 2712 supradicti
1003 2625 1165 2711 gaudiosi
1183 2629 1266 2692 ante
1283 2625 1476 2712 subscripti
1494 2629 1600 2694 testes
1617 2645 1679 2713 per
1696 2627 1887 2714 largietate
1904 2634 1940 2697 et
1956 2629 2179 2699 absolutione

319 2779 451 2849 domni
465 2779 599 2848 maioni
617 2777 859 2849 archidiaconi
877 2781 913 2844 et
930 2777 1051 2844 abbati
1066 2777 1179 2846 sancti
1199 2779 1361 2865 maximi,
1377 2779 1468 2846 situs
1486 2779 1584 2847 intus
1597 2783 1691 2848 hanc
1705 2781 1964 2850 salernitanam
1976 2784 2175 2871 civitatem,

328 2952 512 3003 unacum
537 2933 613 3020 ipso
638 2933 822 3019 jaquintus
846 2932 967 3000 adesse
992 2931 1192 3000 achenardo
1216 2933 1356 3001 notario
1380 2933 1625 3003 advocatorem
1656 2935 1813 3022 predicte
1848 2938 2022 3024 ecclesie,
2058 2943 2094 3007 et
2117 2958 2181 3027 per

325 3085 594 3156 combenientia
617 3085 662 3154 ad
688 3084 922 3153 larorandum
946 3088 982 3152 et
1005 3069 1267 3171 pastenandum
1291 3086 1500 3156 tradiderad
1524 3088 1600 3155 ursi
1624 3087 1698 3156 filio
1721 3090 1827 3175 petri,
1853 3091 1912 3175 qui
1939 3089 2073 3157 dicitur
2097 3112 2183 3178 pap·

328 3257 482 3329 pacena,
507 3239 680 3306 derebus
702 3236 860 3324 predicte
884 3235 1031 3304 ecclesie
1055 3237 1294 3324 pertinentem
1319 3258 1423 3326 quem
1448 3242 1523 3326 ipso
1548 3211 1733 3328 iaquintus
1757 3242 1795 3308 in
1819 3243 2031 3311 beneficium
2046 3248 2143 3312 tenet
2160 3264 2184 3312 a

329 3414 416 3482 pars
439 3395 553 3482 ipsius
575 3391 722 3460 ecclesie
747 3391 784 3456 in
809 3391 942 3458 finibus
966 3391 1114 3458 nuceria
1139 3390 1200 3458 ubi
1225 3392 1345 3480 agella
1367 3392 1527 3480 dicitur,
1552 3413 1620 3481 que
1643 3399 1727 3462 sunt
1749 3397 1848 3482 pecie
1879 3395 2021 3464 tribus:
2045 3398 2113 3464 due
2137 3415 2183 3466 ex

331 3547 405 3616 illis
428 3548 513 3614 sunt
537 3547 738 3628 arbustata,
764 3548 800 3611 et
816 3543 891 3612 alia
907 3547 961 3611 est
976 3545 1104 3630 bacua;
1128 3548 1164 3611 et
1186 3544 1425 3612 castanietum
1443 3543 1572 3612 ibidem
1593 3546 1820 3613 coniunctum
1845 3547 1883 3614 in
1908 3565 1977 3633 quo
2000 3549 2185 3634 aliquante

331 3699 439 3768 insite
463 3701 549 3766 sunt
571 3716 635 3785 per
658 3698 741 3765 finis
765 3700 801 3764 et
826 3695 1019 3781 mensurie,
1044 3696 1135 3764 siout
1158 3697 1233 3782 ipso
1257 3698 1399 3764 brebem
1416 3698 1588 3786 continet,
1606 3698 1672 3766 tali
1689 3697 1827 3784 ordine,
1846 3703 1885 3766 ut
1900 3699 2024 3767 amodo
2041 3703 2077 3767 et
2094 3718 2187 3767 sem·

331 3872 395 3942 per
420 3853 495 3940 ipse
518 3871 622 3920 ursus
645 3856 682 3920 et
705 3851 781 3920 eius
804 3851 951 3919 heredes
975 3851 1051 3937 ipso
1075 3851 1316 3918 castanietum
1342 3853 1378 3918 et
1403 3849 1482 3936 ipsa
1505 3854 1605 3918 terra
1629 3853 1745 3919 bacua
1769 3869 1831 3918 sue
1856 3851 2042 3937 potestatis
2061 3856 2186 3922 tenere

333 4017 371 4080 et
394 4009 592 4095 dominare,
616 4011 652 4075 et
674 4005 769 4073 omni
792 4009 949 4093 tempore
973 4005 1114 4074 abitare
1140 4004 1177 4070 in
1202 4022 1275 4072 nna
1299 4004 1341 4072 de
1367 4003 1442 4090 ipse
1466 4003 1565 4092 pecie
1589 4005 1632 4074 de
1656 4005 1743 4092 ipsis
1768 4008 1890 4094 rebus,
1914 4007 2033 4094 qualis
2067 4027 2189 4077 eorum

333 4163 523 4252 placuerit,
547 4163 583 4229 et
608 4158 647 4225 in
670 4161 745 4226 tota
769 4157 847 4244 ipsa
871 4160 970 4226 terra
994 4157 1110 4225 bacua
1133 4161 1322 4243 pastenare
1346 4156 1632 4244 abellanietum,
1657 4162 1696 4226 ut
1720 4158 1844 4228 amodo
1868 4164 1905 4228 et
1933 4178 2045 4246 usque
2069 4161 2191 4230 decem

333 4319 424 4387 anni
449 4313 615 4402 completi
639 4314 835 4400 perfectum
859 4310 1113 4380 abellanietum
1136 4313 1281 4396 abeant,
1306 4309 1399 4376 sicut
1421 4309 1464 4377 de
1490 4313 1609 4378 tantos
1632 4327 1744 4378 annos
1768 4311 1843 4398 ipse
1870 4312 1968 4381 loeus
1991 4315 2189 4402 meruerit,

336 4473 373 4538 et
397 4489 419 4538 a
443 4485 513 4556 quo
536 4469 686 4554 parutus
709 4465 770 4551 sit,
795 4469 836 4533 ut
858 4464 1020 4533 abellane
1044 4463 1128 4530 inde
1151 4462 1334 4550 colligere,
1358 4462 1483 4530 amodo
1508 4467 1544 4530 et
1568 4481 1706 4549 semper
1729 4463 1791 4530 illo
1816 4466 1953 4533 eteius
1983 4467 2104 4535 eredes
2130 4467 2191 4537 ille

334 4621 507 4710 colligere
531 4619 732 4688 et'seccare
755 4623 791 4686 et
814 4615 960 4686 tertiam
983 4619 1122 4703 partem
1145 4618 1251 4684 seoke
1274 4616 1320 4685 ad
1344 4617 1475 4683 missus
1498 4615 1576 4682 eius
1600 4615 1701 4702 dare,
1724 4619 1760 4685 et
1783 4617 1991 4686 annualiter
2024 4619 2191 4706 colligere

338 4777 414 4864 ipse
437 4779 604 4845 castaneo
627 4778 664 4842 et
687 4775 848 4859 seckare,
873 4773 910 4840 et
932 4771 1078 4838 tertiam
1102 4773 1240 4856 partem
1266 4769 1312 4838 ad
1336 4770 1463 4836 missus
1485 4771 1563 4838 eius
1586 4769 1698 4856 dare,
1725 4774 1762 4838 et
1786 4789 1896 4858 usque
1919 4772 2078 4858 quinque
2103 4774 2191 4841 anni

333 4932 505 5020 completi
529 4931 680 4999 insitare
703 4931 876 5015 quantum
893 4925 1050 5013 potuerit
1065 4924 1107 4991 de
1124 4925 1200 5011 ipso
1216 4925 1470 5010 castanietum,
1487 4929 1524 4991 et
1539 4929 1672 5010 quante
1696 4925 1830 4992 inserte
1854 4924 1985 4993 exinde
1998 4925 2192 5015 collixerit,

339 5088 570 5156 medietatem
595 5085 640 5154 ad
664 5085 794 5152 missus
817 5081 895 5150 eius
919 5081 1018 5164 dare;
1043 5083 1079 5147 et
1102 5078 1130 5147 si
1156 5079 1205 5156 da
1225 5077 1292 5165 ipsi
1317 5077 1438 5146 decem
1462 5078 1549 5146 anni
1573 5079 1743 5147 inantea
1767 5078 1926 5147 noluerit
1942 5082 2020 5167 ipsa
2043 5086 2119 5151 tota
2135 5103 2195 5151 su-

341 5243 545 5328 prascripta
569 5237 786 5307 tradictione
810 5239 932 5302 tenere
956 5253 1020 5321 per
1043 5231 1247 5318 supradicto
1271 5231 1408 5317 ordine,
1433 5230 1549 5298 licead
1573 5229 1676 5296 illum
1700 5234 1736 5298 et
1759 5231 1881 5298 eredes
1904 5233 1981 5300 eius
2001 5253 2081 5302 cum
2107 5254 2193 5303 uxo-

343 5395 446 5464 ribus
469 5397 506 5462 et
529 5393 616 5462 filiis
639 5397 675 5460 et
697 5391 877 5459 ominibus
900 5409 1021 5458 eorum
1045 5387 1129 5454 inde
1152 5387 1253 5454 exire
1277 5390 1313 5454 et
1336 5389 1503 5453 excutere
1527 5385 1565 5451 in
1589 5383 1705 5450 omnis
1728 5384 1845 5452 redita
1879 5390 1915 5453 et
1949 5387 2133 5473 palmenta
2160 5394 2195 5460 et

343 5549 461 5616 omnis
485 5547 629 5617 illorum
653 5564 775 5632 causa,
800 5550 836 5614 et
859 5561 1007 5632 pergere
1031 5513 1111 5610 cum
1136 5559 1176 5608 eo
1199 5538 1260 5605 ubi
1284 5538 1465 5624 voluerit,
1489 5541 1525 5605 et
1547 5540 1622 5606 tota
1645 5540 1681 5605 et
1705 5537 1831 5606 inclita
1855 5540 2063 5626 supradicta
2087 5546 2194 5644 rebus

339 5700 493 5771 eveniad
518 5700 564 5770 ad
586 5705 760 5790 potestate
784 5699 830 5768 ad
853 5717 938 5786 pars
962 5696 1076 5784 ipsius
1100 5693 1259 5762 ecclesie.
1285 5691 1384 5757 Modo
1408 5693 1529 5758 autem
1553 5692 1752 5776 propterea,
1779 5693 1817 5757 ut
1841 5690 2012 5779 diximus,
2040 5701 2198 5768 autema

344 5854 421 5943 ipso
445 5857 633 5944 iaquintus
656 5857 826 5925 diaconus
848 5871 929 5921 cum
953 5854 1029 5938 ipso
1051 5847 1273 5936 grimoaldus
1297 5845 1528 5915 coniunctum
1543 5845 1611 5928 est,
1633 5845 1669 5909 et
1694 5841 1769 5928 ipso
1792 5842 1956 5930 iaquinto
1980 5848 2133 5938 bolebat,
2160 5859 2198 5921 ut
