5422 7102
614 539 685 610 ast
1246 543 1421 616 CODEX
1455 546 1715 622 cavensis

563 765 655 833 meis
678 766 871 854 eredibus,
897 785 994 835 scum
1019 769 1130 854 ipsius
1152 768 1310 854 predicto
1335 768 1484 838 iohanni
1508 775 1572 839 aut
1595 773 1641 841 ad
1664 773 1738 840 suis
1760 775 1925 844 eredibus
1950 775 2074 844 tollere
2110 778 2175 843 aut
2206 779 2408 866 contram,

562 935 663 987 scum
687 918 899 986 adminuere
922 938 984 1005 per
1007 920 1167 1005 qualibet
1190 919 1340 989 inbenta
1363 921 1514 991 ratione.
1534 923 1578 992 nt
1600 941 1665 1012 ego
1689 925 1873 1011 predictus
1898 927 1975 996 sadi
2000 945 2063 1014 per
2086 927 2353 998 combenientia
2376 933 2412 999 et

560 1087 644 1138 mea
666 1071 760 1138 bona
783 1069 994 1140 bolumtates
1017 1070 1158 1140 remisit
1180 1072 1296 1158 adque
1318 1072 1467 1142 tradidit
1491 1073 1602 1160 ipsius
1625 1075 1764 1143 dauferi
1799 1095 1991 1163 germanus
2026 1095 2126 1146 meus
2161 1077 2289 1147 inclite
2322 1081 2411 1148 meis
2542 1085 2544 1089 ’

563 1205 808 1310 sortionibuS,
832 1223 875 1291 de
898 1229 1073 1310 quantum
1097 1227 1302 1311 quantoque
1325 1227 1435 1294 michi
1457 1227 1619 1295 ebeniret
1642 1226 1745 1295 debet
1768 1227 1811 1295 de
1834 1228 1950 1295 tribus
1973 1229 2070 1315 pecie
2103 1229 2147 1296 de
2170 1231 2277 1298 terris
2301 1252 2310 1297 ε
2336 1249 2411 1302 una

442 1371 444 1376 ’
564 1392 611 1442 ex
633 1374 709 1461 ipse
732 1375 831 1461 pecie
854 1395 923 1463 que
946 1379 1000 1444 est
1022 1379 1122 1445 terra
1145 1396 1226 1445 cum
1249 1377 1447 1463 aliquantis
1471 1378 1659 1446 arboribus
1682 1379 1893 1467 fructiferis,
1918 1381 1978 1447 ubi
2003 1382 2118 1466 ipsum
2142 1383 2283 1452 danseri
2307 1384 2410 1453 modo

562 1526 757 1597 residentes
779 1532 847 1616 est,
870 1532 907 1597 et
930 1528 1003 1599 alia
1027 1549 1097 1617 que
1119 1535 1173 1599 est
1196 1535 1296 1599 terra
1319 1549 1401 1598 cum
1424 1531 1563 1618 binea,
1587 1533 1624 1597 et
1647 1529 1721 1600 alia
1744 1533 1806 1599 ubi
1829 1531 1963 1602 bineali
1987 1533 2147 1638 dicitur,
2171 1533 2234 1622 qui
2261 1540 2408 1606 suntin

559 1681 757 1768 predictum
781 1683 896 1751 locum
917 1688 1077 1771 preturo.
1104 1687 1151 1752 De
1175 1685 1242 1752 iste
1265 1685 1379 1752 tribus
1404 1685 1502 1772 pecie
1527 1703 1591 1771 per
1617 1685 1797 1756 iamdictis
1826 1685 1911 1755 locis
1933 1689 2009 1754 tota
2031 1691 2066 1755 et
2091 1687 2218 1756 inclita
2232 1705 2313 1759 mea
2335 1706 2408 1756 sor-

560 1835 707 1923 tionem,
731 1837 887 1936 qualiter
912 1827 1043 1907 ibid'em
1067 1839 1207 1926 legibus
1230 1840 1335 1908 abere
1358 1838 1480 1924 debe0‚
1504 1842 1618 1907 totum
1634 1842 1670 1908 et
1686 1839 1851 1909 inclitum
1866 1840 2006 1908 remisit
2022 1839 2104 1916 illut
2118 1841 2235 1928 adque
2251 1841 2407 1911 tradidit

562 1987 675 2075 ipsius
697 1991 855 2076 predicto
879 1990 1018 2058 dauleri
1041 1991 1206 2076 germani
1230 1991 1313 2076 mei;
1337 1990 1513 2076 simulque
1535 1994 1572 2058 et
1596 1991 1735 2061 remisit
1752 1993 1867 2078 adque
1883 1992 2032 2060 tradidit
2055 1991 2088 2060 ei
2105 1993 2148 2061 de
2164 1993 2280 2062 omnis
2296 1997 2406 2063 rebus

561 2160 660 2210 meas
683 2142 768 2230 alia,
794 2144 1008 2231 ubicumque
1030 2144 1161 2213 exinde
1185 2145 1355 2211 iubentus
1379 2143 1515 2212 dederit
1539 2163 1602 2230 per
1624 2149 1699 2214 tota
1722 2145 1940 2232 pertinentia
1955 2145 1999 2214 de
2014 2145 2167 2213 lerinum
2184 2147 2310 2216 inclita
2327 2147 2405 2235 ipsa

565 2297 733 2379 quartam
756 2299 870 2382 parte,
887 2314 954 2381 que
978 2295 1046 2364 suit
1069 2295 1269 2364 domnande
1292 2296 1474 2383 genetrice
1497 2301 1620 2365 nostra
1644 2316 1685 2366 ac
1708 2298 1785 2367 filia
1801 2298 1929 2385 fasani,
1947 2298 1990 2364 de
2006 2302 2180 2384 quantum
2197 2305 2401 2386 quantoque

563 2445 674 2512 michi
701 2447 744 2515 de
770 2446 848 2534 ipsa
871 2447 1032 2534 predicta
1054 2451 1185 2534 quarta
1208 2451 1309 2532 parte
1334 2447 1445 2533 ipsius
1467 2449 1643 2535 genitrice
1666 2455 1787 2519 vestra
1810 2452 2006 2537 pertineret
2032 2451 2206 2536 debuerit,
2230 2455 2344 2520 totum
2367 2455 2404 2522 et

565 2597 734 2666 inclitum
758 2598 840 2667 illut
865 2599 977 2685 ipsius
1000 2600 1164 2686 germani
1189 2598 1256 2666 mei
1282 2601 1422 2669 remisit
1445 2601 1560 2687 adque
1584 2602 1747 2690 tradidit,
1771 2603 1959 2690 perillum
1983 2603 2142 2671 ordinem
2165 2607 2201 2672 et
2217 2605 2406 2694 rationem,

564 2751 663 2818 sicut
686 2769 799 2819 unum
823 2751 937 2839 ipsius
960 2754 1104 2821 brebem
1127 2703 1290 2820 continet
1312 2754 1405 2838 quod
1428 2759 1515 2839 aput
1537 2773 1574 2821 se
1590 2754 1691 2822 modo
1714 2755 1897 2824 firmatum
1912 2756 2059 2840 retinet;
2076 2771 2140 2841 pro
2155 2753 2278 2842 itaque
2293 2757 2409 2842 ipsum

563 2903 748 2992 predictus
771 2905 911 2974 danseri
934 2923 1131 2992 germanus
1155 2924 1254 2974 meus
1277 2907 1356 2992 ipsa
1380 2924 1444 2974 sua
1468 2904 1623 2973 sortione
1646 2905 1689 2973 de
1712 2904 1790 2991 ipsa
1813 2905 1973 2992 predicta
2008 2909 2143 2994 rebus,
2167 2926 2237 2994 que
2271 2913 2324 2976 est
2346 2926 2409 2995 per

564 3057 737 3128 iamdicte
759 3059 842 3126 finis
864 3061 900 3126 et
922 3057 1131 3144 mensurie,
1156 3057 1314 3144 qualiter
1338 3057 1467 3126 ibidem
1492 3059 1641 3145 aberet,
1665 3057 1769 3125 debet
1792 3076 1873 3125 cum
1896 3060 2015 3128 omnia
2041 3057 2137 3127 intro
2160 3079 2197 3128 se
2219 3061 2408 3131 ababtibus

566 3213 804 3300 omnibusque
826 3213 901 3280 suis
923 3210 1153 3297 pertinentiis
1176 3214 1316 3280 etcum
1340 3211 1417 3278 bice
1440 3211 1483 3278 de
1506 3210 1577 3277 biis
1599 3207 1690 3296 suis;
1716 3209 1809 3278 unde
1833 3226 1897 3295 pro
1921 3207 2041 3278 taliter
2064 3228 2127 3296 per
2150 3211 2242 3281 bona
2271 3214 2409 3280 combe-

562 3367 706 3436 nientia
735 3364 870 3452 guadia
895 3362 1007 3432 michi
1029 3364 1148 3449 ipsum
1172 3363 1353 3449 predictus
1376 3362 1515 3432 dauleri
1538 3380 1732 3450 germanus
1754 3381 1854 3432 meus
1876 3363 1987 3450 dedit,
2003 3366 2039 3432 et
2054 3362 2284 3432 mediatorem
2299 3364 2408 3433 michi

564 3517 684 3605 posuit
708 3536 745 3586 se
768 3517 898 3605 ipsum3
921 3521 959 3586 et
979 3507 1043 3604 per
1067 3515 1191 3585 eadem
1214 3513 1348 3603 guadia
1371 3512 1545 3600 obligabit
1560 3531 1598 3580 se
1614 3517 1649 3580 et
1664 3530 1744 3580 suos
1761 3512 1892 3600 eredes,
1909 3516 1949 3582 ut
1962 3513 1995 3580 si
2010 3513 2134 3581 amodo
2155 3516 2193 3582 et
2209 3507 2402 3600 aliquando

566 3671 782 3744 adbeniente
804 3677 960 3760 tempore
983 3689 1135 3757 mecum,
1152 3675 1310 3738 anteum
1334 3669 1423 3736 meis
1445 3669 1620 3756 eredibus,
1637 3687 1737 3737 seum
1760 3688 1841 3737 cum
1856 3671 1971 3756 ipsum
1994 3668 2175 3756 predictus
2199 3669 2400 3758 iohannes,

563 3832 628 3896 aut
650 3846 731 3894 cum
754 3826 829 3895 suis
850 3823 1029 3912 eredibus,
1046 3823 1104 3891 cui
1121 3841 1187 3911 ego
1210 3823 1311 3890 modo
1333 3822 1416 3890 illut
1438 3821 1679 3908 benumdedit,
1696 3838 1844 3891 causare
1860 3826 1923 3889 aut
1941 3822 2153 3891 contendere
2170 3823 2403 3909 presubserit,
2441 3917 2443 3923 Ι

559 3979 750 4047 bolendum
772 3979 915 4066 exinde,
940 3982 981 4047 ut
1003 3973 1137 4063 aliquit
1160 3975 1203 4044 de
1226 3923 1301 4062 ipse
1324 3974 1393 4044 due
1417 3973 1516 4061 pecie
1539 3991 1602 4060 per
1627 3971 1795 4041 iamdicte
1817 3971 1902 4039 flnis
1924 3977 1960 4040 et
1982 3973 2162 4042 mensurie
2186 3974 2315 4061 aliquit
2335 3977 2401 4045 tol-

559 4131 648 4219 lere,
671 4135 735 4200 aut
758 4133 939 4217 contrare,
963 4147 1064 4197 soum
1087 4129 1272 4196 remobere
1295 4127 1479 4214 quesierit,
1503 4144 1566 4214 per
1589 4123 1748 4212 qualibet
1771 4125 1930 4193 imbenta
1952 4123 2157 4213 rationem,
2180 4131 2244 4196 aut
2273 4127 2403 4197 exinde

557 4280 805 4370 quodcumque
829 4281 1053 4349 causationes
1076 4277 1161 4346 inde
1183 4277 1432 4366 preposuerit,
1456 4280 1543 4344 tunc
1565 4294 1629 4363 per
1654 4273 1732 4362 ipsa
1754 4275 1889 4364 guadia
1910 4294 1973 4364 per
1996 4276 2256 4347 combenientia
2285 4283 2323 4348 et
2342 4297 2407 4351 sue

556 4439 649 4504 bone
674 4432 882 4501 bolumtatis
905 4429 1080 4518 obligabit
1103 4447 1140 4497 se
1163 4429 1280 4516 ipsum
1302 4427 1482 4516 predictus
1504 4426 1645 4496 danseri
1679 4431 1716 4497 et
1745 4425 1821 4496 suis
1853 4429 2019 4498 eredibns
2052 4446 2259 4516 componere
2291 4429 2403 4501 michi

554 4589 699 4677 meique
723 4587 901 4672 eredibuS,
923 4584 979 4652 vel
1002 4585 1115 4671 ipsius
1138 4582 1303 4672 iohanni,
1328 4585 1387 4652 cui
1410 4602 1475 4671 ego
1497 4583 1598 4652 modo
1620 4583 1699 4652 illut
1722 4584 1960 4673 benumdedit,
1985 4585 2091 4654 etad
2121 4585 2196 4653 suis
2222 4585 2402 4673 eredibus,

557 4748 621 4814 aut
645 4741 704 4812 cui
728 4743 871 4810 brebem
894 4740 961 4807 isle
984 4739 1023 4806 in
1046 4755 1193 4807 manum
1209 4697 1397 4826 paruerit,
1421 4736 1555 4826 biginti
1579 4739 1661 4806 auri
1682 4737 1787 4806 solidi
1810 4738 2026 4810 constantini
2048 4788 2058 4826 ,
2081 4743 2118 4808 et
2141 4739 2181 4806 in
2204 4741 2314 4809 antea
2336 4755 2399 4825 per

555 4897 682 4965 inbitis
704 4895 835 4965 exinde
858 4894 961 4968 taciti
984 4896 1021 4962 et
1043 4890 1149 4962 bacui
1172 4894 1385 4976 remaneret,
1409 4894 1445 4959 et
1467 4889 1579 4960 faciat
1600 4894 1719 4960 tacere
1741 4909 1862 4962 omnes
1884 4891 2033 4978 omines,
2058 4892 2120 4979 qui
2136 4909 2201 4980 pro
2216 4909 2284 4962 sua
2299 4894 2402 4979 parte

556 5047 689 5118 exinde
712 5064 862 5119 causare
885 5047 951 5114 aut
973 5030 1189 5113 contendere
1212 5041 1444 5130 presubserit,
1468 5061 1532 5130 per
1555 5043 1713 5136 qualibet
1737 5043 1886 5113 inbenta
1921 5045 2061 5113 ratione
2095 5063 2159 5133 per
2193 5043 2401 5133 supradicta

555 5202 691 5291 guadia
714 5204 750 5269 et
776 5198 938 5289 obligata
960 5217 1065 5286 pena,
1090 5202 1126 5268 et
1148 5217 1217 5266 unc
1239 5198 1383 5266 brebem
1406 5193 1532 5282 scripsi
1556 5211 1623 5283 ego
1645 5195 1697 5262 iso
1720 5194 1884 5265 notarius
1908 5196 1971 5282 qui
1993 5196 2170 5268 interluit.

597 5325 630 5446 †
654 5357 730 5444 Ego
752 5353 888 5445 guandi
911 5353 1087 5441 presbiter

579 5481 630 5598 †
655 5511 730 5598 Ego
754 5510 839 5577 sico.
