<?xml version="1.0" encoding="UTF-8"?>
<!DOCTYPE html PUBLIC "-//W3C//DTD XHTML 1.0 Transitional//EN"
    "http://www.w3.org/TR/xhtml1/DTD/xhtml1-transitional.dtd">
<html xmlns="http://www.w3.org/1999/xhtml" xml:lang="en" lang="en">
 <head>
  <title>
</title>
<meta http-equiv="Content-Type" content="text/html;charset=utf-8" />
  <meta name='ocr-system' content='tesseract 3.04.00' />
  <meta name='ocr-capabilities' content='ocr_page ocr_carea ocr_par ocr_line ocrx_word'/>
</head>
<body>
  <div class='ocr_page' id='page_1' title='image "./codexdiplomatic03aragoog_0053.png"; bbox 0 0 5414 7098; ppageno 0'>
   <div class='ocr_carea' id='block_1_1' title="bbox 1008 549 2140 624">
    <p class='ocr_par' dir='ltr' id='par_1_1' title="bbox 1008 549 2140 624">
     <span class='ocr_line' id='line_1_1' title="bbox 1008 549 2140 624; baseline -0.003 -2"><span class='ocrx_word' id='word_1_1' title='bbox 1008 549 1409 624; x_wconf 77' lang='lat' dir='ltr'>DIPLOMATICUS</span> <span class='ocrx_word' id='word_1_2' title='bbox 2098 549 2140 622; x_wconf 79' lang='lat' dir='ltr'><strong>ll</strong></span> 
     </span>
    </p>
   </div>
   <div class='ocr_carea' id='block_1_2' title="bbox 278 771 2140 3468">
    <p class='ocr_par' dir='ltr' id='par_1_2' title="bbox 278 771 2140 3468">
     <span class='ocr_line' id='line_1_2' title="bbox 278 771 2140 866; baseline -0.001 -22"><span class='ocrx_word' id='word_1_3' title='bbox 278 775 451 848; x_wconf 80' lang='lat' dir='ltr'>dictione.</span> <span class='ocrx_word' id='word_1_4' title='bbox 483 775 772 848; x_wconf 88' lang='lat' dir='ltr'><strong>Memoratorium</strong></span> <span class='ocrx_word' id='word_1_5' title='bbox 803 777 937 847; x_wconf 85' lang='lat' dir='ltr'><strong>lactum</strong></span> <span class='ocrx_word' id='word_1_6' title='bbox 960 795 983 848; x_wconf 88' lang='lat' dir='ltr'><strong>a</strong></span> <span class='ocrx_word' id='word_1_7' title='bbox 1006 795 1063 848; x_wconf 88' lang='lat' dir='ltr'><strong>me</strong></span> <span class='ocrx_word' id='word_1_8' title='bbox 1085 775 1304 864; x_wconf 82' lang='lat' dir='ltr'><strong>grimoaldus</strong></span> <span class='ocrx_word' id='word_1_9' title='bbox 1327 776 1402 845; x_wconf 89' lang='lat' dir='ltr'><strong>filio</strong></span> <span class='ocrx_word' id='word_1_10' title='bbox 1425 775 1604 865; x_wconf 90' lang='lat' dir='ltr'><strong>quondam</strong></span> <span class='ocrx_word' id='word_1_11' title='bbox 1634 776 1813 866; x_wconf 78' lang='lat' dir='ltr'><strong>gererali,</strong></span> <span class='ocrx_word' id='word_1_12' title='bbox 1836 792 1878 845; x_wconf 88' lang='lat' dir='ltr'><strong>eo</strong></span> <span class='ocrx_word' id='word_1_13' title='bbox 1910 773 2003 862; x_wconf 90' lang='lat' dir='ltr'><strong>quod</strong></span> <span class='ocrx_word' id='word_1_14' title='bbox 2026 773 2065 842; x_wconf 92' lang='lat' dir='ltr'><strong>in</strong></span> <span class='ocrx_word' id='word_1_15' title='bbox 2090 771 2140 842; x_wconf 93' lang='lat' dir='ltr'><strong>lo·</strong></span> 
     </span>
     <span class='ocr_line' id='line_1_3' title="bbox 281 927 2132 1019; baseline -0.001 -21"><span class='ocrx_word' id='word_1_16' title='bbox 281 947 324 998; x_wconf 90' lang='lat' dir='ltr'><strong>co</strong></span> <span class='ocrx_word' id='word_1_17' title='bbox 354 928 504 1000; x_wconf 87' lang='lat' dir='ltr'><strong>nuceria</strong></span> <span class='ocrx_word' id='word_1_18' title='bbox 536 931 620 999; x_wconf 91' lang='lat' dir='ltr'><strong>ante</strong></span> <span class='ocrx_word' id='word_1_19' title='bbox 651 929 833 1017; x_wconf 77' lang='lat' dir='ltr'><strong>presentia</strong></span> <span class='ocrx_word' id='word_1_20' title='bbox 862 929 945 998; x_wconf 90' lang='lat' dir='ltr'><strong>miri</strong></span> <span class='ocrx_word' id='word_1_21' title='bbox 978 927 1089 998; x_wconf 89' lang='lat' dir='ltr'><strong>iudici</strong></span> <span class='ocrx_word' id='word_1_22' title='bbox 1111 933 1148 999; x_wconf 91' lang='lat' dir='ltr'><strong>et</strong></span> <span class='ocrx_word' id='word_1_23' title='bbox 1170 929 1236 1000; x_wconf 89' lang='lat' dir='ltr'><strong>alii</strong></span> <span class='ocrx_word' id='word_1_24' title='bbox 1261 931 1455 1019; x_wconf 81' lang='lat' dir='ltr'><strong>subscripti</strong></span> <span class='ocrx_word' id='word_1_25' title='bbox 1479 935 1586 1002; x_wconf 83' lang='lat' dir='ltr'><strong>testes</strong></span> <span class='ocrx_word' id='word_1_26' title='bbox 1609 931 1823 1001; x_wconf 90' lang='lat' dir='ltr'><strong>coniunctus</strong></span> <span class='ocrx_word' id='word_1_27' title='bbox 1846 947 1926 998; x_wconf 90' lang='lat' dir='ltr'><strong>sum</strong></span> <span class='ocrx_word' id='word_1_28' title='bbox 1949 947 2031 998; x_wconf 90' lang='lat' dir='ltr'><strong>oum</strong></span> <span class='ocrx_word' id='word_1_29' title='bbox 2053 945 2132 996; x_wconf 91' lang='lat' dir='ltr'><strong>mu·</strong></span> 
     </span>
     <span class='ocr_line' id='line_1_4' title="bbox 283 1083 2138 1177; baseline -0.002 -23"><span class='ocrx_word' id='word_1_30' title='bbox 283 1085 373 1157; x_wconf 89' lang='lat' dir='ltr'><strong>llere</strong></span> <span class='ocrx_word' id='word_1_31' title='bbox 396 1084 543 1156; x_wconf 91' lang='lat' dir='ltr'><strong>nomine</strong></span> <span class='ocrx_word' id='word_1_32' title='bbox 570 1086 681 1158; x_wconf 89' lang='lat' dir='ltr'><strong>senda</strong></span> <span class='ocrx_word' id='word_1_33' title='bbox 703 1085 780 1156; x_wconf 87' lang='lat' dir='ltr'><strong>tilia</strong></span> <span class='ocrx_word' id='word_1_34' title='bbox 803 1085 932 1156; x_wconf 89' lang='lat' dir='ltr'><strong>sellicti</strong></span> <span class='ocrx_word' id='word_1_35' title='bbox 956 1089 1112 1175; x_wconf 91' lang='lat' dir='ltr'><strong>cognata</strong></span> <span class='ocrx_word' id='word_1_36' title='bbox 1135 1105 1230 1176; x_wconf 89' lang='lat' dir='ltr'><strong>mea,</strong></span> <span class='ocrx_word' id='word_1_37' title='bbox 1247 1086 1373 1158; x_wconf 90' lang='lat' dir='ltr'><strong>relicta</strong></span> <span class='ocrx_word' id='word_1_38' title='bbox 1396 1089 1576 1176; x_wconf 89' lang='lat' dir='ltr'><strong>quondam</strong></span> <span class='ocrx_word' id='word_1_39' title='bbox 1600 1088 1772 1177; x_wconf 88' lang='lat' dir='ltr'><strong>iaquinti,</strong></span> <span class='ocrx_word' id='word_1_40' title='bbox 1788 1086 1850 1174; x_wconf 92' lang='lat' dir='ltr'><strong>qui</strong></span> <span class='ocrx_word' id='word_1_41' title='bbox 1875 1085 1945 1154; x_wconf 86' lang='lat' dir='ltr'><strong>suit</strong></span> <span class='ocrx_word' id='word_1_42' title='bbox 1968 1083 2138 1154; x_wconf 88' lang='lat' dir='ltr'><strong>similiter</strong></span> 
     </span>
     <span class='ocr_line' id='line_1_5' title="bbox 283 1237 2136 1328; baseline -0.001 -20"><span class='ocrx_word' id='word_1_43' title='bbox 283 1243 437 1326; x_wconf 86' lang='lat' dir='ltr'><strong>cognato</strong></span> <span class='ocrx_word' id='word_1_44' title='bbox 460 1256 560 1308; x_wconf 89' lang='lat' dir='ltr'><strong>meus</strong></span> <span class='ocrx_word' id='word_1_45' title='bbox 583 1242 620 1307; x_wconf 91' lang='lat' dir='ltr'><strong>et</strong></span> <span class='ocrx_word' id='word_1_46' title='bbox 643 1237 740 1306; x_wconf 83' lang='lat' dir='ltr'><strong>illius</strong></span> <span class='ocrx_word' id='word_1_47' title='bbox 762 1237 940 1326; x_wconf 86' lang='lat' dir='ltr'><strong>quondam</strong></span> <span class='ocrx_word' id='word_1_48' title='bbox 963 1237 1190 1325; x_wconf 86' lang='lat' dir='ltr'><strong>machenolfl,</strong></span> <span class='ocrx_word' id='word_1_49' title='bbox 1213 1243 1250 1307; x_wconf 91' lang='lat' dir='ltr'><strong>et</strong></span> <span class='ocrx_word' id='word_1_50' title='bbox 1273 1257 1355 1308; x_wconf 92' lang='lat' dir='ltr'><strong>cum</strong></span> <span class='ocrx_word' id='word_1_51' title='bbox 1378 1243 1472 1310; x_wconf 91' lang='lat' dir='ltr'><strong>mari</strong></span> <span class='ocrx_word' id='word_1_52' title='bbox 1495 1240 1570 1310; x_wconf 88' lang='lat' dir='ltr'><strong>lilio</strong></span> <span class='ocrx_word' id='word_1_53' title='bbox 1595 1242 1753 1328; x_wconf 88' lang='lat' dir='ltr'><strong>ipsorum</strong></span> <span class='ocrx_word' id='word_1_54' title='bbox 1770 1238 1878 1308; x_wconf 87' lang='lat' dir='ltr'><strong>sende</strong></span> <span class='ocrx_word' id='word_1_55' title='bbox 1901 1239 1938 1307; x_wconf 91' lang='lat' dir='ltr'><strong>et</strong></span> <span class='ocrx_word' id='word_1_56' title='bbox 1962 1237 2136 1326; x_wconf 91' lang='lat' dir='ltr'><strong>iaquinti,</strong></span> 
     </span>
     <span class='ocr_line' id='line_1_6' title="bbox 282 1390 2132 1481; baseline -0.001 -21"><span class='ocrx_word' id='word_1_57' title='bbox 282 1391 329 1460; x_wconf 91' lang='lat' dir='ltr'><strong>ad</strong></span> <span class='ocrx_word' id='word_1_58' title='bbox 353 1391 559 1461; x_wconf 86' lang='lat' dir='ltr'><strong>iaciendum</strong></span> <span class='ocrx_word' id='word_1_59' title='bbox 582 1410 664 1460; x_wconf 91' lang='lat' dir='ltr'><strong>cum</strong></span> <span class='ocrx_word' id='word_1_60' title='bbox 687 1391 740 1460; x_wconf 91' lang='lat' dir='ltr'><strong>eis</strong></span> <span class='ocrx_word' id='word_1_61' title='bbox 763 1392 869 1462; x_wconf 86' lang='lat' dir='ltr'><strong>linem</strong></span> <span class='ocrx_word' id='word_1_62' title='bbox 894 1391 938 1459; x_wconf 90' lang='lat' dir='ltr'><strong>de</strong></span> <span class='ocrx_word' id='word_1_63' title='bbox 961 1395 1067 1460; x_wconf 92' lang='lat' dir='ltr'><strong>rebus</strong></span> <span class='ocrx_word' id='word_1_64' title='bbox 1089 1391 1215 1461; x_wconf 89' lang='lat' dir='ltr'><strong>stavile</strong></span> <span class='ocrx_word' id='word_1_65' title='bbox 1239 1411 1308 1480; x_wconf 90' lang='lat' dir='ltr'><strong>que</strong></span> <span class='ocrx_word' id='word_1_66' title='bbox 1330 1393 1400 1462; x_wconf 84' lang='lat' dir='ltr'><strong>fuit</strong></span> <span class='ocrx_word' id='word_1_67' title='bbox 1416 1393 1612 1481; x_wconf 76' lang='lat' dir='ltr'><strong>supradicti</strong></span> <span class='ocrx_word' id='word_1_68' title='bbox 1630 1391 1841 1462; x_wconf 85' lang='lat' dir='ltr'><strong>machenolll</strong></span> <span class='ocrx_word' id='word_1_69' title='bbox 1856 1391 2000 1479; x_wconf 90' lang='lat' dir='ltr'><strong>genitor</strong></span> <span class='ocrx_word' id='word_1_70' title='bbox 2017 1390 2132 1478; x_wconf 89' lang='lat' dir='ltr'><strong>ipsius</strong></span> 
     </span>
     <span class='ocr_line' id='line_1_7' title="bbox 282 1541 2136 1634; baseline 0.001 -26"><span class='ocrx_word' id='word_1_71' title='bbox 282 1541 440 1630; x_wconf 87' lang='lat' dir='ltr'><strong>iaquinti</strong></span> <span class='ocrx_word' id='word_1_72' title='bbox 475 1547 511 1613; x_wconf 92' lang='lat' dir='ltr'><strong>et</strong></span> <span class='ocrx_word' id='word_1_73' title='bbox 543 1561 663 1613; x_wconf 90' lang='lat' dir='ltr'><strong>socero</strong></span> <span class='ocrx_word' id='word_1_74' title='bbox 698 1543 865 1613; x_wconf 81' lang='lat' dir='ltr'><strong>iamdicta</strong></span> <span class='ocrx_word' id='word_1_75' title='bbox 896 1544 1003 1614; x_wconf 86' lang='lat' dir='ltr'><strong>sende</strong></span> <span class='ocrx_word' id='word_1_76' title='bbox 1026 1551 1062 1614; x_wconf 90' lang='lat' dir='ltr'><strong>et</strong></span> <span class='ocrx_word' id='word_1_77' title='bbox 1086 1565 1276 1633; x_wconf 89' lang='lat' dir='ltr'><strong>meumque</strong></span> <span class='ocrx_word' id='word_1_78' title='bbox 1299 1547 1506 1634; x_wconf 89' lang='lat' dir='ltr'><strong>grimoaldi.</strong></span> <span class='ocrx_word' id='word_1_79' title='bbox 1530 1547 1629 1616; x_wconf 84' lang='lat' dir='ltr'><strong>Unde</strong></span> <span class='ocrx_word' id='word_1_80' title='bbox 1652 1547 1738 1614; x_wconf 88' lang='lat' dir='ltr'><strong>ante</strong></span> <span class='ocrx_word' id='word_1_81' title='bbox 1761 1547 1825 1612; x_wconf 90' lang='lat' dir='ltr'><strong>hos</strong></span> <span class='ocrx_word' id='word_1_82' title='bbox 1849 1545 1923 1631; x_wconf 88' lang='lat' dir='ltr'><strong>ipse</strong></span> <span class='ocrx_word' id='word_1_83' title='bbox 1949 1542 2136 1631; x_wconf 87' lang='lat' dir='ltr'><strong>iaquintus</strong></span> 
     </span>
     <span class='ocr_line' id='line_1_8' title="bbox 280 1693 2139 1783; baseline 0.001 -22"><span class='ocrx_word' id='word_1_84' title='bbox 280 1695 601 1782; x_wconf 88' lang='lat' dir='ltr'><strong>combenientibus,</strong></span> <span class='ocrx_word' id='word_1_85' title='bbox 617 1714 681 1783; x_wconf 90' lang='lat' dir='ltr'><strong>per</strong></span> <span class='ocrx_word' id='word_1_86' title='bbox 696 1698 802 1764; x_wconf 85' lang='lat' dir='ltr'><strong>firma</strong></span> <span class='ocrx_word' id='word_1_87' title='bbox 825 1695 964 1766; x_wconf 88' lang='lat' dir='ltr'><strong>cartula</strong></span> <span class='ocrx_word' id='word_1_88' title='bbox 988 1695 1151 1766; x_wconf 90' lang='lat' dir='ltr'><strong>inclitam</strong></span> <span class='ocrx_word' id='word_1_89' title='bbox 1174 1695 1400 1765; x_wconf 86' lang='lat' dir='ltr'><strong>medietatem</strong></span> <span class='ocrx_word' id='word_1_90' title='bbox 1430 1695 1540 1762; x_wconf 90' lang='lat' dir='ltr'><strong>michi</strong></span> <span class='ocrx_word' id='word_1_91' title='bbox 1556 1713 1604 1762; x_wconf 83' lang='lat' dir='ltr'><strong>ex</strong></span> <span class='ocrx_word' id='word_1_92' title='bbox 1619 1695 1698 1780; x_wconf 88' lang='lat' dir='ltr'><strong>ipsa</strong></span> <span class='ocrx_word' id='word_1_93' title='bbox 1721 1697 1829 1763; x_wconf 90' lang='lat' dir='ltr'><strong>rebus</strong></span> <span class='ocrx_word' id='word_1_94' title='bbox 1845 1713 1911 1762; x_wconf 92' lang='lat' dir='ltr'><strong>sua</strong></span> <span class='ocrx_word' id='word_1_95' title='bbox 1927 1693 2037 1762; x_wconf 88' lang='lat' dir='ltr'><strong>michi</strong></span> <span class='ocrx_word' id='word_1_96' title='bbox 2055 1710 2139 1762; x_wconf 89' lang='lat' dir='ltr'><strong>con·</strong></span> 
     </span>
     <span class='ocr_line' id='line_1_9' title="bbox 280 1847 2138 1938; baseline 0.001 -24"><span class='ocrx_word' id='word_1_97' title='bbox 280 1847 443 1918; x_wconf 88' lang='lat' dir='ltr'><strong>firmabit</strong></span> <span class='ocrx_word' id='word_1_98' title='bbox 479 1853 515 1916; x_wconf 90' lang='lat' dir='ltr'><strong>et</strong></span> <span class='ocrx_word' id='word_1_99' title='bbox 547 1847 725 1938; x_wconf 87' lang='lat' dir='ltr'><strong>tradidit,</strong></span> <span class='ocrx_word' id='word_1_100' title='bbox 760 1851 855 1918; x_wconf 90' lang='lat' dir='ltr'><strong>sicut</strong></span> <span class='ocrx_word' id='word_1_101' title='bbox 878 1849 957 1935; x_wconf 92' lang='lat' dir='ltr'><strong>ipsa</strong></span> <span class='ocrx_word' id='word_1_102' title='bbox 982 1849 1170 1936; x_wconf 78' lang='lat' dir='ltr'><strong>continet3</strong></span> <span class='ocrx_word' id='word_1_103' title='bbox 1194 1853 1248 1918; x_wconf 91' lang='lat' dir='ltr'><strong>set</strong></span> <span class='ocrx_word' id='word_1_104' title='bbox 1270 1851 1443 1936; x_wconf 89' lang='lat' dir='ltr'><strong>querebat</strong></span> <span class='ocrx_word' id='word_1_105' title='bbox 1467 1851 1546 1936; x_wconf 85' lang='lat' dir='ltr'><strong>ipsa</strong></span> <span class='ocrx_word' id='word_1_106' title='bbox 1569 1849 1680 1917; x_wconf 81' lang='lat' dir='ltr'><strong>sende</strong></span> <span class='ocrx_word' id='word_1_107' title='bbox 1703 1853 1858 1936; x_wconf 87' lang='lat' dir='ltr'><strong>cognata</strong></span> <span class='ocrx_word' id='word_1_108' title='bbox 1881 1867 1961 1917; x_wconf 89' lang='lat' dir='ltr'><strong>mea</strong></span> <span class='ocrx_word' id='word_1_109' title='bbox 1984 1868 2031 1916; x_wconf 89' lang='lat' dir='ltr'><strong>ex</strong></span> <span class='ocrx_word' id='word_1_110' title='bbox 2057 1847 2138 1934; x_wconf 80' lang='lat' dir='ltr'><strong>ip‘sa</strong></span> 
     </span>
     <span class='ocr_line' id='line_1_10' title="bbox 281 1997 2138 2090; baseline 0 -22"><span class='ocrx_word' id='word_1_111' title='bbox 281 2003 388 2070; x_wconf 88' lang='lat' dir='ltr'><strong>rebus</strong></span> <span class='ocrx_word' id='word_1_112' title='bbox 410 2020 491 2070; x_wconf 89' lang='lat' dir='ltr'><strong>mea</strong></span> <span class='ocrx_word' id='word_1_113' title='bbox 513 2005 681 2088; x_wconf 87' lang='lat' dir='ltr'><strong>quartam</strong></span> <span class='ocrx_word' id='word_1_114' title='bbox 704 2004 903 2088; x_wconf 90' lang='lat' dir='ltr'><strong>portionem</strong></span> <span class='ocrx_word' id='word_1_115' title='bbox 932 2001 1115 2090; x_wconf 88' lang='lat' dir='ltr'><strong>percipere</strong></span> <span class='ocrx_word' id='word_1_116' title='bbox 1148 2018 1210 2088; x_wconf 92' lang='lat' dir='ltr'><strong>per</strong></span> <span class='ocrx_word' id='word_1_117' title='bbox 1241 2017 1346 2067; x_wconf 90' lang='lat' dir='ltr'><strong>suum</strong></span> <span class='ocrx_word' id='word_1_118' title='bbox 1375 1997 1547 2086; x_wconf 90' lang='lat' dir='ltr'><strong>scriptum</strong></span> <span class='ocrx_word' id='word_1_119' title='bbox 1579 1999 1844 2087; x_wconf 88' lang='lat' dir='ltr'><strong>morgincahp,</strong></span> <span class='ocrx_word' id='word_1_120' title='bbox 1874 2000 1936 2085; x_wconf 87' lang='lat' dir='ltr'><strong>qui</strong></span> <span class='ocrx_word' id='word_1_121' title='bbox 1967 2001 2138 2090; x_wconf 89' lang='lat' dir='ltr'><strong>emissum</strong></span> 
     </span>
     <span class='ocr_line' id='line_1_11' title="bbox 286 2157 2131 2247; baseline 0 -21"><span class='ocrx_word' id='word_1_122' title='bbox 286 2160 355 2229; x_wconf 87' lang='lat' dir='ltr'><strong>suit</strong></span> <span class='ocrx_word' id='word_1_123' title='bbox 379 2160 419 2227; x_wconf 91' lang='lat' dir='ltr'><strong>in</strong></span> <span class='ocrx_word' id='word_1_124' title='bbox 442 2160 500 2230; x_wconf 89' lang='lat' dir='ltr'><strong>die</strong></span> <span class='ocrx_word' id='word_1_125' title='bbox 522 2179 586 2229; x_wconf 90' lang='lat' dir='ltr'><strong>sue</strong></span> <span class='ocrx_word' id='word_1_126' title='bbox 609 2160 844 2247; x_wconf 88' lang='lat' dir='ltr'><strong>copulationis</strong></span> <span class='ocrx_word' id='word_1_127' title='bbox 867 2177 930 2247; x_wconf 91' lang='lat' dir='ltr'><strong>per</strong></span> <span class='ocrx_word' id='word_1_128' title='bbox 954 2159 1145 2229; x_wconf 88' lang='lat' dir='ltr'><strong>iamdictus</strong></span> <span class='ocrx_word' id='word_1_129' title='bbox 1170 2157 1356 2246; x_wconf 90' lang='lat' dir='ltr'><strong>iaquintus</strong></span> <span class='ocrx_word' id='word_1_130' title='bbox 1378 2163 1532 2246; x_wconf 88' lang='lat' dir='ltr'><strong>cognato</strong></span> <span class='ocrx_word' id='word_1_131' title='bbox 1554 2177 1654 2228; x_wconf 91' lang='lat' dir='ltr'><strong>meus</strong></span> <span class='ocrx_word' id='word_1_132' title='bbox 1689 2160 1766 2227; x_wconf 88' lang='lat' dir='ltr'><strong>viro</strong></span> <span class='ocrx_word' id='word_1_133' title='bbox 1789 2157 1894 2246; x_wconf 89' lang='lat' dir='ltr'><strong>eius,</strong></span> <span class='ocrx_word' id='word_1_134' title='bbox 1918 2162 1954 2227; x_wconf 92' lang='lat' dir='ltr'><strong>et</strong></span> <span class='ocrx_word' id='word_1_135' title='bbox 1977 2159 2131 2245; x_wconf 91' lang='lat' dir='ltr'><strong>plurime</strong></span> 
     </span>
     <span class='ocr_line' id='line_1_12' title="bbox 284 2309 2133 2398; baseline 0.002 -20"><span class='ocrx_word' id='word_1_136' title='bbox 284 2313 511 2382; x_wconf 86' lang='lat' dir='ltr'><strong>causationes</strong></span> <span class='ocrx_word' id='word_1_137' title='bbox 534 2313 716 2382; x_wconf 83' lang='lat' dir='ltr'><strong>internos</strong></span> <span class='ocrx_word' id='word_1_138' title='bbox 739 2313 870 2382; x_wconf 86' lang='lat' dir='ltr'><strong>exinde</strong></span> <span class='ocrx_word' id='word_1_139' title='bbox 894 2312 1061 2382; x_wconf 85' lang='lat' dir='ltr'><strong>abuimus</strong></span> <span class='ocrx_word' id='word_1_140' title='bbox 1084 2317 1120 2381; x_wconf 87' lang='lat' dir='ltr'><strong>et</strong></span> <span class='ocrx_word' id='word_1_141' title='bbox 1142 2330 1205 2398; x_wconf 91' lang='lat' dir='ltr'><strong>per</strong></span> <span class='ocrx_word' id='word_1_142' title='bbox 1229 2310 1404 2378; x_wconf 90' lang='lat' dir='ltr'><strong>iudicium</strong></span> <span class='ocrx_word' id='word_1_143' title='bbox 1429 2310 1541 2396; x_wconf 90' lang='lat' dir='ltr'><strong>ipsius</strong></span> <span class='ocrx_word' id='word_1_144' title='bbox 1565 2309 1652 2377; x_wconf 89' lang='lat' dir='ltr'><strong>miri</strong></span> <span class='ocrx_word' id='word_1_145' title='bbox 1676 2309 1786 2378; x_wconf 88' lang='lat' dir='ltr'><strong>iudici</strong></span> <span class='ocrx_word' id='word_1_146' title='bbox 1823 2311 1917 2380; x_wconf 90' lang='lat' dir='ltr'><strong>inter</strong></span> <span class='ocrx_word' id='word_1_147' title='bbox 1952 2329 2016 2380; x_wconf 92' lang='lat' dir='ltr'><strong>nos</strong></span> <span class='ocrx_word' id='word_1_148' title='bbox 2040 2312 2133 2382; x_wconf 88' lang='lat' dir='ltr'><strong>iudi·</strong></span> 
     </span>
     <span class='ocr_line' id='line_1_13' title="bbox 283 2461 2131 2556; baseline 0.001 -25"><span class='ocrx_word' id='word_1_149' title='bbox 283 2469 403 2534; x_wconf 92' lang='lat' dir='ltr'><strong>catum</strong></span> <span class='ocrx_word' id='word_1_150' title='bbox 427 2465 509 2549; x_wconf 86' lang='lat' dir='ltr'><strong>suit,</strong></span> <span class='ocrx_word' id='word_1_151' title='bbox 529 2470 568 2532; x_wconf 89' lang='lat' dir='ltr'><strong>ut</strong></span> <span class='ocrx_word' id='word_1_152' title='bbox 591 2483 654 2552; x_wconf 88' lang='lat' dir='ltr'><strong>per</strong></span> <span class='ocrx_word' id='word_1_153' title='bbox 678 2469 798 2552; x_wconf 87' lang='lat' dir='ltr'><strong>partes</strong></span> <span class='ocrx_word' id='word_1_154' title='bbox 821 2464 1119 2551; x_wconf 89' lang='lat' dir='ltr'><strong>coniungeremus</strong></span> <span class='ocrx_word' id='word_1_155' title='bbox 1142 2479 1206 2530; x_wconf 91' lang='lat' dir='ltr'><strong>nos</strong></span> <span class='ocrx_word' id='word_1_156' title='bbox 1230 2481 1312 2530; x_wconf 93' lang='lat' dir='ltr'><strong>cum</strong></span> <span class='ocrx_word' id='word_1_157' title='bbox 1336 2461 1454 2530; x_wconf 91' lang='lat' dir='ltr'><strong>iudice</strong></span> <span class='ocrx_word' id='word_1_158' title='bbox 1478 2467 1512 2531; x_wconf 89' lang='lat' dir='ltr'><strong>et</strong></span> <span class='ocrx_word' id='word_1_159' title='bbox 1535 2463 1677 2533; x_wconf 90' lang='lat' dir='ltr'><strong>notario</strong></span> <span class='ocrx_word' id='word_1_160' title='bbox 1699 2469 1736 2532; x_wconf 91' lang='grc'><strong>11</strong></span> <span class='ocrx_word' id='word_1_161' title='bbox 1758 2465 1890 2532; x_wconf 90' lang='lat' dir='ltr'><strong>nostris</strong></span> <span class='ocrx_word' id='word_1_162' title='bbox 1914 2466 2131 2556; x_wconf 89' lang='lat' dir='ltr'><strong>rationibus,</strong></span> 
     </span>
     <span class='ocr_line' id='line_1_14' title="bbox 283 2614 2133 2704; baseline 0.003 -21"><span class='ocrx_word' id='word_1_163' title='bbox 283 2621 320 2683; x_wconf 88' lang='lat' dir='ltr'><strong>et</strong></span> <span class='ocrx_word' id='word_1_164' title='bbox 344 2633 534 2703; x_wconf 84' lang='lat' dir='ltr'><strong>pergemus</strong></span> <span class='ocrx_word' id='word_1_165' title='bbox 558 2635 666 2703; x_wconf 92' lang='lat' dir='ltr'><strong>super</strong></span> <span class='ocrx_word' id='word_1_166' title='bbox 690 2617 776 2704; x_wconf 90' lang='lat' dir='ltr'><strong>ipsis</strong></span> <span class='ocrx_word' id='word_1_167' title='bbox 799 2618 917 2703; x_wconf 89' lang='lat' dir='ltr'><strong>rebus,</strong></span> <span class='ocrx_word' id='word_1_168' title='bbox 934 2616 977 2684; x_wconf 91' lang='lat' dir='ltr'><strong>de</strong></span> <span class='ocrx_word' id='word_1_169' title='bbox 993 2634 1064 2702; x_wconf 93' lang='lat' dir='ltr'><strong>quo</strong></span> <span class='ocrx_word' id='word_1_170' title='bbox 1086 2614 1162 2702; x_wconf 90' lang='lat' dir='ltr'><strong>ipse</strong></span> <span class='ocrx_word' id='word_1_171' title='bbox 1185 2614 1278 2682; x_wconf 91' lang='lat' dir='ltr'><strong>mari</strong></span> <span class='ocrx_word' id='word_1_172' title='bbox 1303 2617 1465 2700; x_wconf 90' lang='lat' dir='ltr'><strong>nepotem</strong></span> <span class='ocrx_word' id='word_1_173' title='bbox 1489 2632 1606 2682; x_wconf 91' lang='lat' dir='ltr'><strong>meum</strong></span> <span class='ocrx_word' id='word_1_174' title='bbox 1622 2617 1658 2682; x_wconf 93' lang='grc'><strong>11</strong></span> <span class='ocrx_word' id='word_1_175' title='bbox 1674 2615 1789 2683; x_wconf 88' lang='lat' dir='ltr'><strong>lilium</strong></span> <span class='ocrx_word' id='word_1_176' title='bbox 1805 2617 2008 2703; x_wconf 88' lang='lat' dir='ltr'><strong>supradicte</strong></span> <span class='ocrx_word' id='word_1_177' title='bbox 2024 2621 2133 2688; x_wconf 88' lang='lat' dir='ltr'><strong>sende</strong></span> 
     </span>
     <span class='ocr_line' id='line_1_15' title="bbox 280 2765 2137 2854; baseline 0.001 -18"><span class='ocrx_word' id='word_1_178' title='bbox 280 2766 458 2837; x_wconf 88' lang='lat' dir='ltr'><strong>adversus</strong></span> <span class='ocrx_word' id='word_1_179' title='bbox 480 2787 536 2836; x_wconf 90' lang='lat' dir='ltr'><strong>me</strong></span> <span class='ocrx_word' id='word_1_180' title='bbox 559 2769 722 2836; x_wconf 88' lang='lat' dir='ltr'><strong>causabit</strong></span> <span class='ocrx_word' id='word_1_181' title='bbox 747 2771 784 2837; x_wconf 92' lang='lat' dir='ltr'><strong>et</strong></span> <span class='ocrx_word' id='word_1_182' title='bbox 806 2769 1024 2838; x_wconf 90' lang='lat' dir='ltr'><strong>monstraret</strong></span> <span class='ocrx_word' id='word_1_183' title='bbox 1046 2765 1137 2834; x_wconf 90' lang='lat' dir='ltr'><strong>mibi</strong></span> <span class='ocrx_word' id='word_1_184' title='bbox 1160 2766 1235 2854; x_wconf 88' lang='lat' dir='ltr'><strong>ipse</strong></span> <span class='ocrx_word' id='word_1_185' title='bbox 1258 2767 1353 2836; x_wconf 90' lang='lat' dir='ltr'><strong>mari</strong></span> <span class='ocrx_word' id='word_1_186' title='bbox 1377 2769 1484 2836; x_wconf 88' lang='lat' dir='ltr'><strong>rebus</strong></span> <span class='ocrx_word' id='word_1_187' title='bbox 1507 2765 1585 2853; x_wconf 89' lang='lat' dir='ltr'><strong>illa,</strong></span> <span class='ocrx_word' id='word_1_188' title='bbox 1609 2765 1652 2835; x_wconf 88' lang='lat' dir='ltr'><strong>de</strong></span> <span class='ocrx_word' id='word_1_189' title='bbox 1675 2786 1746 2853; x_wconf 94' lang='lat' dir='ltr'><strong>quo</strong></span> <span class='ocrx_word' id='word_1_190' title='bbox 1776 2768 1946 2837; x_wconf 90' lang='lat' dir='ltr'><strong>adversus</strong></span> <span class='ocrx_word' id='word_1_191' title='bbox 1972 2788 2028 2838; x_wconf 89' lang='lat' dir='ltr'><strong>me</strong></span> <span class='ocrx_word' id='word_1_192' title='bbox 2051 2790 2137 2839; x_wconf 92' lang='lat' dir='ltr'><strong>cau-</strong></span> 
     </span>
     <span class='ocr_line' id='line_1_16' title="bbox 279 2919 2134 3008; baseline 0.003 -20"><span class='ocrx_word' id='word_1_193' title='bbox 279 2919 405 3006; x_wconf 86' lang='lat' dir='ltr'><strong>sabit,</strong></span> <span class='ocrx_word' id='word_1_194' title='bbox 436 2924 472 2988; x_wconf 93' lang='lat' dir='ltr'><strong>et</strong></span> <span class='ocrx_word' id='word_1_195' title='bbox 495 2921 600 2989; x_wconf 82' lang='lat' dir='ltr'><strong>iuxta</strong></span> <span class='ocrx_word' id='word_1_196' title='bbox 623 2921 737 3008; x_wconf 89' lang='lat' dir='ltr'><strong>legem</strong></span> <span class='ocrx_word' id='word_1_197' title='bbox 761 2920 857 2988; x_wconf 89' lang='lat' dir='ltr'><strong>inter</strong></span> <span class='ocrx_word' id='word_1_198' title='bbox 881 2937 946 2986; x_wconf 90' lang='lat' dir='ltr'><strong>nos</strong></span> <span class='ocrx_word' id='word_1_199' title='bbox 969 2919 1053 2988; x_wconf 90' lang='lat' dir='ltr'><strong>inde</strong></span> <span class='ocrx_word' id='word_1_200' title='bbox 1088 2920 1195 2988; x_wconf 88' lang='lat' dir='ltr'><strong>finem</strong></span> <span class='ocrx_word' id='word_1_201' title='bbox 1230 2921 1455 3006; x_wconf 85' lang='lat' dir='ltr'><strong>faceremus;</strong></span> <span class='ocrx_word' id='word_1_202' title='bbox 1491 2924 1545 2990; x_wconf 87' lang='lat' dir='ltr'><strong>set</strong></span> <span class='ocrx_word' id='word_1_203' title='bbox 1569 2923 1763 3008; x_wconf 91' lang='lat' dir='ltr'><strong>antequam</strong></span> <span class='ocrx_word' id='word_1_204' title='bbox 1788 2921 1867 3008; x_wconf 88' lang='lat' dir='ltr'><strong>ipsa</strong></span> <span class='ocrx_word' id='word_1_205' title='bbox 1892 2925 1998 2990; x_wconf 91' lang='lat' dir='ltr'><strong>rebus</strong></span> <span class='ocrx_word' id='word_1_206' title='bbox 2023 2923 2134 2994; x_wconf 90' lang='lat' dir='ltr'><strong>michi</strong></span> 
     </span>
     <span class='ocr_line' id='line_1_17' title="bbox 280 3073 2131 3162; baseline 0.003 -22"><span class='ocrx_word' id='word_1_207' title='bbox 280 3077 516 3142; x_wconf 85' lang='lat' dir='ltr'><strong>monstratam</strong></span> <span class='ocrx_word' id='word_1_208' title='bbox 542 3077 649 3162; x_wconf 88' lang='lat' dir='ltr'><strong>esset,</strong></span> <span class='ocrx_word' id='word_1_209' title='bbox 673 3077 781 3143; x_wconf 89' lang='lat' dir='ltr'><strong>hacta</strong></span> <span class='ocrx_word' id='word_1_210' title='bbox 804 3076 859 3141; x_wconf 90' lang='lat' dir='ltr'><strong>est</strong></span> <span class='ocrx_word' id='word_1_211' title='bbox 882 3075 978 3142; x_wconf 89' lang='lat' dir='ltr'><strong>inter</strong></span> <span class='ocrx_word' id='word_1_212' title='bbox 1001 3091 1065 3141; x_wconf 90' lang='lat' dir='ltr'><strong>nos</strong></span> <span class='ocrx_word' id='word_1_213' title='bbox 1087 3073 1380 3159; x_wconf 88' lang='lat' dir='ltr'><strong>combenlentia,</strong></span> <span class='ocrx_word' id='word_1_214' title='bbox 1404 3076 1446 3140; x_wconf 93' lang='lat' dir='ltr'><strong>ut</strong></span> <span class='ocrx_word' id='word_1_215' title='bbox 1469 3075 1603 3159; x_wconf 88' lang='lat' dir='ltr'><strong>absque</strong></span> <span class='ocrx_word' id='word_1_216' title='bbox 1626 3077 1855 3144; x_wconf 90' lang='lat' dir='ltr'><strong>sacramenta</strong></span> <span class='ocrx_word' id='word_1_217' title='bbox 1878 3081 1913 3144; x_wconf 89' lang='lat' dir='ltr'><strong>et</strong></span> <span class='ocrx_word' id='word_1_218' title='bbox 1935 3077 2014 3145; x_wconf 92' lang='lat' dir='ltr'><strong>sine</strong></span> <span class='ocrx_word' id='word_1_219' title='bbox 2037 3096 2131 3146; x_wconf 91' lang='lat' dir='ltr'><strong>com·</strong></span> 
     </span>
     <span class='ocr_line' id='line_1_18' title="bbox 279 3225 2137 3316; baseline 0.001 -22"><span class='ocrx_word' id='word_1_220' title='bbox 279 3227 456 3314; x_wconf 86' lang='lat' dir='ltr'><strong>positione</strong></span> <span class='ocrx_word' id='word_1_221' title='bbox 480 3226 663 3294; x_wconf 90' lang='lat' dir='ltr'><strong>internos</strong></span> <span class='ocrx_word' id='word_1_222' title='bbox 687 3243 746 3294; x_wconf 91' lang='lat' dir='ltr'><strong>eos</strong></span> <span class='ocrx_word' id='word_1_223' title='bbox 768 3225 1023 3294; x_wconf 87' lang='lat' dir='ltr'><strong>diffineremus.</strong></span> <span class='ocrx_word' id='word_1_224' title='bbox 1048 3227 1186 3312; x_wconf 87' lang='lat' dir='ltr'><strong>Itaque,</strong></span> <span class='ocrx_word' id='word_1_225' title='bbox 1207 3229 1300 3294; x_wconf 87' lang='lat' dir='ltr'><strong>sicut</strong></span> <span class='ocrx_word' id='word_1_226' title='bbox 1324 3227 1419 3294; x_wconf 91' lang='lat' dir='ltr'><strong>inter</strong></span> <span class='ocrx_word' id='word_1_227' title='bbox 1443 3243 1506 3294; x_wconf 92' lang='lat' dir='ltr'><strong>nos</strong></span> <span class='ocrx_word' id='word_1_228' title='bbox 1530 3235 1700 3314; x_wconf 86' lang='lat' dir='ltr'><strong>utrasque</strong></span> <span class='ocrx_word' id='word_1_229' title='bbox 1727 3229 1905 3298; x_wconf 89' lang='lat' dir='ltr'><strong>combenit</strong></span> <span class='ocrx_word' id='word_1_230' title='bbox 1927 3233 1964 3296; x_wconf 90' lang='grc'><strong>11</strong></span> <span class='ocrx_word' id='word_1_231' title='bbox 1980 3231 2137 3316; x_wconf 90' lang='lat' dir='ltr'><strong>compla-</strong></span> 
     </span>
     <span class='ocr_line' id='line_1_19' title="bbox 279 3376 2136 3468; baseline 0.002 -20"><span class='ocrx_word' id='word_1_232' title='bbox 279 3381 385 3468; x_wconf 88' lang='lat' dir='ltr'><strong>cuit,</strong></span> <span class='ocrx_word' id='word_1_233' title='bbox 410 3380 489 3468; x_wconf 89' lang='lat' dir='ltr'><strong>ipsa</strong></span> <span class='ocrx_word' id='word_1_234' title='bbox 512 3380 623 3448; x_wconf 90' lang='lat' dir='ltr'><strong>senda</strong></span> <span class='ocrx_word' id='word_1_235' title='bbox 646 3383 805 3466; x_wconf 90' lang='lat' dir='ltr'><strong>cognata</strong></span> <span class='ocrx_word' id='word_1_236' title='bbox 828 3397 908 3448; x_wconf 90' lang='lat' dir='ltr'><strong>mea</strong></span> <span class='ocrx_word' id='word_1_237' title='bbox 932 3379 1066 3465; x_wconf 87' lang='lat' dir='ltr'><strong>etipse</strong></span> <span class='ocrx_word' id='word_1_238' title='bbox 1089 3379 1183 3447; x_wconf 89' lang='lat' dir='ltr'><strong>mari</strong></span> <span class='ocrx_word' id='word_1_239' title='bbox 1207 3377 1282 3444; x_wconf 89' lang='lat' dir='ltr'><strong>filio</strong></span> <span class='ocrx_word' id='word_1_240' title='bbox 1306 3376 1412 3466; x_wconf 82' lang='lat' dir='ltr'><strong>elue,</strong></span> <span class='ocrx_word' id='word_1_241' title='bbox 1443 3383 1479 3447; x_wconf 90' lang='lat' dir='ltr'><strong>et</strong></span> <span class='ocrx_word' id='word_1_242' title='bbox 1502 3397 1575 3449; x_wconf 92' lang='lat' dir='ltr'><strong>una</strong></span> <span class='ocrx_word' id='word_1_243' title='bbox 1605 3399 1685 3447; x_wconf 95' lang='lat' dir='ltr'><strong>cum</strong></span> <span class='ocrx_word' id='word_1_244' title='bbox 1710 3379 1783 3448; x_wconf 93' lang='lat' dir='ltr'><strong>illis</strong></span> <span class='ocrx_word' id='word_1_245' title='bbox 1809 3387 1902 3450; x_wconf 89' lang='lat' dir='ltr'><strong>esset</strong></span> <span class='ocrx_word' id='word_1_246' title='bbox 1931 3382 2136 3452; x_wconf 87' lang='lat' dir='ltr'><strong>romoaldus</strong></span> 
     </span>
    </p>
   </div>
   <div class='ocr_carea' id='block_1_3' title="bbox 255 3513 2134 3622">
    <p class='ocr_par' dir='ltr' id='par_1_3' title="bbox 255 3513 2134 3622">
     <span class='ocr_line' id='line_1_20' title="bbox 255 3513 2134 3622; baseline 0.001 -21"><span class='ocrx_word' id='word_1_247' title='bbox 255 3513 445 3604; x_wconf 57' lang='lat' dir='ltr'><strong>&#39;notarius</strong></span> <span class='ocrx_word' id='word_1_248' title='bbox 469 3533 717 3604; x_wconf 85' lang='lat' dir='ltr'><strong>advocatorem</strong></span> <span class='ocrx_word' id='word_1_249' title='bbox 742 3531 900 3622; x_wconf 89' lang='lat' dir='ltr'><strong>illorum,</strong></span> <span class='ocrx_word' id='word_1_250' title='bbox 923 3536 1045 3603; x_wconf 88' lang='lat' dir='ltr'><strong>tamen</strong></span> <span class='ocrx_word' id='word_1_251' title='bbox 1070 3531 1182 3620; x_wconf 87' lang='lat' dir='ltr'><strong>ipsius</strong></span> <span class='ocrx_word' id='word_1_252' title='bbox 1203 3532 1347 3601; x_wconf 90' lang='lat' dir='ltr'><strong>mulieri</strong></span> <span class='ocrx_word' id='word_1_253' title='bbox 1363 3531 1557 3600; x_wconf 88' lang='lat' dir='ltr'><strong>secundum</strong></span> <span class='ocrx_word' id='word_1_254' title='bbox 1573 3532 1687 3620; x_wconf 91' lang='lat' dir='ltr'><strong>legem</strong></span> <span class='ocrx_word' id='word_1_255' title='bbox 1701 3532 1735 3601; x_wconf 90' lang='lat' dir='ltr'><strong>ei</strong></span> <span class='ocrx_word' id='word_1_256' title='bbox 1752 3533 2033 3603; x_wconf 87' lang='lat' dir='ltr'><strong>consentientem</strong></span> <span class='ocrx_word' id='word_1_257' title='bbox 2055 3536 2134 3622; x_wconf 88' lang='lat' dir='ltr'><strong>ipse</strong></span> 
     </span>
    </p>
   </div>
   <div class='ocr_carea' id='block_1_4' title="bbox 278 3681 2247 3774">
    <p class='ocr_par' dir='ltr' id='par_1_4' title="bbox 278 3681 2247 3774">
     <span class='ocr_line' id='line_1_21' title="bbox 278 3681 2247 3774; baseline 0.002 -21"><span class='ocrx_word' id='word_1_258' title='bbox 278 3686 373 3755; x_wconf 89' lang='lat' dir='ltr'><strong>mari</strong></span> <span class='ocrx_word' id='word_1_259' title='bbox 398 3685 494 3752; x_wconf 87' lang='lat' dir='ltr'><strong>tilius</strong></span> <span class='ocrx_word' id='word_1_260' title='bbox 517 3686 610 3772; x_wconf 91' lang='lat' dir='ltr'><strong>eius,</strong></span> <span class='ocrx_word' id='word_1_261' title='bbox 635 3685 675 3752; x_wconf 91' lang='lat' dir='ltr'><strong>in</strong></span> <span class='ocrx_word' id='word_1_262' title='bbox 697 3683 800 3752; x_wconf 91' lang='lat' dir='ltr'><strong>cuius</strong></span> <span class='ocrx_word' id='word_1_263' title='bbox 822 3682 1010 3752; x_wconf 88' lang='lat' dir='ltr'><strong>mundium</strong></span> <span class='ocrx_word' id='word_1_264' title='bbox 1032 3701 1070 3751; x_wconf 90' lang='lat' dir='ltr'><strong>se</strong></span> <span class='ocrx_word' id='word_1_265' title='bbox 1093 3681 1368 3769; x_wconf 85' lang='lat' dir='ltr'><strong>palamlaciebat</strong></span> <span class='ocrx_word' id='word_1_266' title='bbox 1390 3701 1480 3771; x_wconf 90' lang='lat' dir='ltr'><strong>esse,</strong></span> <span class='ocrx_word' id='word_1_267' title='bbox 1505 3689 1753 3771; x_wconf 90' lang='lat' dir='ltr'><strong>receperunta</strong></span> <span class='ocrx_word' id='word_1_268' title='bbox 1777 3704 1833 3754; x_wconf 92' lang='lat' dir='ltr'><strong>me</strong></span> <span class='ocrx_word' id='word_1_269' title='bbox 1856 3704 1919 3772; x_wconf 89' lang='lat' dir='ltr'><strong>per</strong></span> <span class='ocrx_word' id='word_1_270' title='bbox 1936 3687 2015 3774; x_wconf 90' lang='lat' dir='ltr'><strong>ipsa</strong></span> <span class='ocrx_word' id='word_1_271' title='bbox 2037 3705 2133 3756; x_wconf 91' lang='lat' dir='ltr'><strong>com·</strong></span> <span class='ocrx_word' id='word_1_272' title='bbox 2244 3735 2247 3742; x_wconf 85' lang='lat'><em>-</em></span> 
     </span>
    </p>
   </div>
   <div class='ocr_carea' id='block_1_5' title="bbox 276 3833 2132 4234">
    <p class='ocr_par' dir='ltr' id='par_1_5' title="bbox 276 3833 2132 4234">
     <span class='ocr_line' id='line_1_22' title="bbox 277 3833 2132 3922; baseline 0 -16"><span class='ocrx_word' id='word_1_273' title='bbox 277 3835 466 3906; x_wconf 89' lang='lat' dir='ltr'><strong>benientia</strong></span> <span class='ocrx_word' id='word_1_274' title='bbox 488 3854 553 3905; x_wconf 82' lang='lat' dir='ltr'><strong>sex</strong></span> <span class='ocrx_word' id='word_1_275' title='bbox 575 3835 659 3904; x_wconf 90' lang='lat' dir='ltr'><strong>anri</strong></span> <span class='ocrx_word' id='word_1_276' title='bbox 682 3836 754 3904; x_wconf 92' lang='lat' dir='ltr'><strong>tari</strong></span> <span class='ocrx_word' id='word_1_277' title='bbox 778 3835 876 3922; x_wconf 91' lang='lat' dir='ltr'><strong>boni,</strong></span> <span class='ocrx_word' id='word_1_278' title='bbox 892 3839 929 3904; x_wconf 91' lang='lat' dir='ltr'><strong>et</strong></span> <span class='ocrx_word' id='word_1_279' title='bbox 944 3851 1008 3921; x_wconf 89' lang='lat' dir='ltr'><strong>per</strong></span> <span class='ocrx_word' id='word_1_280' title='bbox 1032 3838 1233 3921; x_wconf 90' lang='lat' dir='ltr'><strong>susceptum</strong></span> <span class='ocrx_word' id='word_1_281' title='bbox 1255 3833 1431 3921; x_wconf 90' lang='lat' dir='ltr'><strong>launegilt</strong></span> <span class='ocrx_word' id='word_1_282' title='bbox 1454 3833 1713 3904; x_wconf 87' lang='lat' dir='ltr'><strong>relaxaverunt</strong></span> <span class='ocrx_word' id='word_1_283' title='bbox 1727 3839 1764 3904; x_wconf 90' lang='lat' dir='ltr'><strong>et</strong></span> <span class='ocrx_word' id='word_1_284' title='bbox 1779 3836 2003 3906; x_wconf 82' lang='lat' dir='ltr'><strong>donaverunt</strong></span> <span class='ocrx_word' id='word_1_285' title='bbox 2019 3839 2132 3906; x_wconf 88' lang='lat' dir='ltr'><strong>michi</strong></span> 
     </span>
     <span class='ocr_line' id='line_1_23' title="bbox 276 3987 2130 4078; baseline 0 -19"><span class='ocrx_word' id='word_1_286' title='bbox 276 3990 419 4078; x_wconf 87' lang='lat' dir='ltr'><strong>pariter</strong></span> <span class='ocrx_word' id='word_1_287' title='bbox 435 4007 556 4058; x_wconf 90' lang='lat' dir='ltr'><strong>omnes</strong></span> <span class='ocrx_word' id='word_1_288' title='bbox 580 3989 808 4058; x_wconf 87' lang='lat' dir='ltr'><strong>causationes</strong></span> <span class='ocrx_word' id='word_1_289' title='bbox 831 3992 868 4056; x_wconf 94' lang='lat' dir='ltr'><strong>et</strong></span> <span class='ocrx_word' id='word_1_290' title='bbox 891 3991 1022 4056; x_wconf 91' lang='lat' dir='ltr'><strong>cuncte</strong></span> <span class='ocrx_word' id='word_1_291' title='bbox 1042 4005 1186 4056; x_wconf 91' lang='lat' dir='ltr'><strong>suorum</strong></span> <span class='ocrx_word' id='word_1_292' title='bbox 1209 3987 1426 4076; x_wconf 84' lang='lat' dir='ltr'><strong>questiones,</strong></span> <span class='ocrx_word' id='word_1_293' title='bbox 1448 3987 1606 4075; x_wconf 86' lang='lat' dir='ltr'><strong>quitquit</strong></span> <span class='ocrx_word' id='word_1_294' title='bbox 1629 4007 1686 4057; x_wconf 93' lang='lat' dir='ltr'><strong>me</strong></span> <span class='ocrx_word' id='word_1_295' title='bbox 1709 4007 1858 4075; x_wconf 88' lang='lat' dir='ltr'><strong>querere</strong></span> <span class='ocrx_word' id='word_1_296' title='bbox 1881 3987 1937 4060; x_wconf 91' lang='lat' dir='ltr'><strong>vel</strong></span> <span class='ocrx_word' id='word_1_297' title='bbox 1961 3991 2130 4060; x_wconf 91' lang='lat' dir='ltr'><strong>advicere</strong></span> 
     </span>
     <span class='ocr_line' id='line_1_24' title="bbox 276 4137 2128 4234; baseline -0.002 -20"><span class='ocrx_word' id='word_1_298' title='bbox 276 4145 464 4234; x_wconf 86' lang='lat' dir='ltr'><strong>potuerint</strong></span> <span class='ocrx_word' id='word_1_299' title='bbox 486 4143 530 4212; x_wconf 91' lang='lat' dir='ltr'><strong>de</strong></span> <span class='ocrx_word' id='word_1_300' title='bbox 553 4147 683 4212; x_wconf 87' lang='lat' dir='ltr'><strong>cuncta</strong></span> <span class='ocrx_word' id='word_1_301' title='bbox 704 4141 820 4212; x_wconf 92' lang='lat' dir='ltr'><strong>omnis</strong></span> <span class='ocrx_word' id='word_1_302' title='bbox 843 4145 951 4212; x_wconf 91' lang='lat' dir='ltr'><strong>rebus</strong></span> <span class='ocrx_word' id='word_1_303' title='bbox 972 4141 1127 4230; x_wconf 84' lang='lat' dir='ltr'><strong>starile,</strong></span> <span class='ocrx_word' id='word_1_304' title='bbox 1150 4159 1219 4228; x_wconf 91' lang='lat' dir='ltr'><strong>que</strong></span> <span class='ocrx_word' id='word_1_305' title='bbox 1241 4137 1310 4210; x_wconf 84' lang='lat' dir='ltr'><strong>suit</strong></span> <span class='ocrx_word' id='word_1_306' title='bbox 1333 4138 1530 4227; x_wconf 91' lang='lat' dir='ltr'><strong>supradicti</strong></span> <span class='ocrx_word' id='word_1_307' title='bbox 1553 4141 1767 4208; x_wconf 85' lang='lat' dir='ltr'><strong>macbenoltl</strong></span> <span class='ocrx_word' id='word_1_308' title='bbox 1789 4158 1909 4210; x_wconf 89' lang='lat' dir='ltr'><strong>socero</strong></span> <span class='ocrx_word' id='word_1_309' title='bbox 1932 4147 2128 4232; x_wconf 89' lang='lat' dir='ltr'><strong>nostrum,</strong></span> 
     </span>
    </p>
   </div>
   <div class='ocr_carea' id='block_1_6' title="bbox 277 4239 281 4246">
    <p class='ocr_par' dir='ltr' id='par_1_6' title="bbox 277 4239 281 4246">
     <span class='ocr_line' id='line_1_25' title="bbox 277 4239 281 4246; baseline 0 0"><span class='ocrx_word' id='word_1_310' title='bbox 277 4239 281 4246; x_wconf 64' lang='grc' dir='ltr'>ι</span> 
     </span>
    </p>
   </div>
   <div class='ocr_carea' id='block_1_7' title="bbox 277 4269 2123 4384">
    <p class='ocr_par' dir='ltr' id='par_1_7' title="bbox 277 4269 2123 4384">
     <span class='ocr_line' id='line_1_26' title="bbox 277 4269 2123 4384; baseline -0.001 -19"><span class='ocrx_word' id='word_1_311' title='bbox 277 4300 313 4366; x_wconf 90' lang='grc'><strong>11</strong></span> <span class='ocrx_word' id='word_1_312' title='bbox 336 4295 429 4382; x_wconf 89' lang='lat' dir='ltr'><strong>quod</strong></span> <span class='ocrx_word' id='word_1_313' title='bbox 452 4294 561 4364; x_wconf 90' lang='lat' dir='ltr'><strong>michi</strong></span> <span class='ocrx_word' id='word_1_314' title='bbox 586 4297 835 4364; x_wconf 85' lang='lat' dir='ltr'><strong>confirmatum</strong></span> <span class='ocrx_word' id='word_1_315' title='bbox 858 4297 896 4363; x_wconf 90' lang='lat' dir='ltr'><strong>et</strong></span> <span class='ocrx_word' id='word_1_316' title='bbox 918 4291 1076 4382; x_wconf 89' lang='lat' dir='ltr'><strong>pertinet</strong></span> <span class='ocrx_word' id='word_1_317' title='bbox 1098 4291 1274 4380; x_wconf 89' lang='lat' dir='ltr'><strong>possidere</strong></span> <span class='ocrx_word' id='word_1_318' title='bbox 1298 4311 1362 4378; x_wconf 88' lang='lat' dir='ltr'><strong>per</strong></span> <span class='ocrx_word' id='word_1_319' title='bbox 1385 4291 1613 4379; x_wconf 88' lang='lat' dir='ltr'><strong>supradictus</strong></span> <span class='ocrx_word' id='word_1_320' title='bbox 1636 4292 1822 4380; x_wconf 89' lang='lat' dir='ltr'><strong>iaquintus</strong></span> <span class='ocrx_word' id='word_1_321' title='bbox 1845 4269 1997 4384; x_wconf 87' lang='lat' dir='ltr'><strong>cognato</strong></span> <span class='ocrx_word' id='word_1_322' title='bbox 2022 4315 2123 4382; x_wconf 91' lang='lat' dir='ltr'><strong>meus</strong></span> 
     </span>
    </p>
   </div>
   <div class='ocr_carea' id='block_1_8' title="bbox 275 4423 2123 4558">
    <p class='ocr_par' dir='ltr' id='par_1_8' title="bbox 275 4423 2123 4558">
     <span class='ocr_line' id='line_1_27' title="bbox 275 4423 2123 4558; baseline 0.001 -41"><span class='ocrx_word' id='word_1_323' title='bbox 275 4423 466 4536; x_wconf 82' lang='lat' dir='ltr'><strong>virumque</strong></span> <span class='ocrx_word' id='word_1_324' title='bbox 488 4445 602 4535; x_wconf 88' lang='lat' dir='ltr'><strong>ipsius</strong></span> <span class='ocrx_word' id='word_1_325' title='bbox 626 4445 734 4516; x_wconf 89' lang='lat' dir='ltr'><strong>sende</strong></span> <span class='ocrx_word' id='word_1_326' title='bbox 757 4449 794 4514; x_wconf 93' lang='lat' dir='ltr'><strong>et</strong></span> <span class='ocrx_word' id='word_1_327' title='bbox 815 4445 959 4533; x_wconf 90' lang='lat' dir='ltr'><strong>genitor</strong></span> <span class='ocrx_word' id='word_1_328' title='bbox 984 4444 1097 4558; x_wconf 82' lang='lat' dir='ltr'><strong>ipsius</strong></span> <span class='ocrx_word' id='word_1_329' title='bbox 1119 4445 1227 4534; x_wconf 92' lang='lat' dir='ltr'><strong>mari,</strong></span> <span class='ocrx_word' id='word_1_330' title='bbox 1250 4444 1343 4514; x_wconf 90' lang='lat' dir='ltr'><strong>etde</strong></span> <span class='ocrx_word' id='word_1_331' title='bbox 1358 4445 1452 4531; x_wconf 91' lang='lat' dir='ltr'><strong>quod</strong></span> <span class='ocrx_word' id='word_1_332' title='bbox 1466 4447 1546 4532; x_wconf 87' lang='lat' dir='ltr'><strong>ipsa</strong></span> <span class='ocrx_word' id='word_1_333' title='bbox 1561 4446 1672 4515; x_wconf 89' lang='lat' dir='ltr'><strong>senda</strong></span> <span class='ocrx_word' id='word_1_334' title='bbox 1688 4464 1763 4542; x_wconf 79' lang='lat' dir='ltr'><strong>una</strong></span> <span class='ocrx_word' id='word_1_335' title='bbox 1778 4466 1860 4515; x_wconf 91' lang='lat' dir='ltr'><strong>cum</strong></span> <span class='ocrx_word' id='word_1_336' title='bbox 1875 4448 1952 4534; x_wconf 91' lang='lat' dir='ltr'><strong>ipso</strong></span> <span class='ocrx_word' id='word_1_337' title='bbox 1967 4449 2042 4517; x_wconf 86' lang='lat' dir='ltr'><strong>filio</strong></span> <span class='ocrx_word' id='word_1_338' title='bbox 2057 4469 2123 4520; x_wconf 93' lang='lat' dir='ltr'><strong>suo</strong></span> 
     </span>
    </p>
   </div>
   <div class='ocr_carea' id='block_1_9' title="bbox 269 4588 2173 5773">
    <p class='ocr_par' dir='ltr' id='par_1_9' title="bbox 269 4588 2173 5773">
     <span class='ocr_line' id='line_1_28' title="bbox 273 4588 2130 4692; baseline 0.001 -21"><span class='ocrx_word' id='word_1_339' title='bbox 273 4588 336 4692; x_wconf 84' lang='lat' dir='ltr'><strong>per</strong></span> <span class='ocrx_word' id='word_1_340' title='bbox 359 4602 430 4672; x_wconf 91' lang='lat' dir='ltr'><strong>alie</strong></span> <span class='ocrx_word' id='word_1_341' title='bbox 452 4603 521 4672; x_wconf 90' lang='lat' dir='ltr'><strong>due</strong></span> <span class='ocrx_word' id='word_1_342' title='bbox 544 4601 681 4673; x_wconf 90' lang='lat' dir='ltr'><strong>cartule</strong></span> <span class='ocrx_word' id='word_1_343' title='bbox 705 4604 790 4672; x_wconf 89' lang='lat' dir='ltr'><strong>ante</strong></span> <span class='ocrx_word' id='word_1_344' title='bbox 812 4603 876 4668; x_wconf 89' lang='lat' dir='ltr'><strong>hos</strong></span> <span class='ocrx_word' id='word_1_345' title='bbox 900 4617 1015 4669; x_wconf 91' lang='lat' dir='ltr'><strong>annos</strong></span> <span class='ocrx_word' id='word_1_346' title='bbox 1037 4601 1143 4668; x_wconf 89' lang='lat' dir='ltr'><strong>rebus</strong></span> <span class='ocrx_word' id='word_1_347' title='bbox 1166 4616 1251 4668; x_wconf 88' lang='lat' dir='ltr'><strong>suas</strong></span> <span class='ocrx_word' id='word_1_348' title='bbox 1273 4597 1384 4667; x_wconf 91' lang='lat' dir='ltr'><strong>michi</strong></span> <span class='ocrx_word' id='word_1_349' title='bbox 1401 4599 1504 4670; x_wconf 84' lang='lat' dir='ltr'><strong>iuxta</strong></span> <span class='ocrx_word' id='word_1_350' title='bbox 1520 4598 1636 4688; x_wconf 86' lang='lat' dir='ltr'><strong>legem</strong></span> <span class='ocrx_word' id='word_1_351' title='bbox 1651 4601 1956 4672; x_wconf 85' lang='lat' dir='ltr'><strong>confirmaverunt</strong></span> <span class='ocrx_word' id='word_1_352' title='bbox 1979 4621 2130 4692; x_wconf 90' lang='lat' dir='ltr'><strong>asuper</strong></span> 
     </span>
     <span class='ocr_line' id='line_1_29' title="bbox 273 4751 2124 4857; baseline -0.002 -30"><span class='ocrx_word' id='word_1_353' title='bbox 273 4759 368 4846; x_wconf 92' lang='lat' dir='ltr'><strong>illut,</strong></span> <span class='ocrx_word' id='word_1_354' title='bbox 392 4757 485 4845; x_wconf 93' lang='lat' dir='ltr'><strong>quod</strong></span> <span class='ocrx_word' id='word_1_355' title='bbox 509 4756 701 4826; x_wconf 88' lang='lat' dir='ltr'><strong>iamdictus</strong></span> <span class='ocrx_word' id='word_1_356' title='bbox 724 4754 909 4841; x_wconf 91' lang='lat' dir='ltr'><strong>iaquintus</strong></span> <span class='ocrx_word' id='word_1_357' title='bbox 932 4752 988 4820; x_wconf 88' lang='lat' dir='ltr'><strong>vir</strong></span> <span class='ocrx_word' id='word_1_358' title='bbox 1011 4757 1048 4822; x_wconf 90' lang='lat' dir='ltr'><strong>et</strong></span> <span class='ocrx_word' id='word_1_359' title='bbox 1070 4753 1213 4840; x_wconf 90' lang='lat' dir='ltr'><strong>genitor</strong></span> <span class='ocrx_word' id='word_1_360' title='bbox 1235 4770 1360 4822; x_wconf 90' lang='lat' dir='ltr'><strong>eorum</strong></span> <span class='ocrx_word' id='word_1_361' title='bbox 1381 4751 1493 4820; x_wconf 89' lang='lat' dir='ltr'><strong>michi</strong></span> <span class='ocrx_word' id='word_1_362' title='bbox 1516 4754 1767 4857; x_wconf 83' lang='lat' dir='ltr'><strong>confirmatum</strong></span> <span class='ocrx_word' id='word_1_363' title='bbox 1782 4756 1897 4843; x_wconf 90' lang='lat' dir='ltr'><strong>abuit,</strong></span> <span class='ocrx_word' id='word_1_364' title='bbox 1909 4756 2003 4824; x_wconf 90' lang='lat' dir='ltr'><strong>sicut</strong></span> <span class='ocrx_word' id='word_1_365' title='bbox 2019 4775 2124 4843; x_wconf 92' lang='lat' dir='ltr'><strong>supe-</strong></span> 
     </span>
     <span class='ocr_line' id='line_1_30' title="bbox 272 4906 2121 5000; baseline 0.002 -23"><span class='ocrx_word' id='word_1_366' title='bbox 272 4913 351 4980; x_wconf 90' lang='lat' dir='ltr'><strong>rius</strong></span> <span class='ocrx_word' id='word_1_367' title='bbox 372 4912 593 4982; x_wconf 88' lang='lat' dir='ltr'><strong>declaratum</strong></span> <span class='ocrx_word' id='word_1_368' title='bbox 615 4915 692 4981; x_wconf 88' lang='lat' dir='ltr'><strong>est:</strong></span> <span class='ocrx_word' id='word_1_369' title='bbox 718 4910 828 4978; x_wconf 91' lang='lat' dir='ltr'><strong>etiam</strong></span> <span class='ocrx_word' id='word_1_370' title='bbox 851 4913 888 4978; x_wconf 92' lang='lat' dir='ltr'><strong>et</strong></span> <span class='ocrx_word' id='word_1_371' title='bbox 911 4907 949 4975; x_wconf 91' lang='lat' dir='ltr'><strong>ln</strong></span> <span class='ocrx_word' id='word_1_372' title='bbox 972 4906 1096 4977; x_wconf 87' lang='lat' dir='ltr'><strong>eadem</strong></span> <span class='ocrx_word' id='word_1_373' title='bbox 1118 4907 1335 4995; x_wconf 89' lang='lat' dir='ltr'><strong>presentiam</strong></span> <span class='ocrx_word' id='word_1_374' title='bbox 1358 4927 1424 4998; x_wconf 86' lang='lat' dir='ltr'><strong>ego</strong></span> <span class='ocrx_word' id='word_1_375' title='bbox 1446 4909 1510 4996; x_wconf 93' lang='lat' dir='ltr'><strong>qui</strong></span> <span class='ocrx_word' id='word_1_376' title='bbox 1534 4929 1644 4997; x_wconf 89' lang='lat' dir='ltr'><strong>supra</strong></span> <span class='ocrx_word' id='word_1_377' title='bbox 1667 4909 1888 4998; x_wconf 83' lang='lat' dir='ltr'><strong>grimoaldus</strong></span> <span class='ocrx_word' id='word_1_378' title='bbox 1912 4911 2023 4980; x_wconf 87' lang='lat' dir='ltr'><strong>ostedi</strong></span> <span class='ocrx_word' id='word_1_379' title='bbox 2040 4931 2121 5000; x_wconf 93' lang='lat' dir='ltr'><strong>pre·</strong></span> 
     </span>
     <span class='ocr_line' id='line_1_31' title="bbox 271 5061 2126 5155; baseline 0.003 -21"><span class='ocrx_word' id='word_1_380' title='bbox 271 5067 346 5139; x_wconf 89' lang='lat' dir='ltr'><strong>lata</strong></span> <span class='ocrx_word' id='word_1_381' title='bbox 369 5069 563 5155; x_wconf 89' lang='lat' dir='ltr'><strong>monimen,</strong></span> <span class='ocrx_word' id='word_1_382' title='bbox 586 5066 680 5154; x_wconf 91' lang='lat' dir='ltr'><strong>quod</strong></span> <span class='ocrx_word' id='word_1_383' title='bbox 702 5065 812 5134; x_wconf 90' lang='lat' dir='ltr'><strong>michi</strong></span> <span class='ocrx_word' id='word_1_384' title='bbox 836 5083 900 5152; x_wconf 90' lang='lat' dir='ltr'><strong>per</strong></span> <span class='ocrx_word' id='word_1_385' title='bbox 922 5063 1039 5152; x_wconf 91' lang='lat' dir='ltr'><strong>ipsum</strong></span> <span class='ocrx_word' id='word_1_386' title='bbox 1056 5061 1241 5149; x_wconf 89' lang='lat' dir='ltr'><strong>iaquintus</strong></span> <span class='ocrx_word' id='word_1_387' title='bbox 1257 5067 1294 5132; x_wconf 89' lang='lat' dir='ltr'><strong>et</strong></span> <span class='ocrx_word' id='word_1_388' title='bbox 1309 5063 1419 5132; x_wconf 88' lang='lat' dir='ltr'><strong>senda</strong></span> <span class='ocrx_word' id='word_1_389' title='bbox 1434 5067 1470 5132; x_wconf 89' lang='lat' dir='ltr'><strong>et</strong></span> <span class='ocrx_word' id='word_1_390' title='bbox 1486 5063 1579 5132; x_wconf 89' lang='lat' dir='ltr'><strong>mari</strong></span> <span class='ocrx_word' id='word_1_391' title='bbox 1595 5064 1844 5134; x_wconf 83' lang='lat' dir='ltr'><strong>confirmatum</strong></span> <span class='ocrx_word' id='word_1_392' title='bbox 1860 5067 1930 5135; x_wconf 84' lang='lat' dir='ltr'><strong>luit</strong></span> <span class='ocrx_word' id='word_1_393' title='bbox 1948 5067 2126 5140; x_wconf 90' lang='lat' dir='ltr'><strong>iamdicta</strong></span> 
     </span>
     <span class='ocr_line' id='line_1_32' title="bbox 271 5215 2121 5310; baseline 0.003 -22"><span class='ocrx_word' id='word_1_394' title='bbox 271 5223 389 5310; x_wconf 90' lang='lat' dir='ltr'><strong>rebus,</strong></span> <span class='ocrx_word' id='word_1_395' title='bbox 406 5220 498 5309; x_wconf 90' lang='lat' dir='ltr'><strong>quod</strong></span> <span class='ocrx_word' id='word_1_396' title='bbox 511 5225 595 5290; x_wconf 90' lang='lat' dir='ltr'><strong>sunt</strong></span> <span class='ocrx_word' id='word_1_397' title='bbox 606 5217 782 5308; x_wconf 88' lang='lat' dir='ltr'><strong>quadtuor</strong></span> <span class='ocrx_word' id='word_1_398' title='bbox 795 5217 932 5289; x_wconf 88' lang='lat' dir='ltr'><strong>cartule</strong></span> <span class='ocrx_word' id='word_1_399' title='bbox 945 5222 982 5286; x_wconf 91' lang='lat' dir='ltr'><strong>et</strong></span> <span class='ocrx_word' id='word_1_400' title='bbox 994 5237 1106 5285; x_wconf 92' lang='lat' dir='ltr'><strong>unum</strong></span> <span class='ocrx_word' id='word_1_401' title='bbox 1122 5219 1266 5287; x_wconf 90' lang='lat' dir='ltr'><strong>brebem</strong></span> <span class='ocrx_word' id='word_1_402' title='bbox 1282 5215 1480 5288; x_wconf 87' lang='lat' dir='ltr'><strong>divisionis:</strong></span> <span class='ocrx_word' id='word_1_403' title='bbox 1499 5217 1617 5304; x_wconf 90' lang='lat' dir='ltr'><strong>prima</strong></span> <span class='ocrx_word' id='word_1_404' title='bbox 1633 5220 1775 5290; x_wconf 89' lang='lat' dir='ltr'><strong>cartula</strong></span> <span class='ocrx_word' id='word_1_405' title='bbox 1790 5223 1958 5291; x_wconf 91' lang='lat' dir='ltr'><strong>emissam</strong></span> <span class='ocrx_word' id='word_1_406' title='bbox 1973 5223 2012 5292; x_wconf 91' lang='lat' dir='ltr'><strong>in</strong></span> <span class='ocrx_word' id='word_1_407' title='bbox 2024 5241 2121 5296; x_wconf 90' lang='lat' dir='ltr'><strong>anno</strong></span> 
     </span>
     <span class='ocr_line' id='line_1_33' title="bbox 271 5369 2122 5464; baseline 0.003 -21"><span class='ocrx_word' id='word_1_408' title='bbox 271 5380 371 5445; x_wconf 84' lang='lat' dir='ltr'><strong>sexto</strong></span> <span class='ocrx_word' id='word_1_409' title='bbox 393 5372 514 5443; x_wconf 90' lang='lat' dir='ltr'><strong>domni</strong></span> <span class='ocrx_word' id='word_1_410' title='bbox 538 5373 703 5460; x_wconf 90' lang='lat' dir='ltr'><strong>iohanni,</strong></span> <span class='ocrx_word' id='word_1_411' title='bbox 726 5375 763 5442; x_wconf 92' lang='lat' dir='ltr'><strong>et</strong></span> <span class='ocrx_word' id='word_1_412' title='bbox 785 5371 900 5460; x_wconf 91' lang='lat' dir='ltr'><strong>primo</strong></span> <span class='ocrx_word' id='word_1_413' title='bbox 923 5390 1018 5440; x_wconf 91' lang='lat' dir='ltr'><strong>anno</strong></span> <span class='ocrx_word' id='word_1_414' title='bbox 1039 5370 1161 5440; x_wconf 91' lang='lat' dir='ltr'><strong>domni</strong></span> <span class='ocrx_word' id='word_1_415' title='bbox 1184 5370 1366 5460; x_wconf 90' lang='lat' dir='ltr'><strong>guaimari</strong></span> <span class='ocrx_word' id='word_1_416' title='bbox 1382 5369 1449 5439; x_wconf 88' lang='lat' dir='ltr'><strong>filii</strong></span> <span class='ocrx_word' id='word_1_417' title='bbox 1463 5373 1553 5458; x_wconf 91' lang='lat' dir='ltr'><strong>eius,</strong></span> <span class='ocrx_word' id='word_1_418' title='bbox 1570 5373 1717 5460; x_wconf 85' lang='lat' dir='ltr'><strong>gloriosi</strong></span> <span class='ocrx_word' id='word_1_419' title='bbox 1733 5376 1974 5464; x_wconf 88' lang='lat' dir='ltr'><strong>principibus,</strong></span> <span class='ocrx_word' id='word_1_420' title='bbox 1997 5397 2122 5448; x_wconf 89' lang='lat' dir='ltr'><strong>mense</strong></span> 
     </span>
     <span class='ocr_line' id='line_1_34' title="bbox 269 5525 2173 5619; baseline 0.001 -19"><span class='ocrx_word' id='word_1_421' title='bbox 269 5533 428 5619; x_wconf 88' lang='lat' dir='ltr'><strong>octuber,</strong></span> <span class='ocrx_word' id='word_1_422' title='bbox 451 5530 562 5600; x_wconf 88' lang='lat' dir='ltr'><strong>tertia</strong></span> <span class='ocrx_word' id='word_1_423' title='bbox 586 5529 804 5600; x_wconf 88' lang='lat' dir='ltr'><strong>indictione:</strong></span> <span class='ocrx_word' id='word_1_424' title='bbox 829 5529 904 5616; x_wconf 91' lang='lat' dir='ltr'><strong>ipse</strong></span> <span class='ocrx_word' id='word_1_425' title='bbox 927 5527 1110 5616; x_wconf 88' lang='lat' dir='ltr'><strong>iaquinlus</strong></span> <span class='ocrx_word' id='word_1_426' title='bbox 1133 5529 1242 5598; x_wconf 90' lang='lat' dir='ltr'><strong>michi</strong></span> <span class='ocrx_word' id='word_1_427' title='bbox 1267 5525 1497 5598; x_wconf 88' lang='lat' dir='ltr'><strong>medietatem</strong></span> <span class='ocrx_word' id='word_1_428' title='bbox 1519 5526 1563 5596; x_wconf 90' lang='lat' dir='ltr'><strong>de</strong></span> <span class='ocrx_word' id='word_1_429' title='bbox 1586 5527 1703 5596; x_wconf 91' lang='lat' dir='ltr'><strong>omnis</strong></span> <span class='ocrx_word' id='word_1_430' title='bbox 1720 5531 1825 5599; x_wconf 88' lang='lat' dir='ltr'><strong>rebus</strong></span> <span class='ocrx_word' id='word_1_431' title='bbox 1848 5549 1914 5599; x_wconf 88' lang='lat' dir='ltr'><strong>sua</strong></span> <span class='ocrx_word' id='word_1_432' title='bbox 1938 5535 1975 5600; x_wconf 91' lang='lat' dir='ltr'><strong>et</strong></span> <span class='ocrx_word' id='word_1_433' title='bbox 1999 5532 2042 5600; x_wconf 89' lang='lat' dir='ltr'><strong>de</strong></span> <span class='ocrx_word' id='word_1_434' title='bbox 2059 5552 2121 5604; x_wconf 90' lang='lat' dir='ltr'><strong>ca·</strong></span> <span class='ocrx_word' id='word_1_435' title='bbox 2170 5548 2173 5558; x_wconf 88' lang='lat'>·</span> 
     </span>
     <span class='ocr_line' id='line_1_35' title="bbox 269 5680 2115 5773; baseline 0.001 -20"><span class='ocrx_word' id='word_1_436' title='bbox 269 5688 342 5772; x_wconf 89' lang='lat' dir='ltr'><strong>sis,</strong></span> <span class='ocrx_word' id='word_1_437' title='bbox 364 5703 469 5773; x_wconf 92' lang='lat' dir='ltr'><strong>quem</strong></span> <span class='ocrx_word' id='word_1_438' title='bbox 493 5683 554 5752; x_wconf 90' lang='lat' dir='ltr'><strong>ille</strong></span> <span class='ocrx_word' id='word_1_439' title='bbox 576 5682 824 5751; x_wconf 88' lang='lat' dir='ltr'><strong>dominaturus</strong></span> <span class='ocrx_word' id='word_1_440' title='bbox 846 5685 882 5748; x_wconf 90' lang='lat' dir='ltr'><strong>et</strong></span> <span class='ocrx_word' id='word_1_441' title='bbox 903 5696 1126 5767; x_wconf 84' lang='lat' dir='ltr'><strong>possessurus</strong></span> <span class='ocrx_word' id='word_1_442' title='bbox 1148 5687 1227 5751; x_wconf 90' lang='lat' dir='ltr'><strong>erat</strong></span> <span class='ocrx_word' id='word_1_443' title='bbox 1249 5701 1272 5750; x_wconf 91' lang='lat' dir='ltr'><strong>a</strong></span> <span class='ocrx_word' id='word_1_444' title='bbox 1294 5685 1398 5769; x_wconf 91' lang='lat' dir='ltr'><strong>parte</strong></span> <span class='ocrx_word' id='word_1_445' title='bbox 1420 5680 1633 5749; x_wconf 88' lang='lat' dir='ltr'><strong>macbenolli</strong></span> <span class='ocrx_word' id='word_1_446' title='bbox 1656 5682 1814 5770; x_wconf 85' lang='lat' dir='ltr'><strong>genitori</strong></span> <span class='ocrx_word' id='word_1_447' title='bbox 1843 5699 1906 5751; x_wconf 90' lang='lat' dir='ltr'><strong>suo</strong></span> <span class='ocrx_word' id='word_1_448' title='bbox 1918 5732 1928 5772; x_wconf 92' lang='lat'><strong>,</strong></span> <span class='ocrx_word' id='word_1_449' title='bbox 1953 5689 1989 5755; x_wconf 90' lang='grc'><strong>11</strong></span> <span class='ocrx_word' id='word_1_450' title='bbox 2019 5683 2115 5756; x_wconf 86' lang='lat' dir='ltr'><strong>aliut</strong></span> 
     </span>
    </p>
   </div>
   <div class='ocr_carea' id='block_1_10' title="bbox 268 5834 2120 5926">
    <p class='ocr_par' dir='ltr' id='par_1_10' title="bbox 268 5834 2120 5926">
     <span class='ocr_line' id='line_1_36' title="bbox 268 5834 2120 5926; baseline 0.003 -20"><span class='ocrx_word' id='word_1_451' title='bbox 268 5841 497 5910; x_wconf 88' lang='lat' dir='ltr'><strong>continebat:</strong></span> <span class='ocrx_word' id='word_1_452' title='bbox 523 5838 660 5926; x_wconf 88' lang='lat' dir='ltr'><strong>scripta</strong></span> <span class='ocrx_word' id='word_1_453' title='bbox 684 5855 748 5924; x_wconf 89' lang='lat' dir='ltr'><strong>per</strong></span> <span class='ocrx_word' id='word_1_454' title='bbox 771 5835 923 5924; x_wconf 88' lang='lat' dir='ltr'><strong>guisone</strong></span> <span class='ocrx_word' id='word_1_455' title='bbox 947 5837 1108 5922; x_wconf 89' lang='lat' dir='ltr'><strong>notario,</strong></span> <span class='ocrx_word' id='word_1_456' title='bbox 1129 5837 1296 5903; x_wconf 90' lang='lat' dir='ltr'><strong>rovorata</strong></span> <span class='ocrx_word' id='word_1_457' title='bbox 1319 5852 1383 5922; x_wconf 92' lang='lat' dir='ltr'><strong>per</strong></span> <span class='ocrx_word' id='word_1_458' title='bbox 1413 5834 1466 5905; x_wconf 92' lang='grc'><strong>111</strong></span> <span class='ocrx_word' id='word_1_459' title='bbox 1497 5834 1603 5903; x_wconf 83' lang='lat' dir='ltr'><strong>iudex</strong></span> <span class='ocrx_word' id='word_1_460' title='bbox 1633 5841 1670 5906; x_wconf 89' lang='lat' dir='ltr'><strong>et</strong></span> <span class='ocrx_word' id='word_1_461' title='bbox 1701 5837 1747 5906; x_wconf 93' lang='lat' dir='ltr'><strong>ab</strong></span> <span class='ocrx_word' id='word_1_462' title='bbox 1778 5837 1860 5907; x_wconf 88' lang='lat' dir='ltr'><strong>aliis</strong></span> <span class='ocrx_word' id='word_1_463' title='bbox 1890 5841 2008 5909; x_wconf 81' lang='lat' dir='ltr'><strong>testes</strong></span> <span class='ocrx_word' id='word_1_464' title='bbox 2035 5842 2120 5912; x_wconf 80' lang='lat' dir='ltr'><strong>Alia</strong></span> 
     </span>
    </p>
   </div>
   <div class='ocr_carea' id='block_1_11' title="bbox 422 5991 1891 6078">
    <p class='ocr_par' dir='ltr' id='par_1_11' title="bbox 422 5991 1891 6078">
     <span class='ocr_line' id='line_1_37' title="bbox 422 5991 1891 6078; baseline 0.001 -32"><span class='ocrx_word' id='word_1_465' title='bbox 422 5991 494 6049; x_wconf 76' lang='lat' dir='ltr'><strong>lon.</strong></span> <span class='ocrx_word' id='word_1_466' title='bbox 518 6008 544 6049; x_wconf 83' lang='lat' dir='ltr'><strong>r.</strong></span> <span class='ocrx_word' id='word_1_467' title='bbox 1371 6069 1375 6078; x_wconf 31' lang='grc' dir='ltr'>Ι</span> <span class='ocrx_word' id='word_1_468' title='bbox 1876 5991 1891 6048; x_wconf 86' lang='grc'>3</span> 
     </span>
    </p>
   </div>
   <div class='ocr_carea' id='block_1_12' title="bbox 0 0 2712 7098">
    <p class='ocr_par' dir='ltr' id='par_1_12' title="bbox 0 0 2712 7098">
     <span class='ocr_line' id='line_1_38' title="bbox 0 0 2712 7098; baseline 0 0"><span class='ocrx_word' id='word_1_469' title='bbox 0 0 2712 7098; x_wconf 95' lang='lat' dir='ltr'><strong> </strong></span> 
     </span>
    </p>
   </div>
  </div>
 </body>
</html>
