5422 7102
1015 563 1471 648 lllPLOMATICUS
2057 563 2128 636 239

321 797 359 864 et
381 792 534 862 firmiter
559 793 684 863 amodo
707 796 743 862 et
767 812 905 881 semper
930 794 970 862 tu
993 793 1117 880 tuique
1140 793 1334 877 eredibus,
1358 795 1394 860 et
1418 792 1477 859 cui
1500 791 1642 860 cartula
1665 790 1735 860 ista
1759 791 1797 858 in
1821 808 1966 860 manum
1995 791 2175 878 paruerit,

321 945 407 1014 illut
430 947 622 1035 abendam,
637 947 908 1034 dominandum,
923 943 1185 1034 possidendum,
1202 947 1323 1014 omnia
1339 945 1468 1014 exinde
1484 945 1687 1015 faciendum
1703 945 1796 1032 quod
1821 944 2022 1034 volueritis,
2038 947 2174 1033 absque

324 1100 422 1166 omni
446 1104 570 1168 nostra
594 1103 631 1168 et
654 1101 697 1168 de
720 1101 854 1168 nostris
878 1099 1055 1186 eredibus,
1072 1102 1136 1168 aut
1151 1099 1319 1185 cuiquam
1335 1100 1513 1166 ominibus
1529 1098 1786 1169 contrarietate
1804 1099 1860 1167 vel
1883 1098 2154 1186 requisitionem
2162 1119 2171 1185 3

320 1257 358 1320 et
381 1269 446 1338 pro
468 1251 751 1321 confirmandam
776 1255 812 1321 et
834 1249 1127 1320 staviliscendam
1143 1251 1349 1337 supradicta
1366 1255 1489 1319 nostra
1504 1249 1739 1337 bindictione,
1763 1267 1861 1318 nunc
1884 1248 2101 1336 apresentis
2129 1249 2170 1315 in

320 1407 559 1476 communiter
583 1407 782 1494 recepimus
805 1427 828 1477 a
852 1411 887 1475 te
911 1405 1138 1494 supradictus
1161 1409 1284 1491 petrus
1306 1424 1519 1493 germanum
1542 1410 1704 1474 nostrum
1728 1423 1792 1493 pro
1810 1404 1885 1492 ipse
1903 1408 2023 1472 nostre
2050 1403 2175 1488 sortio-

205 1645 212 1652 ,
322 1561 444 1649 nibus,
469 1561 483 1628 i
506 1564 591 1629 sunt
614 1559 696 1628 auri
719 1559 793 1628 tari
817 1557 900 1626 voni
923 1577 987 1646 per
1011 1575 1200 1627 numerum
1217 1558 1347 1647 biginti
1373 1559 1549 1646 quadtuor
1565 1559 1605 1627 in
1622 1558 1738 1626 omnis
1759 1557 2065 1644 deliverationem,
2082 1555 2175 1624 siout

322 1713 416 1782 inter
432 1715 535 1782 nobis
548 1713 802 1798 comvenimus;
828 1711 998 1797 finitoque
1022 1727 1105 1778 vero
1122 1711 1200 1797 ipsa
1218 1716 1342 1780 nostra
1361 1710 1635 1780 bindictionem.
1654 1714 1703 1779 De
1719 1730 1791 1798 qua
1804 1729 1868 1778 nos
1883 1709 2078 1797 supradicti
2095 1729 2174 1798 ger-

322 1861 425 1934 mani
440 1869 562 1934 nostre
584 1883 673 1932 vone
696 1863 902 1933 volumtatis
917 1881 1103 1932 commune
1119 1881 1327 1932 consensum
1343 1865 1479 1952 guadio
1503 1865 1569 1933 tivi
1588 1864 1758 1933 iamdicto
1774 1866 1865 1952 petri
1883 1880 2097 1951 germanum
2112 1879 2176 1929 no-

321 2023 438 2087 strum
454 2017 630 2106 dedimus,
647 2023 683 2086 et
701 2018 913 2088 mediatores
929 2015 995 2085 tivi
1013 2017 1194 2104 posuimus
1210 2035 1274 2084 nos
1292 2017 1385 2104 ipsos
1402 2016 1600 2104 supradicti
1624 2017 1803 2104 germani3
1822 2020 1857 2086 et
1873 2036 1938 2103 per
1955 2018 2033 2103 ipsa
2050 2016 2174 2096 eadem

321 2167 458 2258 guadia
475 2169 712 2258 obligavimus
735 2187 799 2238 nos
822 2175 859 2238 et
879 2170 1013 2238 nostris
1029 2141 1201 2239 'enodibus
1224 2172 1348 2240 amodo
1373 2175 1409 2240 et
1432 2190 1569 2259 semper
1593 2172 1840 2242 antistandum
1856 2174 1892 2240 et
1915 2173 2171 2242 defensandum

322 2322 387 2391 tivi
403 2323 527 2410 tuique
542 2323 707 2392 eredibus
722 2323 849 2392 inclita
865 2321 942 2410 ipsa
959 2322 1167 2409 supradicta
1183 2326 1307 2392 nostra
1319 2322 1538 2390 bindictione
1554 2323 1599 2391 de
1609 2324 1686 2410 ipsa
1702 2323 1872 2392 iamdicta
1888 2343 1974 2394 casa
1990 2324 2036 2392 da
2054 2342 2175 2392 omnes

320 2477 456 2545 omines
479 2475 645 2563 omnique
668 2478 847 2564 partibus,
874 2474 930 2543 cui
956 2495 1019 2562 per
1043 2493 1107 2542 nos
1131 2475 1213 2543 illut
1238 2475 1292 2543 vel
1317 2476 1448 2545 exinde
1472 2477 1610 2566 datum,
1636 2481 1699 2547 aut
1722 2478 1948 2566 obligatum,
1972 2497 2035 2546 seu
2058 2477 2174 2546 mani·

323 2629 503 2718 iestatum,
528 2630 583 2697 vel
606 2629 830 2716 tihingatnm
852 2647 919 2697 exe
943 2631 1119 2716 paruerit,
1144 2631 1201 2698 vel
1225 2632 1286 2717 qui
1310 2649 1375 2718 pro
1399 2635 1523 2699 nostra
1546 2636 1647 2719 parte
1672 2635 1708 2700 et
1730 2632 1854 2700 datum
1872 2630 1938 2699 tivi
1955 2633 2080 2718 tuique
2096 2650 2174 2700 ere·

320 2783 427 2852 dibus
453 2784 535 2854 inde
558 2785 745 2870 emiserit,
771 2788 834 2854 aut
857 2786 1079 2870 preposuerit
1103 2785 1348 2872 quodcumque
1371 2785 1608 2855 causationes.
1634 2787 1681 2852 De
1705 2785 1769 2854 alii
1794 2805 1876 2854 vero
1908 2785 2112 2854 hominibus
2137 2791 2174 2855 et

322 2938 515 3026 partibus,
541 2937 682 3025 quando
706 2937 889 3005 volueritis
912 2957 975 3023 per
998 2955 1059 3004 vos
1083 2937 1169 3025 ipsis
1192 2935 1275 3008 inde
1298 2944 1382 3008 exet
1405 2945 1568 3008 auctores
1592 2943 1628 3008 et
1658 2938 1874 3026 defensores,
1898 2899 2112 3026 potestatem
2136 2945 2172 3009 et

323 3092 507 3164 licentiam
531 3095 669 3164 abeatis
693 3097 733 3161 tu
758 3099 794 3163 et
816 3095 891 3163 tuis
914 3093 1080 3162 eredibus
1104 3113 1184 3161 cnm
1210 3095 1281 3162 ista
1304 3092 1446 3162 cartula
1471 3097 1506 3162 et
1530 3112 1611 3160 oum
1635 3111 1705 3179 quo
1728 3099 1907 3162 monimen
1922 3100 1958 3162 et
1983 3096 2172 3183 rationem,

320 3265 390 3336 que
413 3245 495 3317 inde
520 3251 627 3316 abere
652 3247 853 3335 potueritis,
876 3247 1041 3313 omnibus
1065 3244 1177 3313 modis
1201 3247 1332 3314 exinde
1355 3263 1524 3316 causares
1546 3252 1582 3316 et
1604 3247 1712 3316 finem
1729 3248 1860 3335 facere,
1877 3249 2034 3334 qualiter
2052 3249 2173 3317 bolue-

323 3403 436 3490 ritis,
461 3405 498 3471 et
520 3399 599 3489 ipsa
621 3419 704 3468 oasa
728 3371 797 3486 que
820 3403 873 3467 est
896 3401 1018 3466 nostre
1042 3400 1270 3486 sortionibus,
1296 3399 1378 3468 illut
1400 3401 1499 3468 vobis
1522 3401 1724 3488 defensetis,
1750 3402 1843 3470 sieut
1866 3400 1988 3470 bultis.
2016 3399 2115 3478 Quod
2138 3404 2168 3470 si

321 3557 441 3628 taliter
465 3555 585 3625 omnia
608 3554 856 3642 suprascripta
881 3553 962 3622 illut
986 3555 1086 3621 vobis
1108 3555 1307 3639 vestrisque
1330 3553 1496 3622 eredibus
1519 3571 1591 3620 non
1628 3554 1941 3642 adimpleverimus
1972 3560 2007 3624 et
2038 3555 2172 3643 aliquit

320 3710 450 3780 exinde
472 3711 671 3795 remobere,
695 3712 758 3776 aut
780 3710 958 3793 contrare,
976 3725 1040 3775 seu
1056 3709 1244 3775 retornare
1267 3709 1352 3775 heos
1375 3707 1628 3796 quesierimus,
1655 3710 1976 3796 quomodocumque
1998 3731 2061 3798 per
2085 3730 2171 3798 qua-

320 3863 506 3951 lecumque
528 3864 718 3948 rationem,
742 3865 807 3930 aut
829 3881 892 3949 per
916 3859 1044 3949 quabis
1067 3859 1280 3948 rationibus,
1305 3864 1393 3928 tunc
1417 3879 1480 3948 per
1499 3862 1576 3949 ipsa
1592 3861 1716 3932 eadem
1730 3863 1867 3956 guadia
1883 3882 1946 3951 per
1963 3881 2056 3934 vona
2072 3882 2168 3932 corn-

320 4017 502 4089 venientia
525 4033 735 4104 componere
758 4013 995 4103 obligavimus
1018 4031 1082 4082 nos
1104 4014 1167 4102 qui
1190 4032 1299 4100 supra
1322 4017 1487 4102 germani
1512 4012 1719 4104 nucerinus,
1745 4021 1781 4086 et
1805 4016 1873 4106 leo,
1889 4022 1924 4087 et
1940 4019 2115 4107 stefanus,
2136 4024 2172 4088 et

212 4263 219 4270 ι
319 4171 454 4245 nostris
477 4170 656 4259 eredibus,
680 4169 726 4240 ad
741 4170 1021 4260 componendum
1037 4169 1105 4239 tivi
1131 4170 1298 4240 iamdicto
1321 4170 1414 4258 petri
1430 4188 1643 4259 germanum
1659 4173 1836 4260 nostrum,
1853 4171 1908 4240 vel
1933 4171 1979 4243 ad
2000 4176 2072 4243 tuis
2094 4193 2171 4244 ere-

319 4327 436 4414 dibus,
461 4321 529 4394 seu'
547 4325 604 4392 cui
627 4326 769 4396 cartula
792 4327 862 4395 ista
886 4325 963 4393 vice
986 4327 1105 4394 vestra
1127 4323 1167 4392 in
1189 4343 1336 4394 manum
1358 4323 1534 4412 paruerit,
1560 4326 1714 4414 triginta
1737 4327 1819 4396 auri
1843 4325 1976 4395 solidos
1999 4331 2167 4398 constan·
2257 4299 2260 4306 ⁴

318 4482 444 4570 linos,
467 4487 505 4550 et
527 4482 647 4552 omnia
681 4469 928 4568 suprascripta
952 4478 1034 4548 illut
1057 4477 1155 4546 vobis
1179 4476 1434 4566 adimpleamus
1456 4495 1520 4564 per
1543 4477 1749 4565 supradicta
1771 4478 1905 4566 guadia
1936 4483 1973 4549 et
2007 4481 2144 4570 obligat

318 4653 478 4722 penam,
504 4639 542 4704 et
565 4634 704 4722 questio
727 4639 763 4704 et
784 4633 943 4703 causatio
966 4637 1090 4702 nostra
1112 4635 1148 4702 et
1170 4630 1213 4700 de
1237 4633 1369 4700 nostris
1392 4631 1556 4700 eredibus
1579 4634 1653 4701 sint
1676 4633 1806 4703 exinde
1839 4635 1951 4704 tacita
1974 4642 2010 4706 et
2033 4639 2162 4710 bacua.
2263 4649 2268 4660 ·

317 4787 363 4857 Et
385 4786 508 4857 taliter
531 4789 686 4857 scribere
710 4789 914 4877 rogavimus
938 4791 973 4856 te
997 4787 1120 4874 petrus
1143 4783 1294 4854 clericus
1318 4789 1353 4854 et
1377 4787 1555 4873 notarius,
1579 4786 1701 4854 actum
1721 4757 1806 4856 ¹uius
1830 4787 1990 4858 nucerio.

364 4914 395 5029 †
420 4943 496 5030 Ego
518 4942 579 5029 qni
603 4961 713 5029 supra
736 4943 867 5013 abinus

334 5115 338 5128 ²
362 5067 393 5184 †
418 5097 494 5183 ligo
516 5094 579 5184 qui
602 5113 710 5184 supra
733 5096 824 5164 miro
850 5093 970 5163 iudex.
