5306 7140
84 5983 103 6184 l

988 513 1398 588 illPLOMATlCUS
2028 513 2074 588 57

266 733 375 806 clesie
398 735 502 805 nobis
523 755 596 808 non
619 739 867 828 adimpleberit
889 745 926 810 et
949 741 1080 830 aliquit
1103 743 1186 814 inde
1208 740 1499 830 contradixerit,
1533 761 1596 830 per
1631 741 1709 830 ipsa
1743 741 1877 830 gnadia
1909 760 2121 832 componere

268 887 446 979 obligavit
478 911 514 961 se
542 892 618 980 ipse
646 894 756 962 abbas
778 895 905 982 suique
928 897 1190 965 successoribus
1213 901 1249 966 et
1272 915 1357 983 pars
1380 895 1491 984 ipsius
1513 895 1660 966 ecclesie
1684 896 1773 964 mihi
1798 896 1978 966 nominati
2003 897 2118 986 angili

269 1049 306 1112 et
330 1043 376 1112 ad
400 1044 488 1112 meis
512 1047 703 1115 heredibus
726 1047 858 1136 biginti
882 1050 961 1116 auri
985 1047 1088 1117 solidi
1114 1049 1320 1119 costantini.
1344 1051 1603 1120 Verumtamen
1627 1053 1664 1119 et
1688 1049 1802 1118 licead
1834 1049 1931 1117 omni
1964 1051 2122 1136 tempore

269 1219 353 1286 pars
376 1201 490 1288 ipsius
513 1202 660 1272 ecclesie
684 1203 802 1272 fodere
825 1223 888 1291 per
912 1221 982 1271 uno
1005 1203 1092 1292 loco,
1116 1204 1211 1273 unde
1234 1208 1358 1292 aptum
1382 1206 1557 1294 paruerit,
1581 1225 1643 1294 per
1667 1208 1746 1293 ipsa
1767 1205 1964 1276 traditione
1980 1204 2023 1274 de
2040 1206 2117 1292 ipso

273 1359 462 1425 arbustum
486 1375 549 1443 pro
573 1358 759 1426 arcaturia
781 1357 824 1424 de
847 1357 1019 1425 molinum
1043 1361 1078 1426 et
1102 1377 1197 1446 aqua
1223 1359 1305 1427 inde
1328 1361 1530 1430 ammittere
1554 1361 1599 1430 ad
1623 1362 1738 1448 ipsum
1763 1359 1949 1448 molinum,
1974 1363 2010 1427 ct
2032 1357 2119 1428 ada·

271 1528 383 1596 quare
414 1514 536 1579 ortora
571 1530 640 1598 que
678 1513 774 1581 sacta
796 1513 906 1582 luerit
934 1511 979 1580 ad
1003 1511 1080 1598 ipso
1103 1512 1285 1580 olibetum.
1310 1513 1408 1589 Quod
1431 1513 1558 1601 scripsi
1582 1531 1648 1602 ego
1671 1512 1899 1600 supradictus
1922 1489 2119 1598 myrand'us

270 1666 445 1734 notarius.
1420 1637 1422 1642 ι

319 1790 350 1907 †
375 1821 450 1908 Ego
473 1820 535 1906 qui
560 1839 670 1908 supra
694 1820 788 1890 maio
810 1820 986 1906 presbiter
1010 1824 1046 1888 et
1068 1822 1177 1890 abbas

316 1943 347 2060 †
372 1974 448 2060 Ego
471 1977 594 2062 petrus
617 1974 793 2061 presbiter
816 1978 851 2043 et
874 1974 1099 2062 primicerius

317 2097 348 2215 †
375 2128 451 2215 Ego
474 2126 631 2195 friderisi
654 2129 831 2215 presbiter

319 2251 350 2368 †
375 2281 451 2368 Ego
474 2280 633 2351 ademari
658 2282 824 2352 notarius
848 2301 904 2349 me
927 2281 1119 2369 subscripsi

315 2407 347 2522 †
372 2436 447 2522 Ego
470 2433 661 2503 radoaldus
684 2451 740 2500 1116
764 2434 968 2521 subscripsi.

1003 2682 1409 2694 -—---———-..——..

1063 2965 1340 3047 DCCXLI.

1048 3219 1103 3296 Α.
1132 3217 1339 3303 D.1022.

318 3462 355 3602 †
379 3514 418 3581 ln
443 3513 588 3580 nomine
611 3511 745 3579 domini
761 3530 857 3584 anno
871 3514 1052 3584 tricesimo
1075 3519 1203 3600 quarto
1223 3513 1445 3602 principatus
1461 3513 1582 3582 domni
1598 3515 1712 3582 nostri
1729 3515 1925 3604 guaimari,
1943 3521 1979 3586 et
1995 3521 2126 3604 quarto

275 3686 371 3738 anno
393 3667 619 3756 principatus
641 3666 762 3741 domni
785 3667 966 3756 guaimari
991 3667 1068 3735 eius
1091 3666 1194 3754 filio,
1219 3666 1364 3753 gloriosi
1387 3666 1625 3755 principibus,
1649 3687 1769 3737 mense
1793 3674 1969 3764 agustus,
1994 3671 2122 3756 quinta

277 3821 481 3890 indictione.
507 3824 799 3892 memoratorium
824 3823 957 3890 facturn
980 3841 1003 3888 a
1027 3821 1129 3888 nobis
1152 3820 1258 3888 bocco
1274 3820 1349 3887 filio
1365 3821 1543 3907 quondam
1567 3822 1717 3891 iohanni
1735 3826 1770 3891 et
1785 3828 1907 3910 petrus
1923 3822 1997 3890 filio
2013 3841 2127 3910 quon-

276 3975 356 4044 dam
382 3973 623 4066 constantini,
648 3977 708 4064 qui
742 3991 863 4042 sumus
887 3973 1082 4060 congnati,
1115 3993 1156 4042 eo
1187 3974 1279 4060 quod
1309 3979 1393 4044 61116
1416 3975 1606 4063 subscripti
1632 3979 1764 4063 testes,
1796 3979 1916 4044 tamen
1939 3995 2006 4064 ego
2035 3978 2126 4046 iam·

274 4128 390 4197 dictus
412 4125 536 4216 petrus
558 4131 637 4200 1166
660 4150 740 4199 mea
763 4133 799 4198 et
822 4129 899 4197 vice
923 4145 1062 4216 gemme
1086 4146 1177 4196 uxor
1201 4147 1281 4196 mea
1303 4127 1381 4196 fllia
1404 4128 1601 4216 supradicti
1625 4129 1778 4198 iohanni
1800 4129 2045 4198 coniunsimus
2061 4148 2128 4200 nos

272 4302 351 4352 cum
374 4257 500 4376 petrus
524 4285 676 4353 clericus
698 4283 795 4350 filius
818 4281 997 4369 quondam
1021 4280 1127 4368 petri.
1145 4279 1207 4349 Ille
1232 4284 1351 4350 autem
1375 4281 1523 4350 admisit
1547 4285 1588 4351 et
1612 4282 1710 4352 dedit
1734 4282 1777 4351 de
1799 4287 1898 4353 terra
1915 4301 1981 4352 sua
1996 4284 2127 4354 baciba

273 4435 439 4514 deintus
470 4441 564 4508 hanc
587 4435 846 4507 salernitanam
869 4433 1027 4521 cibitate,
1050 4433 1097 4504 ad
1121 4437 1240 4503 ortum
1264 4453 1461 4524 mangnum
1487 4435 1530 4505 de
1558 4435 1710 4504 latitudo
1733 4437 1916 4506 semmisse
1939 4453 2065 4525 unum,
2088 4442 2125 4506 61

271 4547 341 4662 1166
365 4593 540 4679 amboque
563 4591 710 4678 congati
734 4588 943 4659 admisimus
966 4592 1002 4656 et
1025 4586 1185 4656 dedimus
1209 4588 1252 4658 de
1276 4593 1375 4660 terra
1398 4593 1523 4660 nostra
1546 4587 1675 4658 baciba
1699 4590 1742 4658 de
1766 4589 2049 4680 intuspredicta
2072 4591 2127 4658 ci·

275 4751 388 4820 bitate
414 4749 536 4835 ibique
560 4719 770 4814 coniuntum
794 4744 837 4812 de
862 4741 1014 4812 latitudo
1037 4740 1212 4810 sommissi
1235 4746 1322 4830 trae,
1345 4742 1391 4812 ad
1414 4744 1508 4812 iusto
1530 4742 1655 4830 pedem
1678 4761 1826 4812 manum
1849 4743 1985 4811 homini
2008 4747 2122 4813 totum

273 4905 342 4974 suit
365 4905 638 4987 mensuratum3
663 4904 699 4969 et
722 4899 871 4968 fecimus
893 4899 979 4966 duos
1002 4897 1108 4984 pedes
1130 4895 1173 4964 de
1197 4893 1348 4964 latitudo
1372 4897 1408 4962 61
1430 4913 1493 4980 per
1518 4893 1701 4982 longitudo
1724 4894 1766 4964 de
1790 4894 1979 4965 handitum
2002 4914 2125 4966 comu-

272 5077 318 5126 ne
343 5059 405 5144 qui
429 5061 482 5126 est
504 5075 527 5125 a
549 5074 633 5143 pars
656 5053 816 5141 meridie,
841 5057 877 5121 et
900 5070 1011 5138 usque
1034 5033 1199 5118 streotola
1223 5065 1408 5116 commune
1433 5047 1496 5133 qui
1518 5051 1572 5115 est
1595 5066 1617 5114 a
1641 5047 1804 5135 partibus
1829 5049 2124 5135 septemtrionis,

274 5219 311 5283 in
336 5213 402 5285 tali
429 5213 554 5281 ordine
586 5216 706 5298 partes
729 5209 889 5296 partium
913 5211 991 5294 ipsa
1015 5213 1113 5276 terra
1136 5205 1230 5273 inter
1254 5223 1318 5273 nos
1341 5203 1579 5291 admisimus,
1604 5207 1643 5270 ut
1668 5204 1744 5290 ipse
1766 5209 1888 5292 petrus
1912 5203 2063 5274 clericus
2086 5212 2123 5276 et

272 5387 354 5436 suos
388 5367 509 5435 eredes
544 5366 588 5436 ad
619 5366 735 5433 omnis
757 5382 860 5430 suum
885 5362 1089 5449 espendium
1115 5361 1300 5440 mitterent
1323 5364 1359 5427 et
1383 5358 1563 5428 fabricare
1586 5360 1625 5427 111
1651 5362 1755 5428 ambo
1779 5359 1847 5446 ipsi
1870 5359 1952 5446 pedi
1974 5360 2018 5429 de
2042 5360 2121 5448 ipsa

276 5527 377 5590 terra
393 5539 457 5608 per
472 5519 623 5590 latitudo
645 5519 819 5606 parietem
843 5534 973 5604 vonum
989 5514 1033 5584 ad
1050 5518 1148 5600 petre
1172 5517 1208 5581 et
1230 5511 1377 5582 calceet
1400 5511 1539 5599 pumice
1555 5529 1699 5600 vonum,
1716 5513 1809 5580 sicut
1831 5512 2017 5600 meruerit,
2040 5532 2122 5582 cum

277 5675 551 5744 tundamentum
575 5691 650 5760 suo,
676 5669 768 5739 sicut
791 5671 977 5757 meruerit,
1001 5670 1043 5737 de
1068 5668 1217 5737 latitudo
1240 5667 1414 5773 parietem
1439 5669 1554 5756 ipsum
1577 5667 1683 5754 pedes
1706 5667 1776 5736 duo
1798 5671 1835 5736 61
1857 5685 1920 5756 per
1936 5667 2123 5756 longitudo

277 5831 325 5899 da
351 5831 427 5917 ipso
452 5828 617 5900 auditum
641 5844 791 5896 comune
815 5831 849 5894 et
873 5843 984 5912 usque
1010 5824 1088 5910 ipsa
1111 5822 1277 5894 streotola
1300 5841 1450 5893 comune
1473 5823 1535 5908 qui
1558 5829 1639 5910 est,
1664 5823 1756 5892 sicut
1778 5822 1965 5910 diximus,
1993 5842 2016 5891 6
2037 5841 2123 5910 pars

427 5984 497 6040 1611.
521 6001 547 6040 v.
650 6026 655 6038 .
1915 5975 1930 6030 8
