5318 7134
620 631 643 700 Ξ
1276 619 1450 692 ceotx
1483 617 1749 690 cst'fixsls

581 849 626 918 de
650 849 729 936 ipsa
751 854 920 936 quartam
943 855 1046 937 parte
1068 849 1161 936 quod
1178 848 1247 916 tibi
1264 843 1572 928 beuumdedimns,
1594 860 1662 910 nec
1677 801 1788 910 'nobis
1809 843 1872 929 qui
1894 861 2005 930 supra
2027 847 2212 916 nominato
2233 851 2308 917 rbio
2322 859 2359 919 et
2375 869 2438 919 ne-

583 1007 686 1090 pote,
709 1020 826 1089 neque
849 1023 872 1072 a
894 1004 1026 1071 nostris
1048 1001 1228 1086 eredibus,
1252 1017 1369 1085 neque
1392 1017 1416 1066 a
1437 993 1561 1062 nullus
1582 1013 1762 1082 quemque
1783 995 1963 1062 ominibus
1985 997 2097 1064 nichil
2122 999 2253 1068 exinde
2275 1005 2438 1072 reserba-

586 1155 702 1222 bimus
724 1157 936 1243 portionem,
959 1163 1012 1224 set
1036 1159 1113 1225 tota
1134 1162 1172 1222 et
1194 1153 1323 1221 inclita
1346 1151 1426 1238 ipsa
1448 1153 1619 1236 quartam
1642 1156 1772 1234 parte,
1795 1147 1952 1234 qualiter
1974 1151 2139 1235 superius
2161 1151 2258 1220 dicta
2278 1161 2346 1240 est,
2370 1158 2437 1223 tibi

586 1307 741 1394 predicti
765 1307 838 1375 litti
860 1309 990 1376 exinde
1024 1306 1341 1390 bennmdedimus,
1364 1323 1447 1370 eum
1468 1299 1590 1368 omnia
1611 1299 1708 1366 intro
1730 1317 1768 1366 se
1792 1301 1984 1368 abentibus
2005 1301 2240 1390 omnibusque
2262 1306 2337 1373 suis
2362 1327 2443 1394 per-

587 1459 781 1548 tinentiis,
803 1467 839 1528 et
861 1480 942 1527 cum
965 1460 1043 1527 bice
1065 1460 1109 1526 dc
1134 1460 1194 1527 bia
1216 1478 1297 1543 sua,
1319 1461 1356 1524 et
1377 1475 1460 1523 cum
1484 1455 1601 1540 ipsum
1625 1453 1771 1519 brebem
1794 1452 1889 1538 quod
1912 1457 2077 1540 superius
2099 1455 2374 1546 declarabimus,
2398 1461 2441 1528 ad

590 1615 767 1681 securiter
789 1620 826 1679 ct
849 1613 1000 1680 tirmiter
1023 1612 1150 1682 amodo
1172 1620 1209 1679 et
1230 1629 1369 1696 semper
1403 1611 1444 1674 tu
1475 1618 1511 1673 et
1538 1607 1612 1674 tuis
1634 1605 1803 1673 eredibus
1827 1604 1910 1671 illut
1934 1609 2137 1695 abendam,
2160 1591 2441 1698 dominandum,

585 1763 849 1850 possidendum,
873 1765 995 1832 omnia
1020 1765 1103 1832 inde
1127 1762 1329 1830 laciendum
1353 1760 1446 1846 quod
1473 1759 1685 1846 bolueritis,
1714 1763 1751 1826 et
1772 1777 1837 1846 pro
1859 1759 2139 1828 confirmandam
2161 1766 2197 1828 ct
2219 1763 2441 1830 stabiliscen-

583 1915 667 1984 dam
690 1935 760 1985 anc
783 1930 943 1984 nostram
964 1917 1220 1984 bindictionem
1235 1915 1283 1984 da
1297 1912 1453 2002 presenti
1471 1913 1670 1998 recepimus
1684 1931 1707 1979 a
1723 1915 1758 1978 te
1775 1911 1956 1998 predictus
1974 1911 2052 1980 litto
2067 1917 2244 1980 statutum
2266 1916 2438 2000 pretium,

583 2068 675 2137 idest
697 2071 778 2138 auri
805 2073 878 2138 tari
905 2073 985 2138 boni
1004 2088 1193 2136 numerum
1215 2073 1307 2154 octo,
1330 2069 1424 2134 sicut
1453 2065 1637 2134 internos
1661 2065 1856 2150 combenit,
1881 2063 2053 2149 finitoque
2077 2066 2232 2150 pretium
2257 2067 2334 2152 ipso
2356 2078 2443 2153 aput

585 2240 677 2310 nos;
700 2224 743 2291 de
768 2244 841 2310 qua
863 2244 926 2312 per
949 2226 1042 2293 bona
1064 2221 1365 2291 combenientiam
1394 2221 1530 2308 guadia
1564 2221 1634 2288 tibi
1658 2219 1823 2307 ¹predicti
1846 2218 1919 2285 litti
1943 2217 2131 2302 dedimus,
2154 2225 2191 2286 et
2214 2219 2442 2287 mediatorem

586 2377 653 2444 tibi
676 2380 862 2464 posuimus
886 2396 968 2445 urso
991 2377 1168 2464 presbiter
1191 2375 1288 2442 filius
1319 2375 1453 2443 andree
1477 2374 1633 2441 abitator
1661 2373 1705 2440 de
1729 2372 1846 2438 locum
1870 2369 2084 2438 bantianum
2101 2369 2149 2456 ¹);
2172 2378 2209 2439 et
2231 2391 2295 2458 per
2318 2372 2437 2441 mdem

588 2529 723 2617 guadio
745 2531 946 2616 obligamus
968 2548 1032 2596 nos
1056 2540 1093 2596 et
1116 2530 1247 2595 uostris
1269 2529 1435 2596 eredibus
1458 2525 1707 2596 antistandum
1742 2531 1779 2594 et
1812 2526 2069 2594 defensandum
2104 2527 2170 2594 tibi
2207 2527 2332 2612 tuique
2366 2545 2440 2595 ere

585 2680 691 2749 dibus
716 2687 789 2751 tota
811 2694 848 2749 et
871 2681 998 2749 inclita
1021 2680 1266 2766 suprascripta
1288 2692 1413 2748 nostra
1436 2679 1693 2746 bindictiouem
1733 2677 1782 2745 da
1816 2677 1981 2762 partibus
2004 2680 2175 2745 uxoribus
2197 2690 2315 2745 nostre
2338 2683 2376 2746 et
2397 2679 2440 2745 da

587 2833 641 2902 illi
665 2833 844 2900 ominibus
866 2844 904 2900 et
927 2833 1115 2920 partibus,
1138 2834 1197 2899 cui
1220 2851 1283 2918 per
1308 2849 1368 2898 vos
1394 2831 1476 2899 illul
1501 2831 1556 2898 vel
1579 2831 1711 2899 exinde
1735 2831 1888 2917 datum,
1918 2830 1974 2897 vel
2004 2830 2218 2917 obligatum,
2240 2849 2304 2898 seu
2327 2830 2441 2900 mani-

586 2984 754 3053 festatum
778 2989 871 3051 esset
893 2985 1078 3070 paruerit3
1102 2982 1145 3048 dc
1168 2981 1251 3049 aliis
1276 2983 1358 3048 bero
1382 2983 1562 3049 ominibus
1586 3000 1658 3050 non
1681 2982 1842 3070 queratis
1870 3001 1933 3050 nos
1965 2983 2047 3050 inde
2071 2987 2234 3051 auctores
2263 2987 2300 3050 et
2322 2983 2439 3050 desen·

586 3153 712 3221 sores,
737 3143 791 3204 set
813 3155 893 3202 cum
919 3134 988 3202 ista
1011 3133 1153 3202 cartula
1176 3142 1314 3200 etcum
1340 3133 1450 3200 istum
1474 3136 1643 3222 brebem,
1674 3137 1768 3221 quod
1797 3135 1961 3222 superius
1992 3135 2281 3222 declarabimus,
2303 3141 2438 3202 etcum

585 3290 692 3378 quale
715 3290 791 3358 alia
815 3291 996 3357 monimen
1030 3293 1067 3357 et
1098 3287 1271 3356 rationem
1295 3289 1377 3355 inde
1400 3290 1508 3356 abere
1532 3287 1744 3374 potueritis,
1781 3287 1966 3356 licentiam
1997 3293 2033 3356 et
2063 3292 2271 3373 potestatem
2306 3290 2439 3358 abeatis

589 3443 666 3512 bice
691 3449 814 3512 nostra
837 3444 876 3510 in
899 3442 1063 3510 omnibus
1087 3441 1171 3510 inde
1193 3459 1340 3510 causare
1363 3445 1399 3508 et
1422 3439 1529 3508 finem
1553 3442 1694 3528 lacere,
1718 3440 1810 3508 sicut
1833 3441 1965 3528 vallia,
1988 3449 2024 3508 et
2056 3443 2155 3508 vobis
2184 3441 2267 3508 illut
2300 3443 2436 3510 abeatis

586 3603 623 3667 et
645 3617 709 3686 per
732 3615 793 3663 ros
815 3597 903 3684 ipsis
927 3597 1008 3664 illut
1031 3595 1129 3662 vobis
1151 3595 1357 3680 defensatis3
1383 3595 1412 3660 si
1439 3599 1574 3683 autem,
1599 3598 1694 3664 sicut
1716 3597 1851 3665 dictum
1873 3603 1940 3682 est,
1965 3615 2028 3664 nos
2051 3603 2086 3664 et
2115 3598 2248 3664 nostris
2268 3597 2431 3664 eredibus

585 3769 726 3838 semper
749 3750 873 3819 taliter
896 3748 962 3818 tibi
986 3751 1110 3836 tuique
1133 3750 1297 3817 eredibus
1313 3750 1394 3817 illut
1417 3768 1489 3816 non
1513 3750 1828 3835 defensaberimus,
1853 3750 1907 3818 vel
1924 3749 1955 3816 si
1973 3767 2037 3815 nos
2052 3749 2252 3834 nostrisque
2267 3750 2431 3817 eredibus

584 3904 906 3992 quomodocumque
933 3922 996 3990 per
1019 3903 1280 3990 qualecumque
1302 3904 1480 3974 rationem
1505 3902 1587 3971 illut
1621 3902 1674 3970 vel
1699 3902 1830 3970 exinde
1854 3902 1922 3970 tibi
1955 3903 2081 3988 tuique
2115 3903 2282 3970 eredibus
2309 3901 2429 3970 tollere

587 4063 653 4128 aut
678 4061 844 4127 contrare
877 4059 1145 4144 quesierimus,
1173 4065 1214 4128 et
1237 4059 1481 4145 quodcumque
1505 4061 1730 4127 causationes
1765 4061 1861 4127 vobis
1896 4058 1980 4126 inde
2011 4057 2324 4144 preposuerimus,
2348 4063 2430 4125 ante

584 4211 708 4281 omnia
730 4213 870 4298 questio
893 4215 929 4281 et
952 4213 1112 4283 causatio
1136 4215 1261 4279 nostra
1283 4211 1397 4280 tacita
1419 4217 1455 4280 et
1477 4213 1593 4280 bacua
1615 4217 1677 4299 sit,
1700 4217 1736 4280 et
1760 4211 1960 4299 obligamus
1982 4227 2046 4276 nos
2062 4215 2098 4278 et
2120 4211 2253 4278 nostris
2267 4211 2430 4278 eredibus

585 4384 797 4453 componere
821 4368 889 4436 tibi
913 4369 1039 4453 tuique
1062 4367 1228 4434 eredibus
1251 4364 1382 4453 biginti
1407 4365 1487 4434 auri
1514 4365 1616 4433 solidi
1640 4365 1875 4451 constantini,
1891 4369 1928 4432 et
1944 4363 2028 4430 illut
2042 4365 2141 4430 vobis
2155 4383 2218 4449 per
2236 4364 2432 4432 inbitisde·

586 4519 765 4590 sensemus
787 4541 850 4610 per
875 4521 936 4588 illo
950 4522 1088 4609 ordine,
1112 4523 1206 4590 sicut
1227 4521 1392 4608 superius
1414 4519 1550 4588 dictum
1573 4523 1640 4588 est:
1657 4523 1813 4606 tautum,
1826 4519 1856 4586 si
1871 4518 2065 4604 aliquando
2081 4519 2429 4614 temporeexurserit

583 4675 707 4744 eredes
731 4675 887 4762 ipsorum
912 4675 1146 4763 superscripti
1171 4673 1387 4761 landenolfi,
1422 4678 1459 4742 et
1492 4672 1671 4759 adenolfi,
1705 4677 1741 4739 et
1765 4671 1937 4758 landoni,
1972 4676 2008 4739 et
2034 4671 2208 4757 landolfi,
2246 4677 2310 4740 aut
2333 4673 2427 4758 quis·

584 4849 736 4920 cumque
759 4849 823 4920 pro
845 4849 967 4900 eorum
993 4831 1169 4918 partibus,
1192 4838 1229 4900 et
1251 4831 1411 4900 emiserit
1433 4831 1536 4898 nobis
1571 4830 1614 4897 de
1647 4829 1855 4916 supradicta
1877 4831 1983 4895 rebus
2006 4828 2276 4914 qualiscumque
2301 4847 2426 4896 causa-

585 4985 714 5072 tiones,
739 4985 833 5054 unde
856 4985 959 5052 nobis
981 4985 1203 5053 occasionem
1228 5002 1422 5072 preponere
1447 4989 1577 5070 poseat,
1594 4985 1670 5052 sibe
1685 4983 1727 5051 de
1744 4982 1826 5050 illut
1840 4983 2071 5052 dibidendum
2094 4982 2289 5050 secundum
2315 4981 2429 5068 ipsum

586 5139 729 5206 brebem
753 5139 795 5206 de
819 5139 897 5226 ipsa
920 5141 1220 5226 pastenationem,
1244 5139 1320 5206 sibe
1344 5158 1408 5226 per
1432 5138 1689 5225 qualecumque
1714 5136 1876 5204 ordinem
1898 5155 1962 5223 pro
1985 5135 2063 5222 ipsa
2078 5137 2373 5222 pastenationem,
2390 5139 2428 5202 ut

584 5291 820 5378 coniungatis
843 5310 904 5358 vos
928 5293 1047 5360 uniter
1071 5293 1255 5358 nobiscum
1278 5311 1337 5357 vos
1361 5295 1398 5358 et
1421 5289 1550 5357 vostris
1573 5290 1738 5358 eredibus
1770 5291 1954 5358 nobiseum
1989 5295 2129 5358 etcum
2154 5290 2285 5356 nostris
2319 5287 2431 5356 eredi-

584 5446 648 5514 bus
654 5495 721 5513 .....
746 5447 863 5533 ipsum
887 5446 1029 5513 brebem
1053 5445 1096 5512 de
1121 5445 1197 5530 ipsa
1215 5444 1499 5530 pastenationem
1514 5462 1623 5530 usque
1646 5443 1691 5512 ad
1715 5446 1838 5512 beram
1862 5444 1991 5531 legem,
2007 5449 2043 5511 et
2059 5444 2179 5511 uniter
2194 5442 2311 5529 adque
2335 5459 2427 5508 com-

285 5616 288 5626 '
620 5601 739 5668 uniter
765 5599 849 5668 inde
872 5617 1057 5670 causemus
1081 5617 1191 5684 usque
1216 5597 1261 5665 ad
1284 5599 1405 5665 beram
1430 5601 1464 5664 et
1480 5597 1672 5664 diffinitam
1698 5596 1824 5682 legem,
1849 5601 1885 5662 et
1910 5596 1946 5661 in
1963 5596 2068 5682 quale
2086 5599 2186 5681 parte
2203 5595 2282 5682 ipsa
2298 5601 2424 5682 quarta

52 5985 54 5990 .
66 5619 645 5998 fb
668 5901 804 5976 Bantia,
830 5905 864 5964 in
886 5901 1044 5965 Lucania.
