5422 7102
628 513 697 584 aab
1163 511 1166 516 ’
1292 511 1475 582 CODEX
1517 511 1781 585 CAVENSIS

585 739 764 828 quondam
788 739 937 809 iohanni
964 737 1165 827 presbiteri,
1189 741 1248 827 qui
1274 759 1352 808 sum
1374 744 1633 810 commorantes
1648 742 1746 811 intus
1761 741 1907 813 cibitate
1926 744 2074 834 luceria,
2100 748 2246 816 Declaro
2261 751 2361 819 enim
2383 754 2437 824 in-

584 899 644 986 tus
670 893 708 960 in
732 913 774 962 ac
797 893 958 981 predicta
982 893 1127 962 cibitate
1151 893 1287 960 luceria
1312 910 1433 962 coram
1461 898 1643 981 presentia
1675 896 1852 966 benedicti
1887 897 2015 966 iudicis
2051 903 2088 967 et
2123 901 2205 969 aliis
2236 904 2432 975 nobiliores

586 1047 790 1115 hominibus
814 1048 875 1133 qui
900 1049 959 1115 hic
984 1048 1106 1114 subter
1129 1045 1322 1133 conscripti
1357 1051 1452 1132 sunt,
1477 1049 1561 1133 quia
1588 1049 1825 1134 pertinentem
1849 1048 1938 1117 mihi
1962 1052 2049 1118 abeo
2073 1069 2119 1119 ex
2150 1052 2347 1139 predictum
2377 1079 2436 1146 ge·

586 1167 738 1269 nitorem
763 1219 879 1270 meum
904 1219 976 1268 una
1001 1207 1105 1268 torna
1120 1199 1164 1266 de
1189 1199 1294 1268 vinea
1311 1197 1349 1265 in
1365 1199 1469 1268 excla
1488 1198 1551 1266 illa
1567 1215 1652 1284 pars
1674 1197 1783 1264 dubio
1805 1198 1936 1268 salsnlo
1941 1249 2187 1269 .........
2216 1206 2276 1290 qui
2302 1206 2436 1274 dicitur

587 1355 631 1422 ad
655 1355 732 1440 ipsa
755 1352 984 1439 labandaria,
1009 1355 1134 1420 subtus
1157 1354 1251 1420 lianc
1276 1351 1436 1438 predicta
1465 1351 1611 1417 civitate
1635 1349 1785 1436 luceria,
1812 1369 1880 1435 que
1914 1351 1972 1418 his
2005 1353 2100 1423 dicta
2131 1355 2236 1423 vinea
2261 1373 2326 1441 pro
2349 1359 2437 1426 meis

585 1508 728 1594 magnis
753 1506 1102 1574 necessitatibus..
1127 1506 1212 1572 dum
1236 1505 1346 1572 michi
1371 1505 1514 1572 vindere
1546 1521 1742 1592 congruum
1774 1509 1829 1571 est
1863 1510 1899 1572 et
1935 1523 2014 1574 mea
2046 1465 2273 1594 congruitate
2307 1511 2436 1580 exinde

586 1662 759 1730 conficere
784 1663 904 1730 deboc.
929 1663 1165 1749 Quapropter,
1189 1663 1273 1728 dum
1299 1661 1406 1727 michi
1424 1678 1622 1748 congruum
1639 1665 1675 1726 et
1692 1661 1813 1728 abtum
1831 1677 1907 1728 esse
1925 1661 2081 1746 videtur,
2100 1681 2190 1732 rona
2208 1663 2340 1731 etenim
2357 1685 2436 1734 mea

590 1817 810 1902 volumptate
835 1837 897 1902 per
922 1835 990 1885 ano
1015 1817 1112 1884 enim
1137 1816 1301 1883 videlicet
1324 1815 1500 1884 cartulam
1528 1815 1752 1882 t'indedimus
1768 1816 1846 1916 tibi
1879 1817 2044 1884 michaeli
2051 1866 2233 1883 .......
2259 1819 2436 1904 integram

589 1975 624 2037 et
652 1969 817 2037 funditus
842 1973 954 2057 ipsam
982 1971 1186 2038 iamdictam
1211 1972 1365 2054 vineam,
1391 1968 1545 2062 qualiter
1570 1969 1680 2036 michi
1697 1987 1771 2037 esse
1788 1971 2007 2054 pertinentes
2033 1987 2095 2054 per
2119 1988 2159 2035 ec
2182 1968 2264 2034 finis
2280 1975 2315 2036 et
2339 1989 2435 2038 men-

586 2141 700 2209 sure,
725 2123 880 2209 qualiter
905 2126 943 2190 in
969 2124 1038 2191 ista
1061 2122 1201 2192 cartula
1225 2121 1283 2188 hic
1307 2123 1432 2188 subtus
1454 2120 1671 2190 declaratur.
1698 2124 1745 2188 De
1770 2121 1887 2207 prima
1911 2141 1994 2207 pars
2017 2123 2108 2206 quod
2131 2126 2185 2189 est
2208 2141 2231 2188 a
2254 2119 2369 2190 medio
2393 2123 2434 2188 li-

589 2277 677 2343 mite
701 2280 736 2343 et
759 2276 831 2342 dne
855 2277 932 2361 ipsa
956 2277 1061 2344 vinea
1079 2267 1227 2344 iohanni
1243 2275 1309 2341 filii
1327 2274 1455 2362 gisaldi
1475 2274 1643 2344 abuncoli
1662 2277 1745 2360 mei,
1764 2275 1847 2342 inde
1864 2280 1948 2340 sunt
1972 2276 2015 2342 ad
2035 2276 2167 2342 iustum
2191 2279 2432 2344 mensuratum

585 2430 740 2496 hominis
766 2429 953 2496 mediocris
976 2446 1127 2514 persona
1150 2428 1243 2514 passi
1267 2429 1423 2514 triginta
1447 2433 1617 2515 quinque.
1644 2433 1691 2497 De
1728 2428 1885 2497 secunda
1920 2448 2074 2530 namque
2102 2437 2186 2515 pa‘rs
2209 2429 2302 2514 quod
2336 2434 2433 2496 esta

586 2582 704 2649 medio
731 2582 844 2648 limite
870 2581 999 2648 elfino
1025 2582 1101 2665 ipsa
1125 2582 1229 2648 tinea
1252 2581 1460 2666 madelperti
1484 2583 1685 2667 presbiteri,
1711 2582 1792 2647 inde
1816 2584 1898 2648 sunt
1921 2582 2017 2666 passi
2045 2581 2198 2665 triginta
2221 2583 2359 2647 nobem.
2385 2583 2431 2648 De

586 2736 693 2806 tertia
721 2755 804 2804 rero
829 2756 926 2824 pars,
950 2737 1041 2822 quod
1066 2742 1120 2804 est
1145 2739 1190 2805 ab
1215 2737 1293 2822 ipsa
1316 2738 1375 2804 ria
1399 2737 1542 2823 puplica
1566 2757 1633 2822 que
1659 2737 1757 2804 badit
1779 2739 1874 2806 infra
1891 2738 1966 2823 ipse
1984 2739 2100 2820 vinee,
2122 2737 2205 2804 inde
2221 2741 2305 2804 sunt
2321 2756 2430 2823 usque

585 2891 624 2957 in
649 2891 789 2979 priores
813 2893 902 2959 fines
926 2893 1018 2978 passi
1044 2893 1194 2980 triginta
1220 2911 1302 2958 unc.
1329 2894 1424 2958 lnter
1449 2895 1516 2958 iste
1540 2910 1693 2975 namque
1717 2890 1800 2956 finis
1821 2895 1857 2956 et
1882 2907 2138 2975 mensuraque
2166 2891 2329 2976 superius
2356 2909 2431 2956 cer-

579 3048 676 3114 nitur
692 3052 728 3115 et
743 3047 889 3134 legitur,
915 3047 957 3114 de
981 3050 1051 3115 dne
1075 3049 1113 3114 in
1137 3049 1257 3122 finem,
1277 3049 1450 3132 (quantum
1475 3045 1572 3114 infra
1599 3017 1797 3112 claustrum
1821 3051 1873 3113 est
1896 3047 1938 3112 de
1962 3064 2007 3112 ex
2030 3045 2149 3112 eodem
2180 3045 2313 3130 vinea,
2338 3046 2430 3114 unde

580 3228 644 3276 nec
669 3209 784 3293 nobis,
811 3227 875 3273 neo
900 3207 943 3272 ad
967 3206 1131 3271 enodibus
1153 3205 1297 3288 nostris,
1315 3221 1428 3286 neque
1445 3201 1490 3268 ad
1509 3201 1645 3268 nullum
1662 3177 1863 3285 quempiam
1887 3171 2066 3266 hominem
2092 3201 2142 3266 ibi
2168 3199 2294 3285 aliqua
2315 3203 2428 3286 portio

579 3363 842 3428 reserbabimus
866 3357 1086 3443 requirendi3
1112 3357 1171 3423 Set
1194 3358 1352 3441 qualiter
1375 3355 1555 3422 edificiata
1578 3360 1631 3420 est
1655 3354 1814 3420 eanrdem
1841 3352 1960 3436 vinea,
1989 3373 2059 3420 una
2086 3373 2165 3419 cum
2191 3353 2318 3420 mediis
2337 3353 2428 3420 limi-

585 3517 681 3581 tibus
706 3519 842 3580 etcum
868 3514 935 3579 viis
958 3518 992 3578 et
1015 3511 1150 3578 anditis
1173 3511 1259 3596 suiS,
1284 3516 1423 3578 etcum
1447 3509 1609 3594 legitima
1633 3510 1796 3593 ingressa
1821 3517 1855 3576 et
1880 3527 2041 3594 regressa
2072 3527 2153 3593 sua,
2172 3513 2208 3575 et
2232 3529 2313 3576 cum
2339 3511 2426 3578 infe-

579 3663 658 3730 rius
682 3669 717 3728 et
743 3662 974 3748 superiusque
997 3665 1084 3747 suiS,
1109 3666 1145 3728 et
1168 3681 1250 3728 cum
1274 3663 1461 3730 arboribus
1484 3661 1668 3746 pomiferis
1691 3667 1726 3726 et
1750 3660 1969 3745 inpomiferis
1992 3668 2027 3728 et
2050 3681 2129 3728 cum
2163 3661 2237 3728 suis
2260 3664 2425 3730 omnibus

577 3817 805 3900 pertinentiis
827 3866 836 3901 ,
860 3821 894 3882 et
918 3837 996 3882 cum
1022 3817 1141 3884 omnia
1167 3817 1262 3884 infra
1287 3835 1323 3881 se
1347 3815 1536 3882 ababtibus
1561 3815 1732 3899 integra,
1757 3813 1855 3879 velut
1889 3811 2111 3899 prelegitur,
2144 3814 2223 3899 ipsa
2254 3816 2425 3884 iamdicta

573 3970 678 4036 vinea
702 3969 985 4037 venundedimus
1009 3972 1074 4038 tibi
1099 3970 1288 4037 cuiusdicti
1312 3968 1460 4038 michali
1485 3986 1600 4036 comes
1617 3968 1742 4035 emtori
1769 3975 1889 4036 nostro
1905 3969 2165 4054 possidendum.
2191 3973 2238 4038 De
2261 3992 2331 4057 quo
2354 3993 2419 4059 pro

572 4120 928 4189 constabiliscendam
945 4123 1010 4189 tibi
1029 4128 1136 4208 atque
1152 4122 1433 4202 confirmandam
1449 4125 1543 4190 hane
1559 4125 1684 4190 nostra
1708 4121 1953 4203 vinditiouem,
1970 4124 2150 4192 manifesti
2167 4146 2301 4214 sumus,
2319 4129 2414 4215 quod

566 4293 590 4341 a
614 4281 814 4358 presentem
839 4277 1037 4362 recepimus
1061 4295 1082 4343 a
1106 4281 1140 4343 te
1167 4277 1459 4360 prenominatum
1491 4283 1683 4362 emptorem
1719 4282 1879 4343 nostrum
1913 4275 2053 4343 finitum
2090 4279 2245 4363 pretium
2280 4282 2417 4350 duobus

568 4431 672 4497 solidi
698 4432 840 4497 soterici
864 4430 945 4495 voni
971 4449 1033 4515 per
1058 4433 1179 4516 caput3
1205 4385 1348 4512 finitum
1373 4433 1427 4494 est
1451 4429 1558 4513 enim,
1576 4430 1626 4496 Ea
1642 4427 1805 4496 videlicet
1829 4431 1980 4514 ratione,
2005 4435 2049 4496 ut
2067 4432 2191 4498 amodo
2216 4437 2251 4499 et
2275 4452 2413 4520 semper

565 4583 691 4650 eadem
717 4589 840 4658 nostra
863 4583 1058 4649 vinditiono
1082 4584 1240 4674 integra,
1265 4580 1422 4666 qualiter
1448 4578 1672 4665 prelegitur,
1698 4581 1803 4646 abero
1827 4585 1862 4646 et
1894 4579 2069 4666 possidere
2103 4583 2253 4652 baleatis
2271 4591 2342 4684 ,et
2366 4587 2417 4657 fa-

565 4733 672 4800 ciatis
695 4733 839 4818 exinde,
865 4731 1173 4817 quemammodum
1196 4733 1262 4797 tibi
1290 4732 1342 4797 iel
1368 4739 1404 4797 at
1429 4732 1501 4797 tuis
1524 4731 1688 4798 eredibus
1712 4731 1899 4815 placuerit,
1917 4733 1993 4798 sine
2017 4742 2140 4802 nostra
2164 4741 2200 4802 et
2222 4739 2264 4805 de
2284 4738 2417 4806 nostris

563 4887 728 4964 eredibus
753 4883 998 4968 requisitione.
1024 4883 1122 4948 Unde
1147 4881 1282 4966 guadia
1307 4883 1370 4947 tibi
1402 4883 1562 4949 dedimus
1591 4891 1626 4950 et
1658 4885 1888 4952 mediatorem
1925 4886 1990 4952 tibi
2027 4887 2206 4970 posuimus
2241 4891 2412 4959 musando

564 5001 659 5107 filius
683 5040 810 5126 lupini,
838 5045 873 5106 et
897 5037 1095 5123 obligamus
1121 5055 1183 5101 nos
1207 5043 1242 5103 et
1266 5037 1398 5102 nostris
1423 5038 1522 5105 vobis
1545 5039 1742 5106 cuiusdicto
1774 5041 1923 5125 emptori
1952 5045 2069 5106 nostro
2102 5048 2137 5109 et
2165 5049 2202 5109 at
2230 5046 2302 5110 tuis
2327 5044 2416 5112 obli-

562 5214 689 5281 gamus
714 5194 890 5279 eredibus,
919 5201 957 5259 ut
982 5210 1050 5258 ane
1076 5193 1197 5255 nostra
1223 5189 1420 5256 vinditione
1444 5191 1601 5276 integra,
1619 5194 1773 5278 qualiter
1791 5194 1998 5282 prelegitur,
2023 5213 2087 5262 nos
2110 5197 2206 5262 robis
2232 5200 2277 5262 att
2301 5202 2417 5266 omni-

565 5353 632 5420 bus
656 5350 861 5420 hominibus
886 5353 931 5417 ab
956 5350 1120 5434 omnique
1146 5347 1311 5433 partibus
1335 5349 1508 5416 antistare
1533 5357 1568 5415 et
1585 5348 1772 5416 defendere
1789 5349 1990 5434 debeamus3
2011 5351 2101 5434 quod
2125 5351 2154 5414 si
2181 5349 2412 5437 noluerimus,

568 5511 633 5573 aut
656 5506 685 5572 si
711 5523 775 5571 nos
799 5505 884 5589 ipsis
907 5521 970 5590 per
995 5501 1119 5588 quavis
1144 5501 1328 5585 ingenium
1354 5519 1420 5568 anc
1445 5509 1571 5604 nostra
1591 5503 1785 5569 vinditione
1811 5505 1909 5569 volsis
1935 5508 2118 5570 retornare
2146 5507 2209 5570 aut
2233 5507 2412 5572 remobere

563 5657 827 5744 quesierimuS,
853 5655 978 5742 primis
1002 5655 1158 5719 omnium
1185 5654 1321 5738 questio
1345 5656 1380 5719 et
1405 5655 1563 5721 causatio
1596 5659 1716 5720 nostra
1740 5652 1821 5720 inde
1846 5655 1918 5720 sint
1942 5657 2080 5731 bactra,
2106 5659 2143 5722 et
2165 5654 2285 5722 decem
2309 5656 2409 5722 aurei

562 5811 665 5878 solidi
693 5810 911 5879 constantini
936 5816 1075 5876 nostros
1100 5807 1220 5874 eredes
1245 5806 1343 5872 robis
1380 5808 1577 5890 uestrisque
1614 5805 1779 5873 eredibus
1815 5823 2022 5890 componere
2059 5807 2285 5893 obligamuS,
2313 5813 2347 5874 et
2372 5809 2411 5874 iu
