<?xml version="1.0" encoding="UTF-8"?>
<!DOCTYPE html PUBLIC "-//W3C//DTD XHTML 1.0 Transitional//EN"
    "http://www.w3.org/TR/xhtml1/DTD/xhtml1-transitional.dtd">
<html xmlns="http://www.w3.org/1999/xhtml" xml:lang="en" lang="en">
 <head>
  <title>
</title>
<meta http-equiv="Content-Type" content="text/html;charset=utf-8" />
  <meta name='ocr-system' content='tesseract 3.04.00' />
  <meta name='ocr-capabilities' content='ocr_page ocr_carea ocr_par ocr_line ocrx_word'/>
</head>
<body>
  <div class='ocr_page' id='page_1' title='image "./codexdiplomatic03aragoog_0040.png"; bbox 0 0 5414 7098; ppageno 0'>
   <div class='ocr_carea' id='block_1_1' title="bbox 18 5909 163 5943">
    <p class='ocr_par' dir='ltr' id='par_1_1' title="bbox 18 5909 163 5943">
     <span class='ocr_line' id='line_1_1' title="bbox 18 5909 163 5943; baseline 0 0"><span class='ocrx_word' id='word_1_1' title='bbox 18 5909 163 5943; x_wconf 52' lang='lat' dir='ltr'>‘&#39;N-„a</span> 
     </span>
    </p>
   </div>
   <div class='ocr_carea' id='block_1_2' title="bbox 164 5868 255 5919">
    <p class='ocr_par' dir='ltr' id='par_1_2' title="bbox 164 5868 255 5919">
     <span class='ocr_line' id='line_1_2' title="bbox 164 5868 255 5919; baseline 0 0"><span class='ocrx_word' id='word_1_2' title='bbox 164 5868 255 5919; x_wconf 60' lang='lat' dir='ltr'>s*</span> 
     </span>
    </p>
   </div>
   <div class='ocr_carea' id='block_1_3' title="bbox 257 5745 487 5866">
    <p class='ocr_par' dir='ltr' id='par_1_3' title="bbox 257 5745 487 5866">
     <span class='ocr_line' id='line_1_3' title="bbox 257 5745 487 5866; baseline 0 -28"><span class='ocrx_word' id='word_1_3' title='bbox 257 5745 487 5866; x_wconf 56' lang='lat' dir='ltr'>fs</span> 
     </span>
    </p>
   </div>
   <div class='ocr_carea' id='block_1_4' title="bbox 621 527 1742 604">
    <p class='ocr_par' dir='ltr' id='par_1_4' title="bbox 621 527 1742 604">
     <span class='ocr_line' id='line_1_4' title="bbox 621 527 1742 604; baseline 0.001 -4"><span class='ocrx_word' id='word_1_4' title='bbox 621 532 645 600; x_wconf 78' lang='lat' dir='ltr'>d</span> <span class='ocrx_word' id='word_1_5' title='bbox 1260 531 1435 604; x_wconf 83' lang='lat' dir='ltr'>CODEX</span> <span class='ocrx_word' id='word_1_6' title='bbox 1478 527 1742 602; x_wconf 73' lang='lat' dir='ltr'>CAVENSIS</span> 
     </span>
    </p>
   </div>
   <div class='ocr_carea' id='block_1_5' title="bbox 574 759 2432 2234">
    <p class='ocr_par' dir='ltr' id='par_1_5' title="bbox 574 759 2432 2234">
     <span class='ocr_line' id='line_1_5' title="bbox 575 759 2430 870; baseline 0.003 -42"><span class='ocrx_word' id='word_1_7' title='bbox 575 769 765 870; x_wconf 79' lang='lat' dir='ltr'>macenare</span> <span class='ocrx_word' id='word_1_8' title='bbox 800 759 909 828; x_wconf 92' lang='lat' dir='ltr'>michi</span> <span class='ocrx_word' id='word_1_9' title='bbox 944 760 1118 832; x_wconf 87' lang='lat' dir='ltr'>nominati</span> <span class='ocrx_word' id='word_1_10' title='bbox 1153 761 1309 850; x_wconf 85' lang='lat' dir='ltr'>gualleri</span> <span class='ocrx_word' id='word_1_11' title='bbox 1344 759 1459 827; x_wconf 90' lang='lat' dir='ltr'>omnis</span> <span class='ocrx_word' id='word_1_12' title='bbox 1493 777 1647 846; x_wconf 86' lang='lat' dir='ltr'>granum</span> <span class='ocrx_word' id='word_1_13' title='bbox 1682 777 1801 828; x_wconf 92' lang='lat' dir='ltr'>meum</span> <span class='ocrx_word' id='word_1_14' title='bbox 1838 764 1971 848; x_wconf 81' lang='lat' dir='ltr'><strong>absque</strong></span> <span class='ocrx_word' id='word_1_15' title='bbox 2011 763 2208 849; x_wconf 84' lang='lat' dir='ltr'>molitura,</span> <span class='ocrx_word' id='word_1_16' title='bbox 2247 767 2341 852; x_wconf 93' lang='lat' dir='ltr'>quod</span> <span class='ocrx_word' id='word_1_17' title='bbox 2377 768 2430 835; x_wconf 91' lang='lat' dir='ltr'>ibi</span> 
     </span>
     <span class='ocr_line' id='line_1_6' title="bbox 577 913 2423 1006; baseline 0.005 -28"><span class='ocrx_word' id='word_1_18' title='bbox 577 913 895 1000; x_wconf 77' lang='lat' dir='ltr'>mandaverimuS,</span> <span class='ocrx_word' id='word_1_19' title='bbox 926 915 1024 982; x_wconf 91' lang='lat' dir='ltr'>etin</span> <span class='ocrx_word' id='word_1_20' title='bbox 1048 933 1133 1002; x_wconf 87' lang='lat' dir='ltr'>pars</span> <span class='ocrx_word' id='word_1_21' title='bbox 1158 915 1270 1002; x_wconf 90' lang='lat' dir='ltr'>ipsius</span> <span class='ocrx_word' id='word_1_22' title='bbox 1294 914 1487 981; x_wconf 72' lang='lat' dir='ltr'><strong>monasteri</strong></span> <span class='ocrx_word' id='word_1_23' title='bbox 1512 919 1743 984; x_wconf 83' lang='lat' dir='ltr'>macerarent</span> <span class='ocrx_word' id='word_1_24' title='bbox 1771 934 1834 1002; x_wconf 87' lang='lat' dir='ltr'>per</span> <span class='ocrx_word' id='word_1_25' title='bbox 1866 915 1982 984; x_wconf 92' lang='lat' dir='ltr'>omnis</span> <span class='ocrx_word' id='word_1_26' title='bbox 2011 917 2069 986; x_wconf 88' lang='lat' dir='ltr'>die</span> <span class='ocrx_word' id='word_1_27' title='bbox 2100 917 2246 1006; x_wconf 87' lang='lat' dir='ltr'>sapati,</span> <span class='ocrx_word' id='word_1_28' title='bbox 2279 920 2355 988; x_wconf 87' lang='lat' dir='ltr'>sibe</span> <span class='ocrx_word' id='word_1_29' title='bbox 2379 923 2423 989; x_wconf 90' lang='lat' dir='ltr'>de</span> 
     </span>
     <span class='ocr_line' id='line_1_7' title="bbox 577 1067 2431 1162; baseline 0.005 -30"><span class='ocrx_word' id='word_1_30' title='bbox 577 1069 694 1154; x_wconf 87' lang='lat' dir='ltr'>nocte,</span> <span class='ocrx_word' id='word_1_31' title='bbox 718 1067 834 1134; x_wconf 92' lang='lat' dir='ltr'>omnis</span> <span class='ocrx_word' id='word_1_32' title='bbox 859 1086 1012 1154; x_wconf 85' lang='lat' dir='ltr'>granum</span> <span class='ocrx_word' id='word_1_33' title='bbox 1048 1069 1110 1154; x_wconf 90' lang='lat' dir='ltr'>qui</span> <span class='ocrx_word' id='word_1_34' title='bbox 1141 1067 1272 1134; x_wconf 81' lang='lat' dir='ltr'>ibidem</span> <span class='ocrx_word' id='word_1_35' title='bbox 1304 1067 1558 1154; x_wconf 88' lang='lat' dir='ltr'>mandaverit,</span> <span class='ocrx_word' id='word_1_36' title='bbox 1581 1068 1713 1151; x_wconf 82' lang='lat' dir='ltr'>absque</span> <span class='ocrx_word' id='word_1_37' title='bbox 1735 1067 1917 1137; x_wconf 82' lang='lat' dir='ltr'>molitura.</span> <span class='ocrx_word' id='word_1_38' title='bbox 1942 1069 2041 1138; x_wconf 90' lang='lat' dir='ltr'>Unde</span> <span class='ocrx_word' id='word_1_39' title='bbox 2064 1069 2103 1137; x_wconf 92' lang='lat' dir='ltr'>in</span> <span class='ocrx_word' id='word_1_40' title='bbox 2126 1088 2167 1138; x_wconf 91' lang='lat' dir='ltr'>eo</span> <span class='ocrx_word' id='word_1_41' title='bbox 2194 1071 2345 1140; x_wconf 91' lang='lat' dir='ltr'>hordine</span> <span class='ocrx_word' id='word_1_42' title='bbox 2367 1094 2431 1162; x_wconf 91' lang='lat' dir='ltr'>per</span> 
     </span>
     <span class='ocr_line' id='line_1_8' title="bbox 578 1219 2428 1312; baseline 0.005 -28"><span class='ocrx_word' id='word_1_43' title='bbox 578 1237 671 1290; x_wconf 88' lang='lat' dir='ltr'>vona</span> <span class='ocrx_word' id='word_1_44' title='bbox 696 1221 960 1289; x_wconf 87' lang='lat' dir='ltr'>combenientia</span> <span class='ocrx_word' id='word_1_45' title='bbox 983 1221 1117 1308; x_wconf 87' lang='lat' dir='ltr'>guadia</span> <span class='ocrx_word' id='word_1_46' title='bbox 1141 1220 1243 1286; x_wconf 90' lang='lat' dir='ltr'>nobis</span> <span class='ocrx_word' id='word_1_47' title='bbox 1268 1221 1342 1308; x_wconf 90' lang='lat' dir='ltr'>ipse</span> <span class='ocrx_word' id='word_1_48' title='bbox 1366 1221 1539 1290; x_wconf 91' lang='lat' dir='ltr'>iohannes</span> <span class='ocrx_word' id='word_1_49' title='bbox 1562 1219 1679 1308; x_wconf 90' lang='lat' dir='ltr'>dedit,</span> <span class='ocrx_word' id='word_1_50' title='bbox 1703 1225 1738 1290; x_wconf 90' lang='lat' dir='ltr'>et</span> <span class='ocrx_word' id='word_1_51' title='bbox 1771 1222 2001 1291; x_wconf 89' lang='lat' dir='ltr'>mediatorem</span> <span class='ocrx_word' id='word_1_52' title='bbox 2030 1225 2132 1292; x_wconf 90' lang='lat' dir='ltr'>nobis</span> <span class='ocrx_word' id='word_1_53' title='bbox 2156 1227 2292 1312; x_wconf 78' lang='lat' dir='ltr'>posuit:</span> <span class='ocrx_word' id='word_1_54' title='bbox 2319 1227 2428 1296; x_wconf 87' lang='lat' dir='ltr'>miehi</span> 
     </span>
     <span class='ocr_line' id='line_1_9' title="bbox 578 1372 2429 1463; baseline 0.004 -22"><span class='ocrx_word' id='word_1_55' title='bbox 578 1375 735 1461; x_wconf 79' lang='lat' dir='ltr'>guaiferi</span> <span class='ocrx_word' id='word_1_56' title='bbox 758 1377 877 1461; x_wconf 80' lang='lat' dir='ltr'>posuit</span> <span class='ocrx_word' id='word_1_57' title='bbox 900 1375 1096 1442; x_wconf 84' lang='lat' dir='ltr'>mediatore</span> <span class='ocrx_word' id='word_1_58' title='bbox 1120 1376 1241 1460; x_wconf 92' lang='lat' dir='ltr'>petrus</span> <span class='ocrx_word' id='word_1_59' title='bbox 1264 1390 1379 1440; x_wconf 89' lang='lat' dir='ltr'>comes</span> <span class='ocrx_word' id='word_1_60' title='bbox 1403 1372 1500 1442; x_wconf 84' lang='lat' dir='ltr'>filius</span> <span class='ocrx_word' id='word_1_61' title='bbox 1523 1374 1702 1462; x_wconf 91' lang='lat' dir='ltr'>quondam</span> <span class='ocrx_word' id='word_1_62' title='bbox 1726 1375 1870 1463; x_wconf 81' lang='lat' dir='ltr'>alfani,</span> <span class='ocrx_word' id='word_1_63' title='bbox 1906 1380 1942 1444; x_wconf 92' lang='lat' dir='ltr'>et</span> <span class='ocrx_word' id='word_1_64' title='bbox 1966 1375 2076 1445; x_wconf 87' lang='lat' dir='ltr'>michi</span> <span class='ocrx_word' id='word_1_65' title='bbox 2108 1378 2283 1448; x_wconf 89' lang='lat' dir='ltr'>nominati</span> <span class='ocrx_word' id='word_1_66' title='bbox 2307 1381 2429 1448; x_wconf 87' lang='lat' dir='ltr'>abbati</span> 
     </span>
     <span class='ocr_line' id='line_1_10' title="bbox 579 1525 2429 1618; baseline 0.004 -25"><span class='ocrx_word' id='word_1_67' title='bbox 579 1527 775 1596; x_wconf 85' lang='lat' dir='ltr'>mediatore</span> <span class='ocrx_word' id='word_1_68' title='bbox 800 1529 919 1615; x_wconf 90' lang='lat' dir='ltr'>posuit</span> <span class='ocrx_word' id='word_1_69' title='bbox 941 1531 1062 1614; x_wconf 91' lang='lat' dir='ltr'>petrus</span> <span class='ocrx_word' id='word_1_70' title='bbox 1085 1525 1181 1594; x_wconf 87' lang='lat' dir='ltr'>filius</span> <span class='ocrx_word' id='word_1_71' title='bbox 1205 1526 1375 1612; x_wconf 84' lang='lat' dir='ltr'>arechisi3</span> <span class='ocrx_word' id='word_1_72' title='bbox 1399 1529 1435 1592; x_wconf 89' lang='lat' dir='ltr'>et</span> <span class='ocrx_word' id='word_1_73' title='bbox 1459 1544 1522 1612; x_wconf 90' lang='lat' dir='ltr'>per</span> <span class='ocrx_word' id='word_1_74' title='bbox 1549 1525 1627 1612; x_wconf 88' lang='lat' dir='ltr'>ipsa</span> <span class='ocrx_word' id='word_1_75' title='bbox 1650 1525 1784 1612; x_wconf 90' lang='lat' dir='ltr'>guadia</span> <span class='ocrx_word' id='word_1_76' title='bbox 1808 1525 1981 1613; x_wconf 88' lang='lat' dir='ltr'>obligavit</span> <span class='ocrx_word' id='word_1_77' title='bbox 2005 1546 2043 1596; x_wconf 90' lang='lat' dir='ltr'>se</span> <span class='ocrx_word' id='word_1_78' title='bbox 2066 1533 2102 1598; x_wconf 90' lang='lat' dir='ltr'>et</span> <span class='ocrx_word' id='word_1_79' title='bbox 2125 1548 2206 1598; x_wconf 92' lang='lat' dir='ltr'>suos</span> <span class='ocrx_word' id='word_1_80' title='bbox 2229 1531 2363 1618; x_wconf 89' lang='lat' dir='ltr'>eredes,</span> <span class='ocrx_word' id='word_1_81' title='bbox 2389 1541 2429 1599; x_wconf 92' lang='lat' dir='ltr'>ut</span> 
     </span>
     <span class='ocr_line' id='line_1_11' title="bbox 582 1677 2430 1772; baseline 0.004 -26"><span class='ocrx_word' id='word_1_82' title='bbox 582 1682 613 1750; x_wconf 91' lang='lat' dir='ltr'>si</span> <span class='ocrx_word' id='word_1_83' title='bbox 637 1680 772 1767; x_wconf 89' lang='lat' dir='ltr'>taliter,</span> <span class='ocrx_word' id='word_1_84' title='bbox 797 1683 891 1748; x_wconf 89' lang='lat' dir='ltr'>sicut</span> <span class='ocrx_word' id='word_1_85' title='bbox 914 1679 1048 1748; x_wconf 87' lang='lat' dir='ltr'>dictum</span> <span class='ocrx_word' id='word_1_86' title='bbox 1071 1683 1138 1766; x_wconf 89' lang='lat' dir='ltr'>est,</span> <span class='ocrx_word' id='word_1_87' title='bbox 1162 1679 1264 1746; x_wconf 88' lang='lat' dir='ltr'>nobis</span> <span class='ocrx_word' id='word_1_88' title='bbox 1288 1695 1359 1745; x_wconf 90' lang='lat' dir='ltr'>non</span> <span class='ocrx_word' id='word_1_89' title='bbox 1383 1677 1635 1765; x_wconf 88' lang='lat' dir='ltr'>adimpleberit</span> <span class='ocrx_word' id='word_1_90' title='bbox 1658 1683 1694 1747; x_wconf 93' lang='lat' dir='ltr'>et</span> <span class='ocrx_word' id='word_1_91' title='bbox 1718 1679 1849 1766; x_wconf 87' lang='lat' dir='ltr'>aliquit</span> <span class='ocrx_word' id='word_1_92' title='bbox 1871 1679 2002 1750; x_wconf 80' lang='lat' dir='ltr'>exinde</span> <span class='ocrx_word' id='word_1_93' title='bbox 2026 1684 2312 1772; x_wconf 83' lang='lat' dir='ltr'>contradixerit,</span> <span class='ocrx_word' id='word_1_94' title='bbox 2336 1705 2430 1754; x_wconf 87' lang='lat' dir='ltr'>com-</span> 
     </span>
     <span class='ocr_line' id='line_1_12' title="bbox 574 1831 2426 1925; baseline 0.003 -25"><span class='ocrx_word' id='word_1_95' title='bbox 574 1853 704 1921; x_wconf 90' lang='lat' dir='ltr'>ponere</span> <span class='ocrx_word' id='word_1_96' title='bbox 728 1833 838 1903; x_wconf 88' lang='lat' dir='ltr'>michi</span> <span class='ocrx_word' id='word_1_97' title='bbox 862 1834 1037 1904; x_wconf 84' lang='lat' dir='ltr'>nominati</span> <span class='ocrx_word' id='word_1_98' title='bbox 1060 1831 1227 1921; x_wconf 79' lang='lat' dir='ltr'>gualteri,</span> <span class='ocrx_word' id='word_1_99' title='bbox 1245 1832 1298 1899; x_wconf 83' lang='lat' dir='ltr'>vel</span> <span class='ocrx_word' id='word_1_100' title='bbox 1316 1833 1361 1902; x_wconf 91' lang='lat' dir='ltr'>ad</span> <span class='ocrx_word' id='word_1_101' title='bbox 1379 1850 1473 1900; x_wconf 90' lang='lat' dir='ltr'>meos</span> <span class='ocrx_word' id='word_1_102' title='bbox 1488 1833 1626 1919; x_wconf 76' lang='lat' dir='ltr'>eredeS,</span> <span class='ocrx_word' id='word_1_103' title='bbox 1650 1836 1686 1900; x_wconf 92' lang='lat' dir='ltr'>et</span> <span class='ocrx_word' id='word_1_104' title='bbox 1710 1833 1756 1901; x_wconf 86' lang='lat' dir='ltr'>ad</span> <span class='ocrx_word' id='word_1_105' title='bbox 1779 1833 1942 1920; x_wconf 90' lang='lat' dir='ltr'>partibus</span> <span class='ocrx_word' id='word_1_106' title='bbox 1962 1835 2073 1922; x_wconf 90' lang='lat' dir='ltr'>ipsius</span> <span class='ocrx_word' id='word_1_107' title='bbox 2097 1838 2305 1907; x_wconf 90' lang='lat' dir='ltr'>monasterii</span> <span class='ocrx_word' id='word_1_108' title='bbox 2321 1841 2426 1925; x_wconf 89' lang='lat' dir='ltr'>quin-</span> 
     </span>
     <span class='ocr_line' id='line_1_13' title="bbox 574 1987 2432 2082; baseline 0.003 -25"><span class='ocrx_word' id='word_1_109' title='bbox 574 1991 752 2080; x_wconf 84' lang='lat' dir='ltr'>quaginta</span> <span class='ocrx_word' id='word_1_110' title='bbox 777 1991 858 2059; x_wconf 92' lang='lat' dir='ltr'>auri</span> <span class='ocrx_word' id='word_1_111' title='bbox 884 1989 1011 2057; x_wconf 89' lang='lat' dir='ltr'>solidos</span> <span class='ocrx_word' id='word_1_112' title='bbox 1034 1989 1263 2058; x_wconf 87' lang='lat' dir='ltr'>costantinos:</span> <span class='ocrx_word' id='word_1_113' title='bbox 1290 1989 1336 2058; x_wconf 92' lang='lat' dir='ltr'>ad</span> <span class='ocrx_word' id='word_1_114' title='bbox 1360 1990 1435 2076; x_wconf 88' lang='lat' dir='ltr'>ipso</span> <span class='ocrx_word' id='word_1_115' title='bbox 1460 1987 1698 2056; x_wconf 89' lang='lat' dir='ltr'>constitutum</span> <span class='ocrx_word' id='word_1_116' title='bbox 1724 1987 1852 2059; x_wconf 90' lang='lat' dir='ltr'>inclita</span> <span class='ocrx_word' id='word_1_117' title='bbox 1875 1991 1954 2078; x_wconf 90' lang='lat' dir='ltr'>ipsa</span> <span class='ocrx_word' id='word_1_118' title='bbox 1977 1993 2112 2061; x_wconf 90' lang='lat' dir='ltr'>molina</span> <span class='ocrx_word' id='word_1_119' title='bbox 2134 2012 2215 2060; x_wconf 87' lang='lat' dir='ltr'>cum</span> <span class='ocrx_word' id='word_1_120' title='bbox 2238 1994 2334 2062; x_wconf 91' lang='lat' dir='ltr'>omni</span> <span class='ocrx_word' id='word_1_121' title='bbox 2351 2014 2432 2082; x_wconf 92' lang='lat' dir='ltr'>per-</span> 
     </span>
     <span class='ocr_line' id='line_1_14' title="bbox 576 2141 2431 2234; baseline 0.002 -24"><span class='ocrx_word' id='word_1_122' title='bbox 576 2144 735 2215; x_wconf 89' lang='lat' dir='ltr'>tinentia</span> <span class='ocrx_word' id='word_1_123' title='bbox 758 2160 824 2211; x_wconf 91' lang='lat' dir='ltr'>sua</span> <span class='ocrx_word' id='word_1_124' title='bbox 847 2143 1014 2210; x_wconf 88' lang='lat' dir='ltr'>conciata</span> <span class='ocrx_word' id='word_1_125' title='bbox 1048 2141 1093 2209; x_wconf 87' lang='lat' dir='ltr'>ad</span> <span class='ocrx_word' id='word_1_126' title='bbox 1128 2145 1251 2210; x_wconf 86' lang='lat' dir='ltr'>nostra</span> <span class='ocrx_word' id='word_1_127' title='bbox 1287 2141 1449 2210; x_wconf 88' lang='lat' dir='ltr'>remittat</span> <span class='ocrx_word' id='word_1_128' title='bbox 1484 2146 1727 2230; x_wconf 90' lang='lat' dir='ltr'>potestatem,</span> <span class='ocrx_word' id='word_1_129' title='bbox 1752 2143 1954 2213; x_wconf 83' lang='lat' dir='ltr'>iaciendum</span> <span class='ocrx_word' id='word_1_130' title='bbox 1979 2147 2071 2232; x_wconf 92' lang='lat' dir='ltr'>quod</span> <span class='ocrx_word' id='word_1_131' title='bbox 2100 2145 2343 2233; x_wconf 89' lang='lat' dir='ltr'>boluerimus,</span> <span class='ocrx_word' id='word_1_132' title='bbox 2367 2168 2431 2234; x_wconf 89' lang='lat' dir='ltr'>per</span> 
     </span>
    </p>
   </div>
   <div class='ocr_carea' id='block_1_6' title="bbox 576 2297 2431 2390">
    <p class='ocr_par' dir='ltr' id='par_1_6' title="bbox 576 2297 2431 2390">
     <span class='ocr_line' id='line_1_15' title="bbox 576 2297 2431 2390; baseline 0.004 -27"><span class='ocrx_word' id='word_1_133' title='bbox 576 2298 822 2385; x_wconf 85' lang='lat' dir='ltr'>suprascripta</span> <span class='ocrx_word' id='word_1_134' title='bbox 845 2297 979 2385; x_wconf 89' lang='lat' dir='ltr'>guadia</span> <span class='ocrx_word' id='word_1_135' title='bbox 1002 2301 1038 2366; x_wconf 89' lang='lat' dir='ltr'>et</span> <span class='ocrx_word' id='word_1_136' title='bbox 1060 2297 1222 2384; x_wconf 87' lang='lat' dir='ltr'>obligata</span> <span class='ocrx_word' id='word_1_137' title='bbox 1244 2314 1349 2382; x_wconf 86' lang='lat' dir='ltr'>pena.</span> <span class='ocrx_word' id='word_1_138' title='bbox 1375 2298 1637 2364; x_wconf 86' lang='lat' dir='ltr'>Verumtamen</span> <span class='ocrx_word' id='word_1_139' title='bbox 1661 2299 1908 2384; x_wconf 89' lang='lat' dir='ltr'>suprascripta</span> <span class='ocrx_word' id='word_1_140' title='bbox 1932 2299 2066 2368; x_wconf 93' lang='lat' dir='ltr'>molina</span> <span class='ocrx_word' id='word_1_141' title='bbox 2082 2320 2163 2366; x_wconf 89' lang='lat' dir='ltr'>cum</span> <span class='ocrx_word' id='word_1_142' title='bbox 2179 2304 2294 2370; x_wconf 89' lang='lat' dir='ltr'>omnis</span> <span class='ocrx_word' id='word_1_143' title='bbox 2318 2303 2431 2390; x_wconf 90' lang='lat' dir='ltr'>perti-</span> 
     </span>
    </p>
   </div>
   <div class='ocr_carea' id='block_1_7' title="bbox 580 2449 2426 2540">
    <p class='ocr_par' dir='ltr' id='par_1_7' title="bbox 580 2449 2426 2540">
     <span class='ocr_line' id='line_1_16' title="bbox 580 2449 2426 2540; baseline 0.004 -22"><span class='ocrx_word' id='word_1_144' title='bbox 580 2452 708 2520; x_wconf 91' lang='lat' dir='ltr'>nentia</span> <span class='ocrx_word' id='word_1_145' title='bbox 732 2469 798 2520; x_wconf 89' lang='lat' dir='ltr'>sua</span> <span class='ocrx_word' id='word_1_146' title='bbox 822 2457 858 2518; x_wconf 91' lang='lat' dir='ltr'>et</span> <span class='ocrx_word' id='word_1_147' title='bbox 882 2452 956 2538; x_wconf 89' lang='lat' dir='ltr'>ipse</span> <span class='ocrx_word' id='word_1_148' title='bbox 980 2449 1106 2536; x_wconf 80' lang='lat' dir='ltr'>isatis,</span> <span class='ocrx_word' id='word_1_149' title='bbox 1131 2451 1357 2519; x_wconf 89' lang='lat' dir='ltr'>medietatem</span> <span class='ocrx_word' id='word_1_150' title='bbox 1394 2451 1551 2538; x_wconf 89' lang='lat' dir='ltr'>pertinet</span> <span class='ocrx_word' id='word_1_151' title='bbox 1584 2450 1694 2519; x_wconf 90' lang='lat' dir='ltr'>michi</span> <span class='ocrx_word' id='word_1_152' title='bbox 1719 2452 1896 2520; x_wconf 88' lang='lat' dir='ltr'>nominati</span> <span class='ocrx_word' id='word_1_153' title='bbox 1930 2451 2086 2538; x_wconf 84' lang='lat' dir='ltr'>guaiferi</span> <span class='ocrx_word' id='word_1_154' title='bbox 2107 2505 2116 2540; x_wconf 93' lang='lat'>,</span> <span class='ocrx_word' id='word_1_155' title='bbox 2140 2461 2175 2522; x_wconf 91' lang='lat' dir='ltr'>et</span> <span class='ocrx_word' id='word_1_156' title='bbox 2201 2455 2426 2526; x_wconf 89' lang='lat' dir='ltr'>medietatem</span> 
     </span>
    </p>
   </div>
   <div class='ocr_carea' id='block_1_8' title="bbox 580 2579 1936 2848">
    <p class='ocr_par' dir='ltr' id='par_1_8' title="bbox 580 2579 1936 2848">
     <span class='ocr_line' id='line_1_17' title="bbox 580 2579 1936 2692; baseline 0.004 -21"><span class='ocrx_word' id='word_1_157' title='bbox 580 2604 729 2692; x_wconf 82' lang='lat' dir='ltr'>predicti</span> <span class='ocrx_word' id='word_1_158' title='bbox 756 2606 964 2692; x_wconf 86' lang='lat' dir='ltr'>monasteri,</span> <span class='ocrx_word' id='word_1_159' title='bbox 989 2609 1025 2672; x_wconf 91' lang='lat' dir='ltr'>ot</span> <span class='ocrx_word' id='word_1_160' title='bbox 1050 2622 1119 2671; x_wconf 87' lang='lat' dir='ltr'>unc</span> <span class='ocrx_word' id='word_1_161' title='bbox 1142 2605 1288 2672; x_wconf 86' lang='lat' dir='ltr'>brebem</span> <span class='ocrx_word' id='word_1_162' title='bbox 1311 2579 1440 2670; x_wconf 85' lang='lat' dir='ltr'>scribsi</span> <span class='ocrx_word' id='word_1_163' title='bbox 1464 2621 1529 2690; x_wconf 90' lang='lat' dir='ltr'>ego</span> <span class='ocrx_word' id='word_1_164' title='bbox 1552 2603 1737 2673; x_wconf 81' lang='lat' dir='ltr'>dauferius</span> <span class='ocrx_word' id='word_1_165' title='bbox 1762 2607 1936 2676; x_wconf 88' lang='lat' dir='ltr'>notarius.</span> 
     </span>
     <span class='ocr_line' id='line_1_18' title="bbox 621 2732 1451 2848; baseline 0.004 -23"><span class='ocrx_word' id='word_1_166' title='bbox 621 2732 651 2846; x_wconf 95' lang='lat'>†</span> <span class='ocrx_word' id='word_1_167' title='bbox 677 2763 750 2848; x_wconf 86' lang='lat' dir='ltr'>Ego</span> <span class='ocrx_word' id='word_1_168' title='bbox 774 2761 969 2845; x_wconf 89' lang='lat' dir='ltr'>myrandus</span> <span class='ocrx_word' id='word_1_169' title='bbox 992 2759 1156 2827; x_wconf 90' lang='lat' dir='ltr'>notarius</span> <span class='ocrx_word' id='word_1_170' title='bbox 1179 2777 1234 2826; x_wconf 88' lang='lat' dir='ltr'>me</span> <span class='ocrx_word' id='word_1_171' title='bbox 1259 2757 1451 2847; x_wconf 87' lang='lat' dir='ltr'>subscripsi</span> 
     </span>
    </p>
   </div>
   <div class='ocr_carea' id='block_1_9' title="bbox 619 2887 1243 3001">
    <p class='ocr_par' dir='ltr' id='par_1_9' title="bbox 619 2887 1243 3001">
     <span class='ocr_line' id='line_1_19' title="bbox 619 2887 1243 3001; baseline -0.003 -23"><span class='ocrx_word' id='word_1_172' title='bbox 619 2887 649 3001; x_wconf 92' lang='lat'>†</span> <span class='ocrx_word' id='word_1_173' title='bbox 676 2915 750 3000; x_wconf 83' lang='lat' dir='ltr'>Ego</span> <span class='ocrx_word' id='word_1_174' title='bbox 773 2914 932 2983; x_wconf 87' lang='lat' dir='ltr'>ademari</span> <span class='ocrx_word' id='word_1_175' title='bbox 956 2933 1011 2981; x_wconf 84' lang='lat' dir='ltr'>nro</span> <span class='ocrx_word' id='word_1_176' title='bbox 1036 2911 1243 2997; x_wconf 85' lang='lat' dir='ltr'>subscripsi.</span> 
     </span>
    </p>
   </div>
   <div class='ocr_carea' id='block_1_10' title="bbox 1402 3403 1606 3484">
    <p class='ocr_par' dir='ltr' id='par_1_10' title="bbox 1402 3403 1606 3484">
     <span class='ocr_line' id='line_1_20' title="bbox 1402 3403 1606 3484; baseline -0.02 0"><span class='ocrx_word' id='word_1_177' title='bbox 1402 3403 1606 3484; x_wconf 88' lang='lat' dir='ltr'>DCCX.</span> 
     </span>
    </p>
   </div>
   <div class='ocr_carea' id='block_1_11' title="bbox 1360 3666 1644 3747">
    <p class='ocr_par' dir='ltr' id='par_1_11' title="bbox 1360 3666 1644 3747">
     <span class='ocr_line' id='line_1_21' title="bbox 1360 3666 1644 3747; baseline -0.035 0"><span class='ocrx_word' id='word_1_178' title='bbox 1360 3671 1413 3747; x_wconf 89' lang='lat' dir='ltr'>A.</span> <span class='ocrx_word' id='word_1_179' title='bbox 1443 3667 1493 3744; x_wconf 87' lang='lat' dir='ltr'>D.</span> <span class='ocrx_word' id='word_1_180' title='bbox 1522 3666 1644 3746; x_wconf 90' lang='lat'>1018.</span> 
     </span>
    </p>
   </div>
   <div class='ocr_carea' id='block_1_12' title="bbox 620 3909 2425 4048">
    <p class='ocr_par' dir='ltr' id='par_1_12' title="bbox 620 3909 2425 4048">
     <span class='ocr_line' id='line_1_22' title="bbox 620 3909 2425 4048; baseline 0.001 -23"><span class='ocrx_word' id='word_1_181' title='bbox 620 3909 655 4048; x_wconf 78' lang='lat'><em>†</em></span> <span class='ocrx_word' id='word_1_182' title='bbox 681 3964 720 4026; x_wconf 89' lang='lat' dir='ltr'>ln</span> <span class='ocrx_word' id='word_1_183' title='bbox 745 3963 888 4028; x_wconf 89' lang='lat' dir='ltr'>nomine</span> <span class='ocrx_word' id='word_1_184' title='bbox 912 3961 1048 4029; x_wconf 91' lang='lat' dir='ltr'>domini</span> <span class='ocrx_word' id='word_1_185' title='bbox 1073 3980 1169 4030; x_wconf 91' lang='lat' dir='ltr'>anno</span> <span class='ocrx_word' id='word_1_186' title='bbox 1192 3961 1375 4029; x_wconf 87' lang='lat' dir='ltr'>tricesimo</span> <span class='ocrx_word' id='word_1_187' title='bbox 1400 3961 1622 4048; x_wconf 86' lang='lat' dir='ltr'>principatus</span> <span class='ocrx_word' id='word_1_188' title='bbox 1645 3960 1764 4027; x_wconf 90' lang='lat' dir='ltr'>domni</span> <span class='ocrx_word' id='word_1_189' title='bbox 1790 3959 1902 4027; x_wconf 90' lang='lat' dir='ltr'>nostri</span> <span class='ocrx_word' id='word_1_190' title='bbox 1926 3959 2122 4046; x_wconf 88' lang='lat' dir='ltr'>guaimari,</span> <span class='ocrx_word' id='word_1_191' title='bbox 2139 3966 2174 4030; x_wconf 91' lang='lat' dir='ltr'>et</span> <span class='ocrx_word' id='word_1_192' title='bbox 2190 3961 2303 4047; x_wconf 90' lang='lat' dir='ltr'>primo</span> <span class='ocrx_word' id='word_1_193' title='bbox 2328 3951 2425 4030; x_wconf 86' lang='lat' dir='ltr'>anno</span> 
     </span>
    </p>
   </div>
   <div class='ocr_carea' id='block_1_13' title="bbox 572 4113 2537 5432">
    <p class='ocr_par' dir='ltr' id='par_1_13' title="bbox 572 4113 2537 5432">
     <span class='ocr_line' id='line_1_23' title="bbox 574 4113 2427 4217; baseline 0.001 -35"><span class='ocrx_word' id='word_1_194' title='bbox 574 4115 796 4204; x_wconf 90' lang='lat' dir='ltr'>principatus</span> <span class='ocrx_word' id='word_1_195' title='bbox 820 4117 940 4182; x_wconf 90' lang='lat' dir='ltr'>domni</span> <span class='ocrx_word' id='word_1_196' title='bbox 964 4115 1150 4203; x_wconf 81' lang='lat' dir='ltr'>guaimari</span> <span class='ocrx_word' id='word_1_197' title='bbox 1168 4117 1194 4198; x_wconf 77' lang='grc' dir='ltr'>Ι)</span> <span class='ocrx_word' id='word_1_198' title='bbox 1217 4116 1294 4185; x_wconf 87' lang='lat' dir='ltr'>eius</span> <span class='ocrx_word' id='word_1_199' title='bbox 1318 4113 1402 4201; x_wconf 88' lang='lat' dir='ltr'>filii,</span> <span class='ocrx_word' id='word_1_200' title='bbox 1426 4114 1573 4202; x_wconf 86' lang='lat' dir='ltr'>gloriosi</span> <span class='ocrx_word' id='word_1_201' title='bbox 1598 4117 1850 4202; x_wconf 77' lang='lat' dir='ltr'>principibuS,</span> <span class='ocrx_word' id='word_1_202' title='bbox 1883 4133 2011 4217; x_wconf 44' lang='lat' dir='ltr'>mense·</span> <span class='ocrx_word' id='word_1_203' title='bbox 2027 4118 2245 4202; x_wconf 90' lang='lat' dir='ltr'>nobember,</span> <span class='ocrx_word' id='word_1_204' title='bbox 2270 4117 2427 4184; x_wconf 90' lang='lat' dir='ltr'>secunda</span> 
     </span>
     <span class='ocr_line' id='line_1_24' title="bbox 575 4267 2420 4358; baseline 0 -22"><span class='ocrx_word' id='word_1_205' title='bbox 575 4269 785 4336; x_wconf 89' lang='lat' dir='ltr'>indictione.</span> <span class='ocrx_word' id='word_1_206' title='bbox 812 4271 1100 4339; x_wconf 89' lang='lat' dir='ltr'>memoratorium</span> <span class='ocrx_word' id='word_1_207' title='bbox 1126 4273 1260 4339; x_wconf 86' lang='lat' dir='ltr'>sactum</span> <span class='ocrx_word' id='word_1_208' title='bbox 1283 4289 1305 4338; x_wconf 88' lang='lat' dir='ltr'>a</span> <span class='ocrx_word' id='word_1_209' title='bbox 1329 4268 1431 4335; x_wconf 91' lang='lat' dir='ltr'>nobis</span> <span class='ocrx_word' id='word_1_210' title='bbox 1455 4267 1652 4355; x_wconf 88' lang='lat' dir='ltr'>iaquintus,</span> <span class='ocrx_word' id='word_1_211' title='bbox 1676 4273 1712 4336; x_wconf 92' lang='lat' dir='ltr'>et</span> <span class='ocrx_word' id='word_1_212' title='bbox 1735 4269 1854 4355; x_wconf 90' lang='lat' dir='ltr'>lando,</span> <span class='ocrx_word' id='word_1_213' title='bbox 1870 4273 1906 4337; x_wconf 90' lang='lat' dir='ltr'>et</span> <span class='ocrx_word' id='word_1_214' title='bbox 1928 4269 2022 4336; x_wconf 88' lang='lat' dir='ltr'>disin</span> <span class='ocrx_word' id='word_1_215' title='bbox 2038 4269 2238 4356; x_wconf 90' lang='lat' dir='ltr'>comitibus,</span> <span class='ocrx_word' id='word_1_216' title='bbox 2254 4271 2420 4358; x_wconf 87' lang='lat' dir='ltr'>germani</span> 
     </span>
     <span class='ocr_line' id='line_1_25' title="bbox 577 4423 2420 4512; baseline 0.001 -22"><span class='ocrx_word' id='word_1_217' title='bbox 577 4423 646 4490; x_wconf 89' lang='lat' dir='ltr'>filii</span> <span class='ocrx_word' id='word_1_218' title='bbox 671 4423 850 4511; x_wconf 90' lang='lat' dir='ltr'>quondam</span> <span class='ocrx_word' id='word_1_219' title='bbox 873 4423 982 4511; x_wconf 90' lang='lat' dir='ltr'>disigi</span> <span class='ocrx_word' id='word_1_220' title='bbox 1007 4426 1208 4508; x_wconf 88' lang='lat' dir='ltr'>comiti,·eo</span> <span class='ocrx_word' id='word_1_221' title='bbox 1231 4423 1323 4509; x_wconf 91' lang='lat' dir='ltr'>quod</span> <span class='ocrx_word' id='word_1_222' title='bbox 1347 4425 1431 4492; x_wconf 91' lang='lat' dir='ltr'>ante</span> <span class='ocrx_word' id='word_1_223' title='bbox 1456 4427 1538 4492; x_wconf 89' lang='lat' dir='ltr'>anto</span> <span class='ocrx_word' id='word_1_224' title='bbox 1562 4423 1755 4512; x_wconf 89' lang='lat' dir='ltr'>subscripti</span> <span class='ocrx_word' id='word_1_225' title='bbox 1780 4429 1887 4494; x_wconf 90' lang='lat' dir='ltr'>testes</span> <span class='ocrx_word' id='word_1_226' title='bbox 1905 4423 2118 4494; x_wconf 88' lang='lat' dir='ltr'>tradidimus</span> <span class='ocrx_word' id='word_1_227' title='bbox 2133 4423 2282 4492; x_wconf 88' lang='lat' dir='ltr'>iohanni</span> <span class='ocrx_word' id='word_1_228' title='bbox 2306 4423 2420 4493; x_wconf 90' lang='lat' dir='ltr'>atria·</span> 
     </span>
     <span class='ocr_line' id='line_1_26' title="bbox 572 4577 2417 4666; baseline -0.001 -22"><span class='ocrx_word' id='word_1_229' title='bbox 572 4580 688 4664; x_wconf 90' lang='lat' dir='ltr'>nensi,</span> <span class='ocrx_word' id='word_1_230' title='bbox 713 4577 785 4645; x_wconf 86' lang='lat' dir='ltr'>filio</span> <span class='ocrx_word' id='word_1_231' title='bbox 809 4579 905 4666; x_wconf 85' lang='lat' dir='ltr'>sergi</span> <span class='ocrx_word' id='word_1_232' title='bbox 930 4579 1187 4666; x_wconf 84' lang='lat' dir='ltr'>boceapiczula,</span> <span class='ocrx_word' id='word_1_233' title='bbox 1212 4583 1248 4646; x_wconf 89' lang='lat' dir='ltr'>et</span> <span class='ocrx_word' id='word_1_234' title='bbox 1263 4577 1412 4647; x_wconf 85' lang='lat' dir='ltr'>iohanni</span> <span class='ocrx_word' id='word_1_235' title='bbox 1429 4577 1631 4646; x_wconf 87' lang='lat' dir='ltr'>atrianensi</span> <span class='ocrx_word' id='word_1_236' title='bbox 1647 4577 1721 4646; x_wconf 87' lang='lat' dir='ltr'>filio</span> <span class='ocrx_word' id='word_1_237' title='bbox 1737 4578 1834 4666; x_wconf 88' lang='lat' dir='ltr'>sergi</span> <span class='ocrx_word' id='word_1_238' title='bbox 1851 4596 2142 4665; x_wconf 85' lang='lat' dir='ltr'>mangnanarum</span> <span class='ocrx_word' id='word_1_239' title='bbox 2166 4595 2278 4646; x_wconf 92' lang='lat' dir='ltr'>unum</span> <span class='ocrx_word' id='word_1_240' title='bbox 2294 4577 2417 4664; x_wconf 88' lang='lat' dir='ltr'>tagum</span> 
     </span>
     <span class='ocr_line' id='line_1_27' title="bbox 574 4729 2537 4817; baseline 0 -21"><span class='ocrx_word' id='word_1_241' title='bbox 574 4737 731 4798; x_wconf 91' lang='lat' dir='ltr'>nostrum</span> <span class='ocrx_word' id='word_1_242' title='bbox 755 4731 818 4815; x_wconf 92' lang='lat' dir='ltr'>qui</span> <span class='ocrx_word' id='word_1_243' title='bbox 843 4730 977 4800; x_wconf 90' lang='lat' dir='ltr'>dicitur</span> <span class='ocrx_word' id='word_1_244' title='bbox 1001 4731 1203 4817; x_wconf 86' lang='lat' dir='ltr'>paulinum,</span> <span class='ocrx_word' id='word_1_245' title='bbox 1220 4749 1301 4797; x_wconf 91' lang='lat' dir='ltr'>cum</span> <span class='ocrx_word' id='word_1_246' title='bbox 1317 4730 1436 4796; x_wconf 93' lang='lat' dir='ltr'>omnia</span> <span class='ocrx_word' id='word_1_247' title='bbox 1452 4729 1672 4815; x_wconf 88' lang='lat' dir='ltr'>pertinentia</span> <span class='ocrx_word' id='word_1_248' title='bbox 1686 4747 1767 4816; x_wconf 90' lang='lat' dir='ltr'>sua,</span> <span class='ocrx_word' id='word_1_249' title='bbox 1780 4729 1842 4814; x_wconf 93' lang='lat' dir='ltr'>qui</span> <span class='ocrx_word' id='word_1_250' title='bbox 1858 4748 1904 4798; x_wconf 89' lang='lat' dir='ltr'>ex</span> <span class='ocrx_word' id='word_1_251' title='bbox 1920 4729 2016 4796; x_wconf 90' lang='lat' dir='ltr'>omni</span> <span class='ocrx_word' id='word_1_252' title='bbox 2033 4732 2135 4815; x_wconf 89' lang='lat' dir='ltr'>parte</span> <span class='ocrx_word' id='word_1_253' title='bbox 2146 4729 2192 4797; x_wconf 93' lang='lat' dir='ltr'>ad</span> <span class='ocrx_word' id='word_1_254' title='bbox 2208 4731 2279 4798; x_wconf 86' lang='lat' dir='ltr'>dne</span> <span class='ocrx_word' id='word_1_255' title='bbox 2296 4735 2419 4798; x_wconf 86' lang='lat' dir='ltr'>nostra</span> <span class='ocrx_word' id='word_1_256' title='bbox 2532 4753 2537 4760; x_wconf 96' lang='lat'><strong>·</strong></span> 
     </span>
     <span class='ocr_line' id='line_1_28' title="bbox 573 4879 2419 4970; baseline -0.001 -21"><span class='ocrx_word' id='word_1_257' title='bbox 573 4885 782 4952; x_wconf 87' lang='lat' dir='ltr'>coniuntum</span> <span class='ocrx_word' id='word_1_258' title='bbox 806 4890 873 4970; x_wconf 93' lang='lat' dir='ltr'>est,</span> <span class='ocrx_word' id='word_1_259' title='bbox 896 4889 932 4952; x_wconf 89' lang='lat' dir='ltr'>et</span> <span class='ocrx_word' id='word_1_260' title='bbox 956 4885 1064 4952; x_wconf 87' lang='lat' dir='ltr'>liceat</span> <span class='ocrx_word' id='word_1_261' title='bbox 1080 4883 1152 4950; x_wconf 90' lang='lat' dir='ltr'>illis</span> <span class='ocrx_word' id='word_1_262' title='bbox 1169 4884 1222 4950; x_wconf 85' lang='lat' dir='ltr'>vel</span> <span class='ocrx_word' id='word_1_263' title='bbox 1242 4882 1383 4951; x_wconf 92' lang='lat' dir='ltr'>illorum</span> <span class='ocrx_word' id='word_1_264' title='bbox 1406 4882 1541 4968; x_wconf 89' lang='lat' dir='ltr'>eredes,</span> <span class='ocrx_word' id='word_1_265' title='bbox 1565 4887 1600 4950; x_wconf 92' lang='lat' dir='ltr'>et</span> <span class='ocrx_word' id='word_1_266' title='bbox 1623 4881 1760 4950; x_wconf 74' lang='lat' dir='ltr'>omines&#39;</span> <span class='ocrx_word' id='word_1_267' title='bbox 1775 4879 1868 4969; x_wconf 89' lang='lat' dir='ltr'>quod</span> <span class='ocrx_word' id='word_1_268' title='bbox 1884 4881 1956 4950; x_wconf 90' lang='lat' dir='ltr'>illis</span> <span class='ocrx_word' id='word_1_269' title='bbox 1973 4883 2105 4950; x_wconf 91' lang='lat' dir='ltr'>ibidem</span> <span class='ocrx_word' id='word_1_270' title='bbox 2121 4883 2276 4968; x_wconf 88' lang='lat' dir='ltr'>miserit,</span> <span class='ocrx_word' id='word_1_271' title='bbox 2293 4882 2419 4951; x_wconf 90' lang='lat' dir='ltr'>amodo</span> 
     </span>
     <span class='ocr_line' id='line_1_29' title="bbox 574 5034 2417 5123; baseline -0.001 -20"><span class='ocrx_word' id='word_1_272' title='bbox 574 5043 608 5104; x_wconf 90' lang='lat' dir='ltr'>et</span> <span class='ocrx_word' id='word_1_273' title='bbox 632 5055 879 5123; x_wconf 77' lang='lat' dir='ltr'>usquounum</span> <span class='ocrx_word' id='word_1_274' title='bbox 904 5053 1039 5105; x_wconf 90' lang='lat' dir='ltr'>annum</span> <span class='ocrx_word' id='word_1_275' title='bbox 1063 5035 1276 5120; x_wconf 89' lang='lat' dir='ltr'>completum</span> <span class='ocrx_word' id='word_1_276' title='bbox 1300 5053 1364 5121; x_wconf 91' lang='lat' dir='ltr'>per</span> <span class='ocrx_word' id='word_1_277' title='bbox 1387 5035 1464 5121; x_wconf 93' lang='lat' dir='ltr'>ipso</span> <span class='ocrx_word' id='word_1_278' title='bbox 1490 5034 1611 5120; x_wconf 89' lang='lat' dir='ltr'>lagum</span> <span class='ocrx_word' id='word_1_279' title='bbox 1635 5035 1786 5122; x_wconf 91' lang='lat' dir='ltr'>piscare,</span> <span class='ocrx_word' id='word_1_280' title='bbox 1811 5035 1966 5122; x_wconf 90' lang='lat' dir='ltr'>qualiter</span> <span class='ocrx_word' id='word_1_281' title='bbox 1982 5035 2147 5122; x_wconf 89' lang='lat' dir='ltr'>voluerit,</span> <span class='ocrx_word' id='word_1_282' title='bbox 2171 5039 2207 5104; x_wconf 89' lang='lat' dir='ltr'>et</span> <span class='ocrx_word' id='word_1_283' title='bbox 2224 5053 2346 5103; x_wconf 88' lang='lat' dir='ltr'>omnes</span> <span class='ocrx_word' id='word_1_284' title='bbox 2363 5037 2417 5122; x_wconf 92' lang='lat' dir='ltr'>pi-</span> 
     </span>
     <span class='ocr_line' id='line_1_30' title="bbox 575 5185 2417 5276; baseline -0.002 -20"><span class='ocrx_word' id='word_1_285' title='bbox 575 5209 653 5259; x_wconf 89' lang='lat' dir='ltr'>sces</span> <span class='ocrx_word' id='word_1_286' title='bbox 676 5190 769 5276; x_wconf 91' lang='lat' dir='ltr'>quod</span> <span class='ocrx_word' id='word_1_287' title='bbox 795 5190 924 5258; x_wconf 91' lang='lat' dir='ltr'>ibidem</span> <span class='ocrx_word' id='word_1_288' title='bbox 949 5188 1240 5275; x_wconf 89' lang='lat' dir='ltr'>compreenscrit,</span> <span class='ocrx_word' id='word_1_289' title='bbox 1264 5187 1328 5254; x_wconf 92' lang='lat' dir='ltr'>toti</span> <span class='ocrx_word' id='word_1_290' title='bbox 1352 5185 1425 5252; x_wconf 91' lang='lat' dir='ltr'>illis</span> <span class='ocrx_word' id='word_1_291' title='bbox 1448 5187 1517 5254; x_wconf 90' lang='lat' dir='ltr'>sibi</span> <span class='ocrx_word' id='word_1_292' title='bbox 1542 5191 1660 5273; x_wconf 83' lang='lat' dir='ltr'>abere3</span> <span class='ocrx_word' id='word_1_293' title='bbox 1685 5205 1746 5256; x_wconf 92' lang='lat' dir='ltr'>seu</span> <span class='ocrx_word' id='word_1_294' title='bbox 1769 5195 1804 5256; x_wconf 92' lang='lat' dir='ltr'>et</span> <span class='ocrx_word' id='word_1_295' title='bbox 1828 5189 1932 5263; x_wconf 82' lang='lat' dir='ltr'>liceat</span> <span class='ocrx_word' id='word_1_296' title='bbox 1954 5187 2026 5255; x_wconf 91' lang='lat' dir='ltr'>illis</span> <span class='ocrx_word' id='word_1_297' title='bbox 2055 5207 2118 5274; x_wconf 90' lang='lat' dir='ltr'>per</span> <span class='ocrx_word' id='word_1_298' title='bbox 2142 5185 2241 5256; x_wconf 91' lang='lat' dir='ltr'>isclis</span> <span class='ocrx_word' id='word_1_299' title='bbox 2264 5187 2417 5274; x_wconf 84' lang='lat' dir='ltr'>indeque</span> 
     </span>
     <span class='ocr_line' id='line_1_31' title="bbox 572 5339 2419 5432; baseline -0.004 -18"><span class='ocrx_word' id='word_1_300' title='bbox 572 5349 608 5415; x_wconf 89' lang='lat' dir='ltr'>et</span> <span class='ocrx_word' id='word_1_301' title='bbox 623 5365 686 5432; x_wconf 89' lang='lat' dir='ltr'>per</span> <span class='ocrx_word' id='word_1_302' title='bbox 710 5344 956 5414; x_wconf 90' lang='lat' dir='ltr'>mercatellum</span> <span class='ocrx_word' id='word_1_303' title='bbox 980 5343 1066 5412; x_wconf 86' lang='lat' dir='ltr'>folia</span> <span class='ocrx_word' id='word_1_304' title='bbox 1088 5343 1269 5430; x_wconf 85' lang='lat' dir='ltr'>colligere,</span> <span class='ocrx_word' id='word_1_305' title='bbox 1288 5347 1323 5411; x_wconf 94' lang='lat' dir='ltr'>et</span> <span class='ocrx_word' id='word_1_306' title='bbox 1340 5342 1467 5428; x_wconf 86' lang='lat' dir='ltr'>lingna</span> <span class='ocrx_word' id='word_1_307' title='bbox 1490 5359 1554 5428; x_wconf 93' lang='lat' dir='ltr'>pro</span> <span class='ocrx_word' id='word_1_308' title='bbox 1577 5341 1655 5408; x_wconf 82' lang='lat' dir='ltr'>locu</span> <span class='ocrx_word' id='word_1_309' title='bbox 1679 5339 1860 5410; x_wconf 89' lang='lat' dir='ltr'>abscidere</span> <span class='ocrx_word' id='word_1_310' title='bbox 1884 5345 1920 5410; x_wconf 90' lang='lat' dir='ltr'>et</span> <span class='ocrx_word' id='word_1_311' title='bbox 1941 5339 2065 5408; x_wconf 91' lang='lat' dir='ltr'>tollere</span> <span class='ocrx_word' id='word_1_312' title='bbox 2081 5341 2175 5409; x_wconf 86' lang='lat' dir='ltr'>iusta</span> <span class='ocrx_word' id='word_1_313' title='bbox 2202 5341 2358 5424; x_wconf 90' lang='lat' dir='ltr'>ratione;</span> <span class='ocrx_word' id='word_1_314' title='bbox 2382 5341 2419 5406; x_wconf 89' lang='lat' dir='ltr'>et</span> 
     </span>
    </p>
   </div>
   <div class='ocr_carea' id='block_1_14' title="bbox 570 5493 2414 5588">
    <p class='ocr_par' dir='ltr' id='par_1_14' title="bbox 570 5493 2414 5588">
     <span class='ocr_line' id='line_1_32' title="bbox 570 5493 2414 5588; baseline -0.004 -20"><span class='ocrx_word' id='word_1_315' title='bbox 570 5499 642 5568; x_wconf 90' lang='lat' dir='ltr'>illis</span> <span class='ocrx_word' id='word_1_316' title='bbox 665 5518 727 5588; x_wconf 92' lang='lat' dir='ltr'>pro</span> <span class='ocrx_word' id='word_1_317' title='bbox 752 5501 877 5569; x_wconf 89' lang='lat' dir='ltr'>taliter</span> <span class='ocrx_word' id='word_1_318' title='bbox 901 5518 964 5586; x_wconf 93' lang='lat' dir='ltr'>pro</span> <span class='ocrx_word' id='word_1_319' title='bbox 987 5517 1132 5567; x_wconf 89' lang='lat' dir='ltr'>censum</span> <span class='ocrx_word' id='word_1_320' title='bbox 1153 5497 1282 5566; x_wconf 82' lang='lat' dir='ltr'>exinde</span> <span class='ocrx_word' id='word_1_321' title='bbox 1306 5497 1481 5564; x_wconf 88' lang='lat' dir='ltr'>dederunt</span> <span class='ocrx_word' id='word_1_322' title='bbox 1505 5495 1606 5562; x_wconf 89' lang='lat' dir='ltr'>nobis</span> <span class='ocrx_word' id='word_1_323' title='bbox 1630 5493 1804 5580; x_wconf 90' lang='lat' dir='ltr'>quadtuor</span> <span class='ocrx_word' id='word_1_324' title='bbox 1823 5496 1904 5564; x_wconf 91' lang='lat' dir='ltr'>auri</span> <span class='ocrx_word' id='word_1_325' title='bbox 1923 5495 1992 5563; x_wconf 89' lang='lat' dir='ltr'>tari</span> <span class='ocrx_word' id='word_1_326' title='bbox 2009 5493 2106 5560; x_wconf 89' lang='lat' dir='ltr'>boni:</span> <span class='ocrx_word' id='word_1_327' title='bbox 2123 5494 2169 5562; x_wconf 91' lang='lat' dir='ltr'>ad</span> <span class='ocrx_word' id='word_1_328' title='bbox 2184 5495 2259 5580; x_wconf 90' lang='lat' dir='ltr'>ipso</span> <span class='ocrx_word' id='word_1_329' title='bbox 2276 5513 2414 5563; x_wconf 88' lang='lat' dir='ltr'>annum</span> 
     </span>
    </p>
   </div>
   <div class='ocr_carea' id='block_1_15' title="bbox 570 5690 1010 5704">
    <p class='ocr_par' dir='ltr' id='par_1_15' title="bbox 570 5690 1010 5704">
     <span class='ocr_line' id='line_1_33' title="bbox 570 5690 1010 5704; baseline -0.009 -1"><span class='ocrx_word' id='word_1_330' title='bbox 570 5690 1010 5704; x_wconf 53' lang='grc' dir='ltr'>-ι-*Ι-ι-ι*</span> 
     </span>
    </p>
   </div>
   <div class='ocr_carea' id='block_1_16' title="bbox 609 5831 2145 5918">
    <p class='ocr_par' dir='ltr' id='par_1_16' title="bbox 609 5831 2145 5918">
     <span class='ocr_line' id='line_1_34' title="bbox 609 5831 2145 5918; baseline -0.007 -20"><span class='ocrx_word' id='word_1_331' title='bbox 609 5841 631 5918; x_wconf 80' lang='lat'>¹)</span> <span class='ocrx_word' id='word_1_332' title='bbox 654 5839 720 5898; x_wconf 89' lang='lat' dir='ltr'>lloc</span> <span class='ocrx_word' id='word_1_333' title='bbox 745 5857 842 5908; x_wconf 88' lang='lat' dir='ltr'>anuo,</span> <span class='ocrx_word' id='word_1_334' title='bbox 867 5844 994 5898; x_wconf 82' lang='lat' dir='ltr'>mortuo</span> <span class='ocrx_word' id='word_1_335' title='bbox 1018 5838 1150 5908; x_wconf 81' lang='lat' dir='ltr'>Ioanne,</span> <span class='ocrx_word' id='word_1_336' title='bbox 1176 5842 1363 5918; x_wconf 84' lang='lat' dir='ltr'>assumptus</span> <span class='ocrx_word' id='word_1_337' title='bbox 1389 5838 1450 5896; x_wconf 86' lang='lat' dir='ltr'>fuit</span> <span class='ocrx_word' id='word_1_338' title='bbox 1473 5836 1682 5897; x_wconf 85' lang='lat' dir='ltr'>Guairnarius</span> <span class='ocrx_word' id='word_1_339' title='bbox 1706 5835 1746 5895; x_wconf 85' lang='lat' dir='ltr'>lv</span> <span class='ocrx_word' id='word_1_340' title='bbox 1770 5836 1859 5894; x_wconf 81' lang='lat' dir='ltr'>ttius</span> <span class='ocrx_word' id='word_1_341' title='bbox 1881 5833 2063 5895; x_wconf 81' lang='lat' dir='ltr'>Guuimarii</span> <span class='ocrx_word' id='word_1_342' title='bbox 2092 5831 2145 5889; x_wconf 93' lang='lat' dir='ltr'>lll.</span> 
     </span>
    </p>
   </div>
   <div class='ocr_carea' id='block_1_17' title="bbox 0 0 2745 7092">
    <p class='ocr_par' dir='ltr' id='par_1_17' title="bbox 0 0 2745 7092">
     <span class='ocr_line' id='line_1_35' title="bbox 0 0 2745 7092; baseline 0 0"><span class='ocrx_word' id='word_1_343' title='bbox 0 0 2745 7092; x_wconf 95' lang='lat' dir='ltr'> </span> 
     </span>
    </p>
   </div>
  </div>
 </body>
</html>
