<?xml version="1.0" encoding="UTF-8"?>
<!DOCTYPE html PUBLIC "-//W3C//DTD XHTML 1.0 Transitional//EN"
    "http://www.w3.org/TR/xhtml1/DTD/xhtml1-transitional.dtd">
<html xmlns="http://www.w3.org/1999/xhtml" xml:lang="en" lang="en">
 <head>
  <title>
</title>
<meta http-equiv="Content-Type" content="text/html;charset=utf-8" />
  <meta name='ocr-system' content='tesseract 3.04.00' />
  <meta name='ocr-capabilities' content='ocr_page ocr_carea ocr_par ocr_line ocrx_word'/>
</head>
<body>
  <div class='ocr_page' id='page_1' title='image "./codexdiplomatic03aragoog_0113.png"; bbox 0 0 5414 7098; ppageno 0'>
   <div class='ocr_carea' id='block_1_1' title="bbox 1027 501 2110 588">
    <p class='ocr_par' dir='ltr' id='par_1_1' title="bbox 1027 501 2110 588">
     <span class='ocr_line' id='line_1_1' title="bbox 1027 501 2110 588; baseline -0.005 -13"><span class='ocrx_word' id='word_1_1' title='bbox 1027 501 1431 584; x_wconf 79' lang='lat' dir='ltr'>urruouurrcus</span> <span class='ocrx_word' id='word_1_2' title='bbox 1479 528 1480 532; x_wconf 9' lang='grc' dir='ltr'><strong><em>Ν</em></strong></span> <span class='ocrx_word' id='word_1_3' title='bbox 2064 517 2110 588; x_wconf 64' lang='lat' dir='ltr'>aa</span> 
     </span>
    </p>
   </div>
   <div class='ocr_carea' id='block_1_2' title="bbox 305 728 2248 4956">
    <p class='ocr_par' dir='ltr' id='par_1_2' title="bbox 305 728 2248 4956">
     <span class='ocr_line' id='line_1_2' title="bbox 306 728 2159 826; baseline 0.004 -25"><span class='ocrx_word' id='word_1_4' title='bbox 306 735 342 801; x_wconf 90' lang='lat' dir='ltr'>et</span> <span class='ocrx_word' id='word_1_5' title='bbox 366 728 544 799; x_wconf 80' lang='lat' dir='ltr'>concludit</span> <span class='ocrx_word' id='word_1_6' title='bbox 568 747 679 816; x_wconf 90' lang='lat' dir='ltr'>usque</span> <span class='ocrx_word' id='word_1_7' title='bbox 703 729 782 816; x_wconf 90' lang='lat' dir='ltr'>ipsa</span> <span class='ocrx_word' id='word_1_8' title='bbox 804 729 988 798; x_wconf 82' lang='lat' dir='ltr'>mensoria</span> <span class='ocrx_word' id='word_1_9' title='bbox 1012 729 1054 798; x_wconf 92' lang='lat' dir='ltr'>de</span> <span class='ocrx_word' id='word_1_10' title='bbox 1079 731 1145 818; x_wconf 87' lang='lat' dir='ltr'>ipsi</span> <span class='ocrx_word' id='word_1_11' title='bbox 1170 735 1295 803; x_wconf 91' lang='lat' dir='ltr'>nobem</span> <span class='ocrx_word' id='word_1_12' title='bbox 1320 735 1452 824; x_wconf 89' lang='lat' dir='ltr'>pedes,</span> <span class='ocrx_word' id='word_1_13' title='bbox 1476 756 1544 824; x_wconf 87' lang='lat' dir='ltr'>que</span> <span class='ocrx_word' id='word_1_14' title='bbox 1568 741 1652 807; x_wconf 85' lang='lat' dir='ltr'>sunt</span> <span class='ocrx_word' id='word_1_15' title='bbox 1680 759 1703 809; x_wconf 89' lang='lat' dir='ltr'>a</span> <span class='ocrx_word' id='word_1_16' title='bbox 1731 759 1814 826; x_wconf 90' lang='lat' dir='ltr'>pars</span> <span class='ocrx_word' id='word_1_17' title='bbox 1845 739 2007 808; x_wconf 89' lang='lat' dir='ltr'>orientis.</span> <span class='ocrx_word' id='word_1_18' title='bbox 2033 741 2159 809; x_wconf 83' lang='lat' dir='ltr'>Totum</span> 
     </span>
     <span class='ocr_line' id='line_1_3' title="bbox 306 881 2159 972; baseline 0.004 -20"><span class='ocrx_word' id='word_1_19' title='bbox 306 885 550 953; x_wconf 87' lang='lat' dir='ltr'>mensuratum</span> <span class='ocrx_word' id='word_1_20' title='bbox 574 881 619 951; x_wconf 91' lang='lat' dir='ltr'>ad</span> <span class='ocrx_word' id='word_1_21' title='bbox 643 881 738 950; x_wconf 91' lang='lat' dir='ltr'>iusto</span> <span class='ocrx_word' id='word_1_22' title='bbox 761 881 883 970; x_wconf 89' lang='lat' dir='ltr'>pedem</span> <span class='ocrx_word' id='word_1_23' title='bbox 908 901 1052 952; x_wconf 89' lang='lat' dir='ltr'>manum</span> <span class='ocrx_word' id='word_1_24' title='bbox 1078 883 1232 952; x_wconf 88' lang='lat' dir='ltr'>hominis</span> <span class='ocrx_word' id='word_1_25' title='bbox 1265 905 1328 972; x_wconf 90' lang='lat' dir='ltr'>per</span> <span class='ocrx_word' id='word_1_26' title='bbox 1360 885 1448 956; x_wconf 87' lang='lat' dir='ltr'>istas</span> <span class='ocrx_word' id='word_1_27' title='bbox 1479 888 1568 955; x_wconf 89' lang='lat' dir='ltr'>fines</span> <span class='ocrx_word' id='word_1_28' title='bbox 1599 891 1636 957; x_wconf 88' lang='lat' dir='ltr'>et</span> <span class='ocrx_word' id='word_1_29' title='bbox 1659 907 1843 960; x_wconf 82' lang='lat' dir='ltr'>mensuras</span> <span class='ocrx_word' id='word_1_30' title='bbox 1879 889 2043 960; x_wconf 90' lang='lat' dir='ltr'>inclitum</span> <span class='ocrx_word' id='word_1_31' title='bbox 2076 890 2159 960; x_wconf 90' lang='lat' dir='ltr'>illut</span> 
     </span>
     <span class='ocr_line' id='line_1_4' title="bbox 305 1027 2156 1130; baseline 0.002 -24"><span class='ocrx_word' id='word_1_32' title='bbox 305 1055 426 1106; x_wconf 91' lang='lat' dir='ltr'>eorum</span> <span class='ocrx_word' id='word_1_33' title='bbox 451 1035 668 1106; x_wconf 81' lang='lat' dir='ltr'><strong>tradidimus</strong></span> <span class='ocrx_word' id='word_1_34' title='bbox 691 1054 772 1102; x_wconf 92' lang='lat' dir='ltr'>cum</span> <span class='ocrx_word' id='word_1_35' title='bbox 797 1035 874 1104; x_wconf 90' lang='lat' dir='ltr'>bice</span> <span class='ocrx_word' id='word_1_36' title='bbox 898 1035 941 1105; x_wconf 89' lang='lat' dir='ltr'>de</span> <span class='ocrx_word' id='word_1_37' title='bbox 966 1036 1044 1122; x_wconf 90' lang='lat' dir='ltr'>ipsa</span> <span class='ocrx_word' id='word_1_38' title='bbox 1066 1036 1140 1124; x_wconf 91' lang='lat' dir='ltr'>bia,</span> <span class='ocrx_word' id='word_1_39' title='bbox 1163 1037 1239 1105; x_wconf 87' lang='lat' dir='ltr'>Tali</span> <span class='ocrx_word' id='word_1_40' title='bbox 1264 1037 1429 1123; x_wconf 82' lang='lat' dir='ltr'>hordine,</span> <span class='ocrx_word' id='word_1_41' title='bbox 1448 1041 1489 1106; x_wconf 89' lang='lat' dir='ltr'>ut</span> <span class='ocrx_word' id='word_1_42' title='bbox 1506 1038 1630 1108; x_wconf 89' lang='lat' dir='ltr'>amodo</span> <span class='ocrx_word' id='word_1_43' title='bbox 1645 1043 1681 1108; x_wconf 91' lang='lat' dir='ltr'>et</span> <span class='ocrx_word' id='word_1_44' title='bbox 1697 1059 1808 1127; x_wconf 91' lang='lat' dir='ltr'>usque</span> <span class='ocrx_word' id='word_1_45' title='bbox 1826 1041 1956 1130; x_wconf 81' lang='lat' dir='ltr'>biginti</span> <span class='ocrx_word' id='word_1_46' title='bbox 1974 1027 2051 1112; x_wconf 81' lang='lat' dir='ltr'>octo</span> <span class='ocrx_word' id='word_1_47' title='bbox 2067 1043 2156 1112; x_wconf 89' lang='lat' dir='ltr'>anni</span> 
     </span>
     <span class='ocr_line' id='line_1_5' title="bbox 310 1186 2161 1282; baseline 0.002 -22"><span class='ocrx_word' id='word_1_48' title='bbox 310 1189 355 1260; x_wconf 89' lang='lat' dir='ltr'>ad</span> <span class='ocrx_word' id='word_1_49' title='bbox 379 1188 522 1256; x_wconf 89' lang='lat' dir='ltr'>illorum</span> <span class='ocrx_word' id='word_1_50' title='bbox 546 1188 601 1255; x_wconf 86' lang='lat' dir='ltr'>rel</span> <span class='ocrx_word' id='word_1_51' title='bbox 625 1187 668 1257; x_wconf 92' lang='lat' dir='ltr'>de</span> <span class='ocrx_word' id='word_1_52' title='bbox 695 1187 838 1254; x_wconf 91' lang='lat' dir='ltr'>illorum</span> <span class='ocrx_word' id='word_1_53' title='bbox 861 1186 1027 1256; x_wconf 90' lang='lat' dir='ltr'>eredibus</span> <span class='ocrx_word' id='word_1_54' title='bbox 1051 1187 1126 1254; x_wconf 89' lang='lat' dir='ltr'>sint</span> <span class='ocrx_word' id='word_1_55' title='bbox 1150 1190 1356 1273; x_wconf 83' lang='lat' dir='ltr'>potestatem</span> <span class='ocrx_word' id='word_1_56' title='bbox 1384 1187 1466 1255; x_wconf 91' lang='lat' dir='ltr'>illut</span> <span class='ocrx_word' id='word_1_57' title='bbox 1490 1189 1681 1259; x_wconf 89' lang='lat' dir='ltr'>tenendum</span> <span class='ocrx_word' id='word_1_58' title='bbox 1706 1196 1742 1259; x_wconf 91' lang='lat' dir='ltr'>et</span> <span class='ocrx_word' id='word_1_59' title='bbox 1765 1192 2036 1282; x_wconf 90' lang='lat' dir='ltr'>dominandum,</span> <span class='ocrx_word' id='word_1_60' title='bbox 2061 1199 2096 1264; x_wconf 91' lang='lat' dir='ltr'>et</span> <span class='ocrx_word' id='word_1_61' title='bbox 2112 1197 2161 1262; x_wconf 87' lang='lat' dir='ltr'>lo-</span> 
     </span>
     <span class='ocr_line' id='line_1_6' title="bbox 309 1298 2160 1432; baseline 0.004 -22"><span class='ocrx_word' id='word_1_62' title='bbox 309 1343 373 1410; x_wconf 86' lang='lat' dir='ltr'>bee</span> <span class='ocrx_word' id='word_1_63' title='bbox 404 1344 440 1408; x_wconf 93' lang='lat' dir='ltr'>et</span> <span class='ocrx_word' id='word_1_64' title='bbox 473 1341 589 1408; x_wconf 87' lang='lat' dir='ltr'>omnis</span> <span class='ocrx_word' id='word_1_65' title='bbox 621 1357 683 1408; x_wconf 90' lang='lat' dir='ltr'>sue</span> <span class='ocrx_word' id='word_1_66' title='bbox 706 1338 903 1408; x_wconf 89' lang='lat' dir='ltr'>hutilitatis</span> <span class='ocrx_word' id='word_1_67' title='bbox 927 1338 1057 1407; x_wconf 83' lang='lat' dir='ltr'>ibidem</span> <span class='ocrx_word' id='word_1_68' title='bbox 1082 1337 1285 1408; x_wconf 85' lang='lat' dir='ltr'>laciendum</span> <span class='ocrx_word' id='word_1_69' title='bbox 1311 1339 1405 1408; x_wconf 92' lang='lat' dir='ltr'>iusta</span> <span class='ocrx_word' id='word_1_70' title='bbox 1428 1298 1634 1428; x_wconf 82' lang='lat' dir='ltr'>rationem,</span> <span class='ocrx_word' id='word_1_71' title='bbox 1663 1347 1699 1410; x_wconf 89' lang='lat' dir='ltr'>et</span> <span class='ocrx_word' id='word_1_72' title='bbox 1722 1363 1805 1412; x_wconf 91' lang='lat' dir='ltr'>casa</span> <span class='ocrx_word' id='word_1_73' title='bbox 1830 1343 1974 1432; x_wconf 80' lang='lat' dir='ltr'>lignitia</span> <span class='ocrx_word' id='word_1_74' title='bbox 1990 1343 2160 1417; x_wconf 85' lang='lat' dir='ltr'>terranea</span> 
     </span>
     <span class='ocr_line' id='line_1_7' title="bbox 313 1491 2159 1586; baseline 0.003 -24"><span class='ocrx_word' id='word_1_75' title='bbox 313 1497 390 1563; x_wconf 85' lang='lat' dir='ltr'>sire</span> <span class='ocrx_word' id='word_1_76' title='bbox 405 1493 564 1563; x_wconf 91' lang='lat' dir='ltr'>solarata</span> <span class='ocrx_word' id='word_1_77' title='bbox 580 1493 630 1559; x_wconf 93' lang='lat' dir='ltr'>ibi</span> <span class='ocrx_word' id='word_1_78' title='bbox 647 1491 795 1578; x_wconf 88' lang='lat' dir='ltr'>saciant,</span> <span class='ocrx_word' id='word_1_79' title='bbox 813 1492 969 1578; x_wconf 73' lang='lat' dir='ltr'>qualiter</span> <span class='ocrx_word' id='word_1_80' title='bbox 993 1492 1170 1560; x_wconf 81' lang='lat' dir='ltr'>voluerint</span> <span class='ocrx_word' id='word_1_81' title='bbox 1186 1492 1280 1563; x_wconf 91' lang='lat' dir='ltr'>iusta</span> <span class='ocrx_word' id='word_1_82' title='bbox 1295 1493 1486 1580; x_wconf 89' lang='lat' dir='ltr'>rationem,</span> <span class='ocrx_word' id='word_1_83' title='bbox 1504 1497 1540 1561; x_wconf 90' lang='lat' dir='ltr'>et</span> <span class='ocrx_word' id='word_1_84' title='bbox 1556 1492 1687 1562; x_wconf 82' lang='lat' dir='ltr'>ibidem</span> <span class='ocrx_word' id='word_1_85' title='bbox 1703 1494 1902 1566; x_wconf 81' lang='lat' dir='ltr'>residerent</span> <span class='ocrx_word' id='word_1_86' title='bbox 1918 1502 1954 1566; x_wconf 89' lang='lat' dir='ltr'>et</span> <span class='ocrx_word' id='word_1_87' title='bbox 1965 1497 2159 1586; x_wconf 84' lang='lat' dir='ltr'>avitarent,</span> 
     </span>
     <span class='ocr_line' id='line_1_8' title="bbox 307 1644 2158 1740; baseline 0.004 -27"><span class='ocrx_word' id='word_1_88' title='bbox 307 1649 363 1716; x_wconf 90' lang='lat' dir='ltr'>vel</span> <span class='ocrx_word' id='word_1_89' title='bbox 381 1645 543 1716; x_wconf 89' lang='lat' dir='ltr'>homines</span> <span class='ocrx_word' id='word_1_90' title='bbox 559 1644 603 1714; x_wconf 92' lang='lat' dir='ltr'>ad</span> <span class='ocrx_word' id='word_1_91' title='bbox 621 1645 847 1714; x_wconf 89' lang='lat' dir='ltr'>residendum</span> <span class='ocrx_word' id='word_1_92' title='bbox 865 1645 914 1713; x_wconf 92' lang='lat' dir='ltr'>ibi</span> <span class='ocrx_word' id='word_1_93' title='bbox 930 1645 1089 1730; x_wconf 90' lang='lat' dir='ltr'>mittant,</span> <span class='ocrx_word' id='word_1_94' title='bbox 1107 1663 1200 1731; x_wconf 92' lang='lat' dir='ltr'>aqua</span> <span class='ocrx_word' id='word_1_95' title='bbox 1216 1649 1335 1713; x_wconf 89' lang='lat' dir='ltr'>autem</span> <span class='ocrx_word' id='word_1_96' title='bbox 1353 1645 1510 1731; x_wconf 89' lang='lat' dir='ltr'>plubiale</span> <span class='ocrx_word' id='word_1_97' title='bbox 1533 1645 1576 1714; x_wconf 91' lang='lat' dir='ltr'>de</span> <span class='ocrx_word' id='word_1_98' title='bbox 1594 1646 1671 1733; x_wconf 90' lang='lat' dir='ltr'>ipsa</span> <span class='ocrx_word' id='word_1_99' title='bbox 1694 1667 1778 1718; x_wconf 89' lang='lat' dir='ltr'>casa</span> <span class='ocrx_word' id='word_1_100' title='bbox 1802 1649 1895 1734; x_wconf 93' lang='lat' dir='ltr'>quod</span> <span class='ocrx_word' id='word_1_101' title='bbox 1918 1650 1968 1718; x_wconf 90' lang='lat' dir='ltr'>ibi</span> <span class='ocrx_word' id='word_1_102' title='bbox 1992 1653 2158 1740; x_wconf 79' lang='lat' dir='ltr'>fecerint,</span> 
     </span>
     <span class='ocr_line' id='line_1_9' title="bbox 309 1794 2162 1890; baseline 0.002 -23"><span class='ocrx_word' id='word_1_103' title='bbox 309 1798 448 1869; x_wconf 84' lang='lat' dir='ltr'>saciant</span> <span class='ocrx_word' id='word_1_104' title='bbox 466 1797 667 1866; x_wconf 86' lang='lat' dir='ltr'>discurrere</span> <span class='ocrx_word' id='word_1_105' title='bbox 684 1817 746 1884; x_wconf 92' lang='lat' dir='ltr'>per</span> <span class='ocrx_word' id='word_1_106' title='bbox 763 1817 803 1864; x_wconf 93' lang='lat' dir='ltr'>eo</span> <span class='ocrx_word' id='word_1_107' title='bbox 820 1797 908 1884; x_wconf 90' lang='lat' dir='ltr'>loco,</span> <span class='ocrx_word' id='word_1_108' title='bbox 926 1795 1019 1864; x_wconf 91' lang='lat' dir='ltr'>unde</span> <span class='ocrx_word' id='word_1_109' title='bbox 1042 1801 1167 1883; x_wconf 90' lang='lat' dir='ltr'>aptum</span> <span class='ocrx_word' id='word_1_110' title='bbox 1191 1794 1314 1883; x_wconf 84' lang='lat' dir='ltr'>luerit,</span> <span class='ocrx_word' id='word_1_111' title='bbox 1332 1799 1367 1864; x_wconf 93' lang='lat' dir='ltr'>et</span> <span class='ocrx_word' id='word_1_112' title='bbox 1386 1797 1507 1865; x_wconf 89' lang='lat' dir='ltr'>redeat</span> <span class='ocrx_word' id='word_1_113' title='bbox 1523 1797 1600 1884; x_wconf 92' lang='lat' dir='ltr'>ipsa</span> <span class='ocrx_word' id='word_1_114' title='bbox 1617 1818 1712 1885; x_wconf 88' lang='lat' dir='ltr'>aqua</span> <span class='ocrx_word' id='word_1_115' title='bbox 1735 1799 1983 1870; x_wconf 79' lang='lat' dir='ltr'>decurrentem</span> <span class='ocrx_word' id='word_1_116' title='bbox 2000 1823 2062 1890; x_wconf 91' lang='lat' dir='ltr'>per</span> <span class='ocrx_word' id='word_1_117' title='bbox 2086 1803 2162 1890; x_wconf 89' lang='lat' dir='ltr'>ipso</span> 
     </span>
     <span class='ocr_line' id='line_1_10' title="bbox 312 1947 2163 2038; baseline 0.003 -19"><span class='ocrx_word' id='word_1_118' title='bbox 312 1951 507 2034; x_wconf 89' lang='lat' dir='ltr'>ballonem,</span> <span class='ocrx_word' id='word_1_119' title='bbox 531 1955 568 2019; x_wconf 88' lang='lat' dir='ltr'>et</span> <span class='ocrx_word' id='word_1_120' title='bbox 591 1969 655 2037; x_wconf 91' lang='lat' dir='ltr'>pro</span> <span class='ocrx_word' id='word_1_121' title='bbox 677 1968 822 2018; x_wconf 88' lang='lat' dir='ltr'>censum</span> <span class='ocrx_word' id='word_1_122' title='bbox 845 1949 889 2016; x_wconf 92' lang='lat' dir='ltr'>de</span> <span class='ocrx_word' id='word_1_123' title='bbox 912 1948 990 2035; x_wconf 90' lang='lat' dir='ltr'>ipsa</span> <span class='ocrx_word' id='word_1_124' title='bbox 1014 1947 1242 2017; x_wconf 84' lang='lat' dir='ltr'>traditionem</span> <span class='ocrx_word' id='word_1_125' title='bbox 1267 1952 1445 2018; x_wconf 88' lang='lat' dir='ltr'>steterunt</span> <span class='ocrx_word' id='word_1_126' title='bbox 1470 1950 1557 2019; x_wconf 91' lang='lat' dir='ltr'>dare</span> <span class='ocrx_word' id='word_1_127' title='bbox 1575 1971 1638 2038; x_wconf 91' lang='lat' dir='ltr'>per</span> <span class='ocrx_word' id='word_1_128' title='bbox 1654 1954 1769 2021; x_wconf 90' lang='lat' dir='ltr'>omnis</span> <span class='ocrx_word' id='word_1_129' title='bbox 1785 1972 1921 2022; x_wconf 88' lang='lat' dir='ltr'>annum</span> <span class='ocrx_word' id='word_1_130' title='bbox 1939 1957 2027 2022; x_wconf 81' lang='lat' dir='ltr'>milri</span> <span class='ocrx_word' id='word_1_131' title='bbox 2052 1955 2108 2025; x_wconf 89' lang='lat' dir='ltr'>vel</span> <span class='ocrx_word' id='word_1_132' title='bbox 2124 1958 2163 2026; x_wconf 91' lang='lat' dir='ltr'>in</span> 
     </span>
     <span class='ocr_line' id='line_1_11' title="bbox 309 2102 2163 2193; baseline 0.002 -19"><span class='ocrx_word' id='word_1_133' title='bbox 309 2123 394 2193; x_wconf 88' lang='lat' dir='ltr'>pars</span> <span class='ocrx_word' id='word_1_134' title='bbox 410 2105 525 2192; x_wconf 91' lang='lat' dir='ltr'>ipsius</span> <span class='ocrx_word' id='word_1_135' title='bbox 539 2103 685 2172; x_wconf 88' lang='lat' dir='ltr'>ecclesie</span> <span class='ocrx_word' id='word_1_136' title='bbox 698 2102 740 2169; x_wconf 93' lang='lat' dir='ltr'>de</span> <span class='ocrx_word' id='word_1_137' title='bbox 753 2103 956 2188; x_wconf 87' lang='lat' dir='ltr'>supradicto</span> <span class='ocrx_word' id='word_1_138' title='bbox 970 2119 1090 2170; x_wconf 89' lang='lat' dir='ltr'>mense</span> <span class='ocrx_word' id='word_1_139' title='bbox 1102 2104 1244 2189; x_wconf 72' lang='lat' dir='ltr'>magius</span> <span class='ocrx_word' id='word_1_140' title='bbox 1255 2103 1410 2191; x_wconf 76' lang='lat' dir='ltr'>triginta</span> <span class='ocrx_word' id='word_1_141' title='bbox 1423 2103 1578 2193; x_wconf 77' lang='lat' dir='ltr'>sollareS,</span> <span class='ocrx_word' id='word_1_142' title='bbox 1592 2109 1628 2174; x_wconf 90' lang='lat' dir='ltr'>et</span> <span class='ocrx_word' id='word_1_143' title='bbox 1642 2107 1803 2176; x_wconf 87' lang='lat' dir='ltr'>stetimus</span> <span class='ocrx_word' id='word_1_144' title='bbox 1819 2107 2003 2178; x_wconf 80' lang='lat' dir='ltr'>defensare</span> <span class='ocrx_word' id='word_1_145' title='bbox 2020 2109 2163 2178; x_wconf 90' lang='lat' dir='ltr'>illorum</span> 
     </span>
     <span class='ocr_line' id='line_1_12' title="bbox 311 2257 2248 2343; baseline 0.003 -18"><span class='ocrx_word' id='word_1_146' title='bbox 311 2258 483 2328; x_wconf 87' lang='lat' dir='ltr'>iamdicta</span> <span class='ocrx_word' id='word_1_147' title='bbox 506 2261 630 2326; x_wconf 86' lang='lat' dir='ltr'>nostra</span> <span class='ocrx_word' id='word_1_148' title='bbox 655 2257 887 2326; x_wconf 80' lang='lat' dir='ltr'>traditionem</span> <span class='ocrx_word' id='word_1_149' title='bbox 911 2257 1034 2327; x_wconf 92' lang='lat' dir='ltr'>amodo</span> <span class='ocrx_word' id='word_1_150' title='bbox 1058 2261 1094 2324; x_wconf 90' lang='lat' dir='ltr'>et</span> <span class='ocrx_word' id='word_1_151' title='bbox 1118 2274 1229 2341; x_wconf 90' lang='lat' dir='ltr'>usque</span> <span class='ocrx_word' id='word_1_152' title='bbox 1253 2257 1453 2342; x_wconf 86' lang='lat' dir='ltr'>conpletum</span> <span class='ocrx_word' id='word_1_153' title='bbox 1478 2259 1553 2343; x_wconf 91' lang='lat' dir='ltr'>ipso</span> <span class='ocrx_word' id='word_1_154' title='bbox 1577 2259 1809 2326; x_wconf 90' lang='lat' dir='ltr'>constitutum</span> <span class='ocrx_word' id='word_1_155' title='bbox 1840 2260 1886 2328; x_wconf 91' lang='lat' dir='ltr'>da</span> <span class='ocrx_word' id='word_1_156' title='bbox 1911 2278 2032 2329; x_wconf 92' lang='lat' dir='ltr'>omnes</span> <span class='ocrx_word' id='word_1_157' title='bbox 2052 2264 2167 2332; x_wconf 86' lang='lat' dir='ltr'>horni-</span> <span class='ocrx_word' id='word_1_158' title='bbox 2242 2267 2248 2280; x_wconf 85' lang='lat'>‘</span> 
     </span>
     <span class='ocr_line' id='line_1_13' title="bbox 314 2411 2164 2501; baseline 0.001 -21"><span class='ocrx_word' id='word_1_159' title='bbox 314 2429 379 2482; x_wconf 91' lang='lat' dir='ltr'>nes</span> <span class='ocrx_word' id='word_1_160' title='bbox 402 2413 571 2500; x_wconf 86' lang='lat' dir='ltr'>omnique</span> <span class='ocrx_word' id='word_1_161' title='bbox 595 2414 770 2501; x_wconf 89' lang='lat' dir='ltr'>partibus.</span> <span class='ocrx_word' id='word_1_162' title='bbox 797 2415 865 2500; x_wconf 90' lang='lat' dir='ltr'>Et,</span> <span class='ocrx_word' id='word_1_163' title='bbox 890 2413 973 2480; x_wconf 92' lang='lat' dir='ltr'>dum</span> <span class='ocrx_word' id='word_1_164' title='bbox 997 2412 1209 2498; x_wconf 88' lang='lat' dir='ltr'>completum</span> <span class='ocrx_word' id='word_1_165' title='bbox 1233 2411 1342 2480; x_wconf 86' lang='lat' dir='ltr'>luerit</span> <span class='ocrx_word' id='word_1_166' title='bbox 1366 2411 1441 2498; x_wconf 91' lang='lat' dir='ltr'>ipso</span> <span class='ocrx_word' id='word_1_167' title='bbox 1464 2412 1723 2497; x_wconf 89' lang='lat' dir='ltr'>constitutum,</span> <span class='ocrx_word' id='word_1_168' title='bbox 1756 2413 1893 2481; x_wconf 84' lang='lat' dir='ltr'>saciant</span> <span class='ocrx_word' id='word_1_169' title='bbox 1916 2414 2008 2482; x_wconf 90' lang='lat' dir='ltr'>scire</span> <span class='ocrx_word' id='word_1_170' title='bbox 2031 2434 2087 2484; x_wconf 92' lang='lat' dir='ltr'>me</span> <span class='ocrx_word' id='word_1_171' title='bbox 2110 2415 2164 2484; x_wconf 88' lang='lat' dir='ltr'>rel</span> 
     </span>
     <span class='ocr_line' id='line_1_14' title="bbox 312 2562 2166 2653; baseline 0 -18"><span class='ocrx_word' id='word_1_172' title='bbox 312 2585 395 2653; x_wconf 91' lang='lat' dir='ltr'>pars</span> <span class='ocrx_word' id='word_1_173' title='bbox 418 2567 532 2652; x_wconf 88' lang='lat' dir='ltr'>ipsius</span> <span class='ocrx_word' id='word_1_174' title='bbox 556 2567 719 2653; x_wconf 87' lang='lat' dir='ltr'>ecclesie,</span> <span class='ocrx_word' id='word_1_175' title='bbox 743 2569 780 2635; x_wconf 90' lang='lat' dir='ltr'>et</span> <span class='ocrx_word' id='word_1_176' title='bbox 803 2567 876 2634; x_wconf 90' lang='lat' dir='ltr'>illis</span> <span class='ocrx_word' id='word_1_177' title='bbox 899 2565 955 2634; x_wconf 91' lang='lat' dir='ltr'>vel</span> <span class='ocrx_word' id='word_1_178' title='bbox 979 2566 1121 2632; x_wconf 89' lang='lat' dir='ltr'>illorum</span> <span class='ocrx_word' id='word_1_179' title='bbox 1144 2564 1267 2632; x_wconf 89' lang='lat' dir='ltr'>eredes</span> <span class='ocrx_word' id='word_1_180' title='bbox 1291 2564 1454 2632; x_wconf 82' lang='lat' dir='ltr'>dividant</span> <span class='ocrx_word' id='word_1_181' title='bbox 1477 2567 1550 2631; x_wconf 86' lang='lat' dir='ltr'>tota</span> <span class='ocrx_word' id='word_1_182' title='bbox 1576 2562 1654 2648; x_wconf 89' lang='lat' dir='ltr'>ipsa</span> <span class='ocrx_word' id='word_1_183' title='bbox 1677 2582 1775 2652; x_wconf 88' lang='lat' dir='ltr'>casa,</span> <span class='ocrx_word' id='word_1_184' title='bbox 1800 2585 1868 2650; x_wconf 92' lang='lat' dir='ltr'>que</span> <span class='ocrx_word' id='word_1_185' title='bbox 1892 2567 1942 2633; x_wconf 90' lang='lat' dir='ltr'>ibi</span> <span class='ocrx_word' id='word_1_186' title='bbox 1968 2567 2064 2635; x_wconf 84' lang='lat' dir='ltr'>sacta</span> <span class='ocrx_word' id='word_1_187' title='bbox 2091 2569 2166 2636; x_wconf 82' lang='lat' dir='ltr'>fue-</span> 
     </span>
     <span class='ocr_line' id='line_1_15' title="bbox 314 2717 2166 2826; baseline 0.003 -40"><span class='ocrx_word' id='word_1_188' title='bbox 314 2720 378 2806; x_wconf 90' lang='lat' dir='ltr'>rit,</span> <span class='ocrx_word' id='word_1_189' title='bbox 401 2738 465 2806; x_wconf 91' lang='lat' dir='ltr'>per</span> <span class='ocrx_word' id='word_1_190' title='bbox 489 2720 739 2804; x_wconf 90' lang='lat' dir='ltr'>medietatem;</span> <span class='ocrx_word' id='word_1_191' title='bbox 764 2724 799 2787; x_wconf 92' lang='lat' dir='ltr'>et</span> <span class='ocrx_word' id='word_1_192' title='bbox 822 2737 906 2806; x_wconf 92' lang='lat' dir='ltr'>pars</span> <span class='ocrx_word' id='word_1_193' title='bbox 930 2717 1043 2806; x_wconf 85' lang='lat' dir='ltr'>ipsius</span> <span class='ocrx_word' id='word_1_194' title='bbox 1067 2718 1214 2787; x_wconf 91' lang='lat' dir='ltr'>ecclesie</span> <span class='ocrx_word' id='word_1_195' title='bbox 1238 2719 1502 2826; x_wconf 82' lang='lat' dir='ltr'>conprehendat</span> <span class='ocrx_word' id='word_1_196' title='bbox 1527 2719 1609 2787; x_wconf 89' lang='lat' dir='ltr'>inde</span> <span class='ocrx_word' id='word_1_197' title='bbox 1633 2719 1737 2805; x_wconf 90' lang='lat' dir='ltr'>quale</span> <span class='ocrx_word' id='word_1_198' title='bbox 1761 2724 1863 2807; x_wconf 92' lang='lat' dir='ltr'>parte</span> <span class='ocrx_word' id='word_1_199' title='bbox 1887 2723 2166 2812; x_wconf 81' lang='lat' dir='ltr'>voluerintque</span> 
     </span>
     <span class='ocr_line' id='line_1_16' title="bbox 317 2872 2168 2962; baseline 0.003 -21"><span class='ocrx_word' id='word_1_200' title='bbox 317 2873 505 2942; x_wconf 90' lang='lat' dir='ltr'>circcitum</span> <span class='ocrx_word' id='word_1_201' title='bbox 529 2874 629 2941; x_wconf 89' lang='lat' dir='ltr'>nobis</span> <span class='ocrx_word' id='word_1_202' title='bbox 653 2873 813 2960; x_wconf 82' lang='lat' dir='ltr'>assignet</span> <span class='ocrx_word' id='word_1_203' title='bbox 836 2873 934 2943; x_wconf 90' lang='lat' dir='ltr'>clusa</span> <span class='ocrx_word' id='word_1_204' title='bbox 956 2878 992 2940; x_wconf 90' lang='lat' dir='ltr'>ct</span> <span class='ocrx_word' id='word_1_205' title='bbox 1016 2876 1195 2959; x_wconf 89' lang='lat' dir='ltr'>cooperta,</span> <span class='ocrx_word' id='word_1_206' title='bbox 1216 2872 1376 2940; x_wconf 90' lang='lat' dir='ltr'>insimul</span> <span class='ocrx_word' id='word_1_207' title='bbox 1403 2891 1483 2940; x_wconf 91' lang='lat' dir='ltr'>cum</span> <span class='ocrx_word' id='word_1_208' title='bbox 1509 2877 1583 2942; x_wconf 87' lang='lat' dir='ltr'>tota</span> <span class='ocrx_word' id='word_1_209' title='bbox 1607 2872 1685 2961; x_wconf 87' lang='lat' dir='ltr'>ipsa</span> <span class='ocrx_word' id='word_1_210' title='bbox 1708 2877 1807 2944; x_wconf 92' lang='lat' dir='ltr'>terra</span> <span class='ocrx_word' id='word_1_211' title='bbox 1831 2895 1893 2962; x_wconf 93' lang='lat' dir='ltr'>per</span> <span class='ocrx_word' id='word_1_212' title='bbox 1916 2877 2104 2947; x_wconf 90' lang='lat' dir='ltr'>iamdictas</span> <span class='ocrx_word' id='word_1_213' title='bbox 2127 2881 2168 2946; x_wconf 85' lang='lat' dir='ltr'>fi·</span> 
     </span>
     <span class='ocr_line' id='line_1_17' title="bbox 314 3025 2169 3114; baseline 0.001 -18"><span class='ocrx_word' id='word_1_214' title='bbox 314 3045 380 3097; x_wconf 87' lang='lat' dir='ltr'>nes</span> <span class='ocrx_word' id='word_1_215' title='bbox 403 3031 438 3096; x_wconf 91' lang='lat' dir='ltr'>et</span> <span class='ocrx_word' id='word_1_216' title='bbox 461 3045 662 3114; x_wconf 85' lang='lat' dir='ltr'>mensuras,</span> <span class='ocrx_word' id='word_1_217' title='bbox 687 3029 748 3094; x_wconf 93' lang='lat' dir='ltr'>ubi</span> <span class='ocrx_word' id='word_1_218' title='bbox 771 3027 850 3114; x_wconf 90' lang='lat' dir='ltr'>ipsa</span> <span class='ocrx_word' id='word_1_219' title='bbox 873 3046 957 3096; x_wconf 89' lang='lat' dir='ltr'>casa</span> <span class='ocrx_word' id='word_1_220' title='bbox 979 3026 1103 3112; x_wconf 85' lang='lat' dir='ltr'>suerit,</span> <span class='ocrx_word' id='word_1_221' title='bbox 1128 3026 1295 3096; x_wconf 90' lang='lat' dir='ltr'>remittad</span> <span class='ocrx_word' id='word_1_222' title='bbox 1319 3025 1358 3092; x_wconf 89' lang='lat' dir='ltr'>in</span> <span class='ocrx_word' id='word_1_223' title='bbox 1382 3045 1466 3112; x_wconf 88' lang='lat' dir='ltr'>pars</span> <span class='ocrx_word' id='word_1_224' title='bbox 1489 3025 1602 3113; x_wconf 90' lang='lat' dir='ltr'>ipsius</span> <span class='ocrx_word' id='word_1_225' title='bbox 1625 3027 1789 3113; x_wconf 88' lang='lat' dir='ltr'>ecclesie,</span> <span class='ocrx_word' id='word_1_226' title='bbox 1806 3033 1841 3096; x_wconf 91' lang='lat' dir='ltr'>et</span> <span class='ocrx_word' id='word_1_227' title='bbox 1859 3027 1972 3097; x_wconf 93' lang='lat' dir='ltr'>licead</span> <span class='ocrx_word' id='word_1_228' title='bbox 1990 3029 2063 3098; x_wconf 90' lang='lat' dir='ltr'>illis</span> <span class='ocrx_word' id='word_1_229' title='bbox 2079 3032 2169 3099; x_wconf 90' lang='lat' dir='ltr'>suis-</span> 
     </span>
     <span class='ocr_line' id='line_1_18' title="bbox 314 3177 2168 3268; baseline 0 -20"><span class='ocrx_word' id='word_1_230' title='bbox 314 3199 383 3268; x_wconf 88' lang='lat' dir='ltr'>que</span> <span class='ocrx_word' id='word_1_231' title='bbox 407 3181 597 3250; x_wconf 89' lang='lat' dir='ltr'>heredibus</span> <span class='ocrx_word' id='word_1_232' title='bbox 620 3181 704 3250; x_wconf 92' lang='lat' dir='ltr'>inde</span> <span class='ocrx_word' id='word_1_233' title='bbox 725 3182 827 3249; x_wconf 86' lang='lat' dir='ltr'>exire</span> <span class='ocrx_word' id='word_1_234' title='bbox 849 3199 930 3246; x_wconf 90' lang='lat' dir='ltr'>cum</span> <span class='ocrx_word' id='word_1_235' title='bbox 954 3179 1093 3265; x_wconf 89' lang='lat' dir='ltr'>reliqua</span> <span class='ocrx_word' id='word_1_236' title='bbox 1118 3179 1308 3246; x_wconf 84' lang='lat' dir='ltr'>medietate</span> <span class='ocrx_word' id='word_1_237' title='bbox 1332 3177 1517 3265; x_wconf 86' lang='lat' dir='ltr'>lignamen</span> <span class='ocrx_word' id='word_1_238' title='bbox 1545 3177 1587 3246; x_wconf 90' lang='lat' dir='ltr'>de</span> <span class='ocrx_word' id='word_1_239' title='bbox 1611 3180 1690 3266; x_wconf 91' lang='lat' dir='ltr'>ipsa</span> <span class='ocrx_word' id='word_1_240' title='bbox 1713 3198 1798 3248; x_wconf 88' lang='lat' dir='ltr'>casa</span> <span class='ocrx_word' id='word_1_241' title='bbox 1821 3184 1857 3248; x_wconf 94' lang='lat' dir='ltr'>et</span> <span class='ocrx_word' id='word_1_242' title='bbox 1881 3200 1960 3248; x_wconf 92' lang='lat' dir='ltr'>cum</span> <span class='ocrx_word' id='word_1_243' title='bbox 1984 3181 2098 3251; x_wconf 91' lang='lat' dir='ltr'>omnis</span> <span class='ocrx_word' id='word_1_244' title='bbox 2126 3183 2168 3249; x_wconf 92' lang='lat' dir='ltr'>il·</span> 
     </span>
     <span class='ocr_line' id='line_1_19' title="bbox 315 3331 2167 3422; baseline 0.004 -23"><span class='ocrx_word' id='word_1_245' title='bbox 315 3334 428 3402; x_wconf 89' lang='lat' dir='ltr'>lorum</span> <span class='ocrx_word' id='word_1_246' title='bbox 453 3336 601 3404; x_wconf 92' lang='lat' dir='ltr'>mobilia</span> <span class='ocrx_word' id='word_1_247' title='bbox 625 3339 661 3403; x_wconf 89' lang='lat' dir='ltr'>et</span> <span class='ocrx_word' id='word_1_248' title='bbox 682 3339 848 3422; x_wconf 85' lang='lat' dir='ltr'>pergant,</span> <span class='ocrx_word' id='word_1_249' title='bbox 872 3335 933 3400; x_wconf 90' lang='lat' dir='ltr'>ubi</span> <span class='ocrx_word' id='word_1_250' title='bbox 957 3331 1146 3400; x_wconf 84' lang='lat' dir='ltr'>voluerint.</span> <span class='ocrx_word' id='word_1_251' title='bbox 1172 3331 1270 3399; x_wconf 91' lang='lat' dir='ltr'>Unde</span> <span class='ocrx_word' id='word_1_252' title='bbox 1293 3331 1333 3398; x_wconf 93' lang='lat' dir='ltr'>in</span> <span class='ocrx_word' id='word_1_253' title='bbox 1356 3350 1397 3400; x_wconf 91' lang='lat' dir='ltr'>eo</span> <span class='ocrx_word' id='word_1_254' title='bbox 1420 3331 1605 3401; x_wconf 91' lang='lat' dir='ltr'>hordinem</span> <span class='ocrx_word' id='word_1_255' title='bbox 1628 3352 1691 3420; x_wconf 92' lang='lat' dir='ltr'>per</span> <span class='ocrx_word' id='word_1_256' title='bbox 1716 3333 2003 3404; x_wconf 90' lang='lat' dir='ltr'>conbenientiam</span> <span class='ocrx_word' id='word_1_257' title='bbox 2028 3337 2167 3422; x_wconf 82' lang='lat' dir='ltr'>guadia</span> 
     </span>
     <span class='ocr_line' id='line_1_20' title="bbox 316 3484 2168 3576; baseline -0.002 -16"><span class='ocrx_word' id='word_1_258' title='bbox 316 3489 419 3560; x_wconf 87' lang='lat' dir='ltr'>nobis</span> <span class='ocrx_word' id='word_1_259' title='bbox 443 3490 616 3558; x_wconf 89' lang='lat' dir='ltr'>dederunt</span> <span class='ocrx_word' id='word_1_260' title='bbox 639 3490 707 3576; x_wconf 90' lang='lat' dir='ltr'>ipsi</span> <span class='ocrx_word' id='word_1_261' title='bbox 732 3489 892 3558; x_wconf 90' lang='lat' dir='ltr'>iamdicti</span> <span class='ocrx_word' id='word_1_262' title='bbox 917 3489 1068 3558; x_wconf 90' lang='lat' dir='ltr'>donatus</span> <span class='ocrx_word' id='word_1_263' title='bbox 1091 3491 1128 3555; x_wconf 91' lang='lat' dir='ltr'>et</span> <span class='ocrx_word' id='word_1_264' title='bbox 1150 3486 1332 3573; x_wconf 87' lang='lat' dir='ltr'>predictus</span> <span class='ocrx_word' id='word_1_265' title='bbox 1355 3484 1516 3555; x_wconf 90' lang='lat' dir='ltr'>marinus</span> <span class='ocrx_word' id='word_1_266' title='bbox 1540 3487 1702 3571; x_wconf 86' lang='lat' dir='ltr'>anboque</span> <span class='ocrx_word' id='word_1_267' title='bbox 1726 3487 1900 3574; x_wconf 82' lang='lat' dir='ltr'>cognati,</span> <span class='ocrx_word' id='word_1_268' title='bbox 1923 3492 1959 3556; x_wconf 89' lang='lat' dir='ltr'>et</span> <span class='ocrx_word' id='word_1_269' title='bbox 1997 3489 2168 3559; x_wconf 90' lang='lat' dir='ltr'>mediato-</span> 
     </span>
     <span class='ocr_line' id='line_1_21' title="bbox 318 3637 2169 3729; baseline 0 -20"><span class='ocrx_word' id='word_1_270' title='bbox 318 3662 375 3713; x_wconf 90' lang='lat' dir='ltr'>res</span> <span class='ocrx_word' id='word_1_271' title='bbox 401 3643 504 3711; x_wconf 90' lang='lat' dir='ltr'>nobis</span> <span class='ocrx_word' id='word_1_272' title='bbox 527 3643 723 3729; x_wconf 85' lang='lat' dir='ltr'>posuerunt</span> <span class='ocrx_word' id='word_1_273' title='bbox 746 3659 783 3709; x_wconf 89' lang='lat' dir='ltr'>se</span> <span class='ocrx_word' id='word_1_274' title='bbox 808 3639 920 3726; x_wconf 75' lang='lat' dir='ltr'>ipsiS,</span> <span class='ocrx_word' id='word_1_275' title='bbox 944 3645 984 3706; x_wconf 93' lang='lat' dir='ltr'>ut</span> <span class='ocrx_word' id='word_1_276' title='bbox 1007 3638 1037 3704; x_wconf 88' lang='lat' dir='ltr'>si</span> <span class='ocrx_word' id='word_1_277' title='bbox 1061 3637 1186 3706; x_wconf 90' lang='lat' dir='ltr'>taliter</span> <span class='ocrx_word' id='word_1_278' title='bbox 1210 3639 1332 3705; x_wconf 91' lang='lat' dir='ltr'>omnia</span> <span class='ocrx_word' id='word_1_279' title='bbox 1355 3638 1598 3724; x_wconf 90' lang='lat' dir='ltr'>suprascripta</span> <span class='ocrx_word' id='word_1_280' title='bbox 1620 3638 1694 3705; x_wconf 89' lang='lat' dir='ltr'>illis</span> <span class='ocrx_word' id='word_1_281' title='bbox 1719 3639 1771 3706; x_wconf 90' lang='lat' dir='ltr'>uel</span> <span class='ocrx_word' id='word_1_282' title='bbox 1804 3639 1947 3708; x_wconf 91' lang='lat' dir='ltr'>illorum</span> <span class='ocrx_word' id='word_1_283' title='bbox 1983 3641 2106 3710; x_wconf 89' lang='lat' dir='ltr'>eredes</span> <span class='ocrx_word' id='word_1_284' title='bbox 2129 3643 2169 3708; x_wconf 90' lang='lat' dir='ltr'>in</span> 
     </span>
     <span class='ocr_line' id='line_1_22' title="bbox 316 3789 2169 3883; baseline -0.002 -18"><span class='ocrx_word' id='word_1_285' title='bbox 316 3815 400 3883; x_wconf 90' lang='lat' dir='ltr'>pars</span> <span class='ocrx_word' id='word_1_286' title='bbox 424 3795 537 3883; x_wconf 88' lang='lat' dir='ltr'>ipsius</span> <span class='ocrx_word' id='word_1_287' title='bbox 559 3796 707 3863; x_wconf 90' lang='lat' dir='ltr'>ecclesie</span> <span class='ocrx_word' id='word_1_288' title='bbox 730 3812 801 3862; x_wconf 90' lang='lat' dir='ltr'>non</span> <span class='ocrx_word' id='word_1_289' title='bbox 825 3791 1126 3879; x_wconf 87' lang='lat' dir='ltr'>hadimpleberint</span> <span class='ocrx_word' id='word_1_290' title='bbox 1151 3795 1186 3874; x_wconf 86' lang='lat' dir='ltr'>et</span> <span class='ocrx_word' id='word_1_291' title='bbox 1209 3789 1339 3877; x_wconf 92' lang='lat' dir='ltr'>aliquit</span> <span class='ocrx_word' id='word_1_292' title='bbox 1354 3789 1436 3856; x_wconf 91' lang='lat' dir='ltr'>inde</span> <span class='ocrx_word' id='word_1_293' title='bbox 1452 3791 1730 3878; x_wconf 82' lang='lat' dir='ltr'>contradixerit,</span> <span class='ocrx_word' id='word_1_294' title='bbox 1748 3810 1809 3878; x_wconf 90' lang='lat' dir='ltr'>per</span> <span class='ocrx_word' id='word_1_295' title='bbox 1827 3792 1905 3878; x_wconf 86' lang='lat' dir='ltr'>ipsa</span> <span class='ocrx_word' id='word_1_296' title='bbox 1922 3793 2057 3880; x_wconf 84' lang='lat' dir='ltr'>guadia</span> <span class='ocrx_word' id='word_1_297' title='bbox 2074 3811 2169 3861; x_wconf 91' lang='lat' dir='ltr'>com·</span> 
     </span>
     <span class='ocr_line' id='line_1_23' title="bbox 317 3942 2168 4038; baseline -0.001 -21"><span class='ocrx_word' id='word_1_298' title='bbox 317 3967 448 4038; x_wconf 89' lang='lat' dir='ltr'>ponere</span> <span class='ocrx_word' id='word_1_299' title='bbox 472 3951 724 4038; x_wconf 85' lang='lat' dir='ltr'>obligaberunt</span> <span class='ocrx_word' id='word_1_300' title='bbox 748 3968 785 4016; x_wconf 88' lang='lat' dir='ltr'>se</span> <span class='ocrx_word' id='word_1_301' title='bbox 810 3946 877 4035; x_wconf 91' lang='lat' dir='ltr'>ipsi</span> <span class='ocrx_word' id='word_1_302' title='bbox 901 3946 1035 4017; x_wconf 84' lang='lat' dir='ltr'>exdicti</span> <span class='ocrx_word' id='word_1_303' title='bbox 1060 3947 1212 4014; x_wconf 90' lang='lat' dir='ltr'>donatus</span> <span class='ocrx_word' id='word_1_304' title='bbox 1236 3949 1272 4012; x_wconf 93' lang='lat' dir='ltr'>et</span> <span class='ocrx_word' id='word_1_305' title='bbox 1298 3942 1480 4030; x_wconf 88' lang='lat' dir='ltr'>predictus</span> <span class='ocrx_word' id='word_1_306' title='bbox 1503 3943 1665 4011; x_wconf 93' lang='lat' dir='ltr'>marinus</span> <span class='ocrx_word' id='word_1_307' title='bbox 1695 3947 1730 4011; x_wconf 89' lang='lat' dir='ltr'>et</span> <span class='ocrx_word' id='word_1_308' title='bbox 1760 3946 1834 4012; x_wconf 90' lang='lat' dir='ltr'>suis</span> <span class='ocrx_word' id='word_1_309' title='bbox 1860 3947 2025 4016; x_wconf 90' lang='lat' dir='ltr'>eredibus</span> <span class='ocrx_word' id='word_1_310' title='bbox 2052 3947 2168 4038; x_wconf 90' lang='lat' dir='ltr'>mihi,</span> 
     </span>
     <span class='ocr_line' id='line_1_24' title="bbox 316 4097 2169 4190; baseline 0.001 -20"><span class='ocrx_word' id='word_1_311' title='bbox 316 4104 374 4172; x_wconf 88' lang='lat' dir='ltr'>uel</span> <span class='ocrx_word' id='word_1_312' title='bbox 397 4105 434 4171; x_wconf 92' lang='lat' dir='ltr'>in</span> <span class='ocrx_word' id='word_1_313' title='bbox 460 4121 545 4190; x_wconf 91' lang='lat' dir='ltr'>pars</span> <span class='ocrx_word' id='word_1_314' title='bbox 568 4102 682 4190; x_wconf 88' lang='lat' dir='ltr'>ipsius</span> <span class='ocrx_word' id='word_1_315' title='bbox 705 4102 852 4169; x_wconf 86' lang='lat' dir='ltr'>ecclesie</span> <span class='ocrx_word' id='word_1_316' title='bbox 876 4098 1006 4188; x_wconf 86' lang='lat' dir='ltr'>biginti</span> <span class='ocrx_word' id='word_1_317' title='bbox 1032 4099 1112 4168; x_wconf 91' lang='lat' dir='ltr'>auri</span> <span class='ocrx_word' id='word_1_318' title='bbox 1138 4097 1241 4166; x_wconf 90' lang='lat' dir='ltr'>solidi</span> <span class='ocrx_word' id='word_1_319' title='bbox 1268 4097 1500 4166; x_wconf 88' lang='lat' dir='ltr'>constantini.</span> <span class='ocrx_word' id='word_1_320' title='bbox 1527 4099 1811 4183; x_wconf 84' lang='lat' dir='ltr'>Verumtamen,</span> <span class='ocrx_word' id='word_1_321' title='bbox 1836 4101 1866 4166; x_wconf 90' lang='lat' dir='ltr'>si</span> <span class='ocrx_word' id='word_1_322' title='bbox 1899 4101 1977 4186; x_wconf 89' lang='lat' dir='ltr'>ipsa</span> <span class='ocrx_word' id='word_1_323' title='bbox 2011 4103 2169 4174; x_wconf 89' lang='lat' dir='ltr'>sortione</span> 
     </span>
     <span class='ocr_line' id='line_1_25' title="bbox 317 4253 2166 4345; baseline -0.002 -17"><span class='ocrx_word' id='word_1_324' title='bbox 317 4261 458 4330; x_wconf 90' lang='lat' dir='ltr'>illorum</span> <span class='ocrx_word' id='word_1_325' title='bbox 481 4259 523 4328; x_wconf 92' lang='lat' dir='ltr'>de</span> <span class='ocrx_word' id='word_1_326' title='bbox 545 4259 622 4345; x_wconf 88' lang='lat' dir='ltr'>ipsa</span> <span class='ocrx_word' id='word_1_327' title='bbox 645 4256 848 4345; x_wconf 79' lang='lat' dir='ltr'>lignamina</span> <span class='ocrx_word' id='word_1_328' title='bbox 871 4255 1091 4324; x_wconf 84' lang='lat' dir='ltr'>vindituram</span> <span class='ocrx_word' id='word_1_329' title='bbox 1117 4255 1172 4322; x_wconf 90' lang='lat' dir='ltr'>vel</span> <span class='ocrx_word' id='word_1_330' title='bbox 1195 4255 1363 4323; x_wconf 90' lang='lat' dir='ltr'>daturam</span> <span class='ocrx_word' id='word_1_331' title='bbox 1387 4253 1571 4340; x_wconf 88' lang='lat' dir='ltr'>abuerint,</span> <span class='ocrx_word' id='word_1_332' title='bbox 1594 4253 1660 4338; x_wconf 89' lang='lat' dir='ltr'>sic,</span> <span class='ocrx_word' id='word_1_333' title='bbox 1685 4257 1725 4320; x_wconf 93' lang='lat' dir='ltr'>ut</span> <span class='ocrx_word' id='word_1_334' title='bbox 1751 4253 1793 4320; x_wconf 89' lang='lat' dir='ltr'>de</span> <span class='ocrx_word' id='word_1_335' title='bbox 1810 4272 1877 4322; x_wconf 89' lang='lat' dir='ltr'>sua</span> <span class='ocrx_word' id='word_1_336' title='bbox 1893 4259 2064 4340; x_wconf 86' lang='lat' dir='ltr'>potestate</span> <span class='ocrx_word' id='word_1_337' title='bbox 2087 4259 2166 4326; x_wconf 90' lang='lat' dir='ltr'>siad</span> 
     </span>
     <span class='ocr_line' id='line_1_26' title="bbox 320 4405 2170 4498; baseline -0.003 -16"><span class='ocrx_word' id='word_1_338' title='bbox 320 4416 575 4497; x_wconf 86' lang='lat' dir='ltr'>substractum,</span> <span class='ocrx_word' id='word_1_339' title='bbox 598 4412 636 4478; x_wconf 92' lang='lat' dir='ltr'>in</span> <span class='ocrx_word' id='word_1_340' title='bbox 660 4411 755 4498; x_wconf 85' lang='lat' dir='ltr'>pars&#39;</span> <span class='ocrx_word' id='word_1_341' title='bbox 769 4407 882 4494; x_wconf 90' lang='lat' dir='ltr'>ipsius</span> <span class='ocrx_word' id='word_1_342' title='bbox 904 4406 1050 4476; x_wconf 90' lang='lat' dir='ltr'>ecclesie</span> <span class='ocrx_word' id='word_1_343' title='bbox 1075 4405 1156 4474; x_wconf 87' lang='lat' dir='ltr'>illut</span> <span class='ocrx_word' id='word_1_344' title='bbox 1179 4407 1330 4475; x_wconf 88' lang='lat' dir='ltr'>vindant</span> <span class='ocrx_word' id='word_1_345' title='bbox 1353 4406 1398 4475; x_wconf 87' lang='lat' dir='ltr'>ad</span> <span class='ocrx_word' id='word_1_346' title='bbox 1423 4408 1515 4475; x_wconf 89' lang='lat' dir='ltr'>iusto</span> <span class='ocrx_word' id='word_1_347' title='bbox 1538 4407 1717 4493; x_wconf 88' lang='lat' dir='ltr'>pretium,</span> <span class='ocrx_word' id='word_1_348' title='bbox 1754 4426 1824 4492; x_wconf 92' lang='lat' dir='ltr'>que</span> <span class='ocrx_word' id='word_1_349' title='bbox 1848 4407 1940 4476; x_wconf 90' lang='lat' dir='ltr'>iuste</span> <span class='ocrx_word' id='word_1_350' title='bbox 1971 4409 2083 4478; x_wconf 88' lang='lat' dir='ltr'>suerit</span> <span class='ocrx_word' id='word_1_351' title='bbox 2107 4430 2170 4496; x_wconf 92' lang='lat' dir='ltr'>ap-</span> 
     </span>
     <span class='ocr_line' id='line_1_27' title="bbox 318 4559 2169 4654; baseline -0.002 -22"><span class='ocrx_word' id='word_1_352' title='bbox 318 4565 542 4654; x_wconf 84' lang='lat' dir='ltr'>pretiatum3</span> <span class='ocrx_word' id='word_1_353' title='bbox 566 4567 602 4632; x_wconf 91' lang='lat' dir='ltr'>et</span> <span class='ocrx_word' id='word_1_354' title='bbox 626 4563 655 4630; x_wconf 90' lang='lat' dir='ltr'>si</span> <span class='ocrx_word' id='word_1_355' title='bbox 680 4582 762 4650; x_wconf 89' lang='lat' dir='ltr'>pars</span> <span class='ocrx_word' id='word_1_356' title='bbox 788 4561 901 4650; x_wconf 90' lang='lat' dir='ltr'>ipsius</span> <span class='ocrx_word' id='word_1_357' title='bbox 924 4560 1071 4629; x_wconf 88' lang='lat' dir='ltr'>ecclesie</span> <span class='ocrx_word' id='word_1_358' title='bbox 1095 4560 1252 4629; x_wconf 90' lang='lat' dir='ltr'>noluerit</span> <span class='ocrx_word' id='word_1_359' title='bbox 1278 4559 1360 4627; x_wconf 91' lang='lat' dir='ltr'>illut</span> <span class='ocrx_word' id='word_1_360' title='bbox 1383 4579 1500 4628; x_wconf 89' lang='lat' dir='ltr'>emere</span> <span class='ocrx_word' id='word_1_361' title='bbox 1525 4563 1560 4625; x_wconf 91' lang='lat' dir='ltr'>et</span> <span class='ocrx_word' id='word_1_362' title='bbox 1584 4559 1672 4627; x_wconf 90' lang='lat' dir='ltr'>dare</span> <span class='ocrx_word' id='word_1_363' title='bbox 1695 4560 1778 4628; x_wconf 91' lang='lat' dir='ltr'>inde</span> <span class='ocrx_word' id='word_1_364' title='bbox 1803 4560 1895 4628; x_wconf 89' lang='lat' dir='ltr'>iusto</span> <span class='ocrx_word' id='word_1_365' title='bbox 1919 4561 2100 4647; x_wconf 90' lang='lat' dir='ltr'>baliente,</span> <span class='ocrx_word' id='word_1_366' title='bbox 2127 4561 2169 4627; x_wconf 91' lang='lat' dir='ltr'>li-</span> 
     </span>
     <span class='ocr_line' id='line_1_28' title="bbox 316 4710 2201 4800; baseline -0.003 -13"><span class='ocrx_word' id='word_1_367' title='bbox 316 4722 403 4792; x_wconf 90' lang='lat' dir='ltr'>cead</span> <span class='ocrx_word' id='word_1_368' title='bbox 428 4721 501 4789; x_wconf 92' lang='lat' dir='ltr'>illis</span> <span class='ocrx_word' id='word_1_369' title='bbox 526 4738 584 4788; x_wconf 88' lang='lat' dir='ltr'>eos</span> <span class='ocrx_word' id='word_1_370' title='bbox 607 4720 694 4788; x_wconf 90' lang='lat' dir='ltr'>dare</span> <span class='ocrx_word' id='word_1_371' title='bbox 717 4720 775 4784; x_wconf 93' lang='lat' dir='ltr'>cui</span> <span class='ocrx_word' id='word_1_372' title='bbox 799 4715 979 4800; x_wconf 89' lang='lat' dir='ltr'>uoluerit;</span> <span class='ocrx_word' id='word_1_373' title='bbox 1003 4720 1039 4784; x_wconf 90' lang='lat' dir='ltr'>et</span> <span class='ocrx_word' id='word_1_374' title='bbox 1062 4715 1092 4782; x_wconf 92' lang='lat' dir='ltr'>si</span> <span class='ocrx_word' id='word_1_375' title='bbox 1118 4715 1242 4786; x_wconf 85' lang='lat' dir='ltr'>fecerit</span> <span class='ocrx_word' id='word_1_376' title='bbox 1264 4716 1341 4800; x_wconf 91' lang='lat' dir='ltr'>ipsa</span> <span class='ocrx_word' id='word_1_377' title='bbox 1365 4732 1448 4781; x_wconf 84' lang='lat' dir='ltr'>casa</span> <span class='ocrx_word' id='word_1_378' title='bbox 1471 4713 1509 4779; x_wconf 90' lang='lat' dir='ltr'>in</span> <span class='ocrx_word' id='word_1_379' title='bbox 1534 4710 1718 4798; x_wconf 90' lang='lat' dir='ltr'>solarium,</span> <span class='ocrx_word' id='word_1_380' title='bbox 1743 4715 1899 4780; x_wconf 86' lang='lat' dir='ltr'>habeant</span> <span class='ocrx_word' id='word_1_381' title='bbox 1916 4713 2096 4783; x_wconf 89' lang='lat' dir='ltr'>licentiam</span> <span class='ocrx_word' id='word_1_382' title='bbox 2112 4715 2164 4783; x_wconf 84' lang='lat' dir='ltr'>sa·</span> <span class='ocrx_word' id='word_1_383' title='bbox 2195 4763 2201 4773; x_wconf 80' lang='lat'>,</span> 
     </span>
     <span class='ocr_line' id='line_1_29' title="bbox 321 4862 2169 4956; baseline -0.006 -12"><span class='ocrx_word' id='word_1_384' title='bbox 321 4895 402 4944; x_wconf 89' lang='lat' dir='ltr'>cere</span> <span class='ocrx_word' id='word_1_385' title='bbox 426 4876 654 4943; x_wconf 90' lang='lat' dir='ltr'>mineaneum</span> <span class='ocrx_word' id='word_1_386' title='bbox 681 4871 721 4937; x_wconf 89' lang='lat' dir='ltr'>in</span> <span class='ocrx_word' id='word_1_387' title='bbox 745 4870 856 4939; x_wconf 92' lang='lat' dir='ltr'>altum</span> <span class='ocrx_word' id='word_1_388' title='bbox 882 4889 904 4938; x_wconf 91' lang='lat' dir='ltr'>a</span> <span class='ocrx_word' id='word_1_389' title='bbox 927 4887 1032 4956; x_wconf 89' lang='lat' dir='ltr'>super</span> <span class='ocrx_word' id='word_1_390' title='bbox 1058 4866 1135 4954; x_wconf 91' lang='lat' dir='ltr'>ipsa</span> <span class='ocrx_word' id='word_1_391' title='bbox 1159 4865 1219 4934; x_wconf 90' lang='lat' dir='ltr'>bia</span> <span class='ocrx_word' id='word_1_392' title='bbox 1243 4867 1279 4932; x_wconf 93' lang='lat' dir='ltr'>et</span> <span class='ocrx_word' id='word_1_393' title='bbox 1302 4881 1406 4950; x_wconf 90' lang='lat' dir='ltr'>super</span> <span class='ocrx_word' id='word_1_394' title='bbox 1431 4863 1507 4950; x_wconf 90' lang='lat' dir='ltr'>ipso</span> <span class='ocrx_word' id='word_1_395' title='bbox 1530 4863 1732 4949; x_wconf 84' lang='lat' dir='ltr'>bellonam,</span> <span class='ocrx_word' id='word_1_396' title='bbox 1756 4868 1792 4932; x_wconf 92' lang='lat' dir='ltr'>et</span> <span class='ocrx_word' id='word_1_397' title='bbox 1816 4862 1876 4930; x_wconf 89' lang='lat' dir='ltr'>ubi</span> <span class='ocrx_word' id='word_1_398' title='bbox 1902 4865 1974 4933; x_wconf 89' lang='lat' dir='ltr'>iam</span> <span class='ocrx_word' id='word_1_399' title='bbox 2005 4866 2043 4932; x_wconf 90' lang='lat' dir='ltr'>in</span> <span class='ocrx_word' id='word_1_400' title='bbox 2078 4868 2169 4936; x_wconf 89' lang='lat' dir='ltr'>sola-</span> 
     </span>
    </p>
   </div>
   <div class='ocr_carea' id='block_1_3' title="bbox 316 5016 2171 5116">
    <p class='ocr_par' dir='ltr' id='par_1_3' title="bbox 316 5016 2171 5116">
     <span class='ocr_line' id='line_1_30' title="bbox 316 5016 2171 5116; baseline -0.008 -16"><span class='ocrx_word' id='word_1_401' title='bbox 316 5032 413 5100; x_wconf 87' lang='lat' dir='ltr'>rium</span> <span class='ocrx_word' id='word_1_402' title='bbox 437 5029 517 5116; x_wconf 91' lang='lat' dir='ltr'>ipsa</span> <span class='ocrx_word' id='word_1_403' title='bbox 541 5047 624 5097; x_wconf 87' lang='lat' dir='ltr'>casa</span> <span class='ocrx_word' id='word_1_404' title='bbox 647 5027 767 5094; x_wconf 86' lang='lat' dir='ltr'>labala</span> <span class='ocrx_word' id='word_1_405' title='bbox 791 5024 991 5108; x_wconf 89' lang='lat' dir='ltr'>abuerint,</span> <span class='ocrx_word' id='word_1_406' title='bbox 1015 5022 1143 5090; x_wconf 88' lang='lat' dir='ltr'>darent</span> <span class='ocrx_word' id='word_1_407' title='bbox 1167 5037 1231 5105; x_wconf 90' lang='lat' dir='ltr'>per</span> <span class='ocrx_word' id='word_1_408' title='bbox 1255 5035 1389 5086; x_wconf 89' lang='lat' dir='ltr'>annum</span> <span class='ocrx_word' id='word_1_409' title='bbox 1412 5034 1556 5084; x_wconf 86' lang='lat' dir='ltr'>censum</span> <span class='ocrx_word' id='word_1_410' title='bbox 1583 5017 1683 5084; x_wconf 90' lang='lat' dir='ltr'>nobis</span> <span class='ocrx_word' id='word_1_411' title='bbox 1707 5016 1761 5084; x_wconf 82' lang='lat' dir='ltr'>rel</span> <span class='ocrx_word' id='word_1_412' title='bbox 1787 5019 1826 5084; x_wconf 89' lang='lat' dir='ltr'>in</span> <span class='ocrx_word' id='word_1_413' title='bbox 1849 5037 1933 5105; x_wconf 91' lang='lat' dir='ltr'>pars</span> <span class='ocrx_word' id='word_1_414' title='bbox 1970 5019 2081 5106; x_wconf 91' lang='lat' dir='ltr'>ipsius</span> <span class='ocrx_word' id='word_1_415' title='bbox 2114 5038 2171 5086; x_wconf 88' lang='lat' dir='ltr'>ec-</span> 
     </span>
    </p>
   </div>
   <div class='ocr_carea' id='block_1_4' title="bbox 319 5156 2171 5276">
    <p class='ocr_par' dir='ltr' id='par_1_4' title="bbox 319 5156 2171 5276">
     <span class='ocr_line' id='line_1_31' title="bbox 319 5156 2171 5276; baseline -0.008 -24"><span class='ocrx_word' id='word_1_416' title='bbox 319 5185 442 5270; x_wconf 88' lang='lat' dir='ltr'>clesie,</span> <span class='ocrx_word' id='word_1_417' title='bbox 467 5201 537 5269; x_wconf 93' lang='lat' dir='ltr'>que</span> <span class='ocrx_word' id='word_1_418' title='bbox 560 5197 624 5267; x_wconf 93' lang='lat' dir='ltr'>pro</span> <span class='ocrx_word' id='word_1_419' title='bbox 648 5179 723 5264; x_wconf 94' lang='lat' dir='ltr'>ipso</span> <span class='ocrx_word' id='word_1_420' title='bbox 746 5174 930 5244; x_wconf 90' lang='lat' dir='ltr'>catodeum</span> <span class='ocrx_word' id='word_1_421' title='bbox 955 5191 1023 5258; x_wconf 94' lang='lat' dir='ltr'>que</span> <span class='ocrx_word' id='word_1_422' title='bbox 1047 5188 1111 5258; x_wconf 87' lang='lat' dir='ltr'>pro</span> <span class='ocrx_word' id='word_1_423' title='bbox 1128 5170 1203 5256; x_wconf 90' lang='lat' dir='ltr'>ipso</span> <span class='ocrx_word' id='word_1_424' title='bbox 1219 5167 1389 5236; x_wconf 88' lang='lat' dir='ltr'>solarium</span> <span class='ocrx_word' id='word_1_425' title='bbox 1405 5156 1516 5276; x_wconf 66' lang='lat' dir='ltr'>unum</span> <span class='ocrx_word' id='word_1_426' title='bbox 1534 5186 1682 5235; x_wconf 91' lang='lat' dir='ltr'>aureum</span> <span class='ocrx_word' id='word_1_427' title='bbox 1699 5170 1769 5237; x_wconf 91' lang='lat' dir='ltr'>tari</span> <span class='ocrx_word' id='word_1_428' title='bbox 1786 5171 1918 5235; x_wconf 91' lang='lat' dir='ltr'>bonum</span> <span class='ocrx_word' id='word_1_429' title='bbox 1942 5173 1977 5236; x_wconf 92' lang='lat' dir='ltr'>et</span> <span class='ocrx_word' id='word_1_430' title='bbox 2000 5169 2110 5238; x_wconf 91' lang='lat' dir='ltr'>tertia</span> <span class='ocrx_word' id='word_1_431' title='bbox 2128 5170 2171 5237; x_wconf 89' lang='lat' dir='ltr'>de</span> 
     </span>
    </p>
   </div>
   <div class='ocr_carea' id='block_1_5' title="bbox 318 5318 2173 5732">
    <p class='ocr_par' dir='ltr' id='par_1_5' title="bbox 318 5318 2173 5732">
     <span class='ocr_line' id='line_1_32' title="bbox 318 5318 2173 5424; baseline -0.01 -19"><span class='ocrx_word' id='word_1_432' title='bbox 318 5337 392 5407; x_wconf 92' lang='lat' dir='ltr'>tari</span> <span class='ocrx_word' id='word_1_433' title='bbox 415 5387 424 5423; x_wconf 94' lang='lat'>,</span> <span class='ocrx_word' id='word_1_434' title='bbox 450 5337 492 5404; x_wconf 90' lang='lat' dir='ltr'>de</span> <span class='ocrx_word' id='word_1_435' title='bbox 516 5333 635 5422; x_wconf 88' lang='lat' dir='ltr'>qualis</span> <span class='ocrx_word' id='word_1_436' title='bbox 658 5333 801 5396; x_wconf 89' lang='lat' dir='ltr'>moneta</span> <span class='ocrx_word' id='word_1_437' title='bbox 822 5324 1037 5410; x_wconf 89' lang='lat' dir='ltr'>audaberit,</span> <span class='ocrx_word' id='word_1_438' title='bbox 1061 5329 1097 5392; x_wconf 91' lang='lat' dir='ltr'>et</span> <span class='ocrx_word' id='word_1_439' title='bbox 1119 5341 1191 5389; x_wconf 91' lang='lat' dir='ltr'>non</span> <span class='ocrx_word' id='word_1_440' title='bbox 1216 5322 1396 5389; x_wconf 89' lang='lat' dir='ltr'>iactarent</span> <span class='ocrx_word' id='word_1_441' title='bbox 1420 5319 1543 5424; x_wconf 84' lang='lat' dir='ltr'>aliqua</span> <span class='ocrx_word' id='word_1_442' title='bbox 1568 5318 1741 5386; x_wconf 90' lang='lat' dir='ltr'>sordietas</span> <span class='ocrx_word' id='word_1_443' title='bbox 1765 5319 1803 5384; x_wconf 91' lang='lat' dir='ltr'>in</span> <span class='ocrx_word' id='word_1_444' title='bbox 1827 5326 1943 5388; x_wconf 91' lang='lat' dir='ltr'>ortum</span> <span class='ocrx_word' id='word_1_445' title='bbox 1968 5321 2080 5406; x_wconf 91' lang='lat' dir='ltr'>ipsius</span> <span class='ocrx_word' id='word_1_446' title='bbox 2114 5340 2173 5388; x_wconf 92' lang='lat' dir='ltr'>ec·</span> 
     </span>
     <span class='ocr_line' id='line_1_33' title="bbox 318 5468 2129 5575; baseline -0.013 -19"><span class='ocrx_word' id='word_1_447' title='bbox 318 5490 429 5558; x_wconf 88' lang='lat' dir='ltr'>clesie</span> <span class='ocrx_word' id='word_1_448' title='bbox 453 5489 516 5575; x_wconf 92' lang='lat' dir='ltr'>qui</span> <span class='ocrx_word' id='word_1_449' title='bbox 542 5488 592 5555; x_wconf 92' lang='lat' dir='ltr'>ibi</span> <span class='ocrx_word' id='word_1_450' title='bbox 617 5486 815 5572; x_wconf 91' lang='lat' dir='ltr'>propinquo</span> <span class='ocrx_word' id='word_1_451' title='bbox 839 5499 915 5550; x_wconf 89' lang='lat' dir='ltr'>esse</span> <span class='ocrx_word' id='word_1_452' title='bbox 939 5478 1095 5545; x_wconf 86' lang='lat' dir='ltr'>videtur.</span> <span class='ocrx_word' id='word_1_453' title='bbox 1121 5473 1217 5549; x_wconf 81' lang='lat' dir='ltr'>Quod</span> <span class='ocrx_word' id='word_1_454' title='bbox 1241 5469 1367 5556; x_wconf 90' lang='lat' dir='ltr'>scripsi</span> <span class='ocrx_word' id='word_1_455' title='bbox 1391 5487 1457 5556; x_wconf 83' lang='lat' dir='ltr'>ego</span> <span class='ocrx_word' id='word_1_456' title='bbox 1481 5468 1676 5552; x_wconf 76' lang='lat' dir='ltr'>myrandus</span> <span class='ocrx_word' id='word_1_457' title='bbox 1699 5469 1863 5537; x_wconf 89' lang='lat' dir='ltr'>notarius</span> <span class='ocrx_word' id='word_1_458' title='bbox 1887 5471 1949 5555; x_wconf 91' lang='lat' dir='ltr'>qui</span> <span class='ocrx_word' id='word_1_459' title='bbox 1967 5469 2129 5537; x_wconf 84' lang='lat' dir='ltr'>interfui.</span> 
     </span>
     <span class='ocr_line' id='line_1_34' title="bbox 367 5614 1018 5732; baseline -0.02 -23"><span class='ocrx_word' id='word_1_460' title='bbox 367 5614 397 5732; x_wconf 92' lang='lat'>†</span> <span class='ocrx_word' id='word_1_461' title='bbox 423 5643 498 5730; x_wconf 82' lang='lat' dir='ltr'>Ego</span> <span class='ocrx_word' id='word_1_462' title='bbox 521 5638 722 5709; x_wconf 89' lang='lat' dir='ltr'>romoaldus</span> <span class='ocrx_word' id='word_1_463' title='bbox 746 5655 801 5704; x_wconf 87' lang='lat' dir='ltr'>me</span> <span class='ocrx_word' id='word_1_464' title='bbox 825 5631 1018 5718; x_wconf 88' lang='lat' dir='ltr'>subscripsi</span> 
     </span>
    </p>
   </div>
   <div class='ocr_carea' id='block_1_6' title="bbox 363 5769 987 5884">
    <p class='ocr_par' dir='ltr' id='par_1_6' title="bbox 363 5769 987 5884">
     <span class='ocr_line' id='line_1_35' title="bbox 363 5769 987 5884; baseline -0.029 -20"><span class='ocrx_word' id='word_1_465' title='bbox 363 5769 394 5884; x_wconf 89' lang='lat'><em>†</em></span> <span class='ocrx_word' id='word_1_466' title='bbox 419 5797 493 5884; x_wconf 83' lang='lat' dir='ltr'>Ego</span> <span class='ocrx_word' id='word_1_467' title='bbox 517 5794 674 5864; x_wconf 89' lang='lat' dir='ltr'>ademari</span> <span class='ocrx_word' id='word_1_468' title='bbox 700 5811 755 5859; x_wconf 89' lang='lat' dir='ltr'>me</span> <span class='ocrx_word' id='word_1_469' title='bbox 780 5782 987 5870; x_wconf 87' lang='lat' dir='ltr'>subscripsi.</span> 
     </span>
    </p>
   </div>
   <div class='ocr_carea' id='block_1_7' title="bbox 0 0 2728 7092">
    <p class='ocr_par' dir='ltr' id='par_1_7' title="bbox 0 0 2728 7092">
     <span class='ocr_line' id='line_1_36' title="bbox 0 0 2728 7092; baseline 0 0"><span class='ocrx_word' id='word_1_470' title='bbox 0 0 2728 7092; x_wconf 95' lang='lat' dir='ltr'> </span> 
     </span>
    </p>
   </div>
  </div>
 </body>
</html>
