5466 7106
1051 529 1460 610 olrlolllrlous
2065 539 2133 611 167

333 771 424 824 nare
449 751 638 826 arboribus
662 757 698 822 et
721 752 788 858 viti
812 753 855 825 de
878 773 968 824 vono
983 755 1129 845 vitineo,
1146 761 1181 826 et
1196 762 1307 828 totum
1321 778 1470 848 surgere
1486 778 1629 850 vonum,
1645 765 1682 830 et
1696 762 1893 848 perlectum
1910 764 2097 832 arbustum
2113 783 2178 851 ρον

330 924 469 976 annum
491 904 541 974 ivi
565 906 698 975 sactum
722 909 867 992 abeant,
891 911 927 976 et
949 909 1039 976 bene
1061 908 1406 995 pareadlavoratum
1422 913 1458 978 et
1475 916 1627 980 surium.
1653 913 1698 980 Et
1722 931 1784 998 per
1809 931 1945 982 annum
1969 929 2032 999 ρον
2054 913 2180 980 vinde·

329 1058 402 1127 mie
427 1058 553 1128 amodo
576 1065 612 1128 ct
634 1076 773 1147 semper
797 1059 858 1130 ille
884 1061 940 1129 vel
963 1079 1044 1128 suos
1059 1061 1179 1130 eredes
1203 1062 1341 1132 saciant
1365 1063 1448 1132 inde
1464 1065 1556 1132 scire
1572 1083 1656 1152 pars
1679 1065 1793 1134 nostri
1818 1065 2041 1152 monasterii,
2067 1071 2106 1134 ut
2125 1065 2180 1134 di-

333 1210 498 1298 rigamus
522 1210 573 1280 ibi
597 1165 745 1280 missum
768 1217 945 1300 nostrum,
967 1217 1003 1282 et
1027 1213 1087 1281 ille
1111 1213 1165 1281 vel
1189 1233 1270 1282 suos
1294 1215 1415 1284 eredes
1438 1235 1501 1302 per
1518 1235 1653 1318 annum
1669 1236 1731 1302 per
1747 1221 1905 1304 tempum
1927 1222 2040 1286 totum
2063 1217 2181 1304 ipsum

328 1365 516 1434 arbustum
539 1363 773 1452 uindemiare,
799 1367 835 1434 et
856 1384 977 1434 omnes
993 1367 1118 1434 binum
1134 1369 1170 1436 et
1185 1385 1337 1454 pomam,
1354 1387 1461 1454 quam
1475 1367 1605 1437 exinde
1621 1369 1763 1455 exierit,
1781 1388 1844 1454 per
1862 1370 2092 1438 medietatem
2108 1371 2179 1438 ivi-

334 1537 403 1604 que
427 1518 473 1588 ad
496 1519 716 1606 pulmentum
741 1520 817 1607 ipso
840 1521 965 1588 vinum
987 1539 1069 1587 cum
1093 1523 1167 1606 ipso
1190 1519 1334 1588 missum
1358 1525 1521 1588 nostrum
1546 1521 1721 1592 dividant:
1747 1521 1823 1609 ipso
1846 1526 1993 1592 missum
2009 1529 2172 1592 nostrum

333 1672 443 1742 tollad
467 1672 550 1740 inde
575 1673 779 1752 medietate,
805 1679 842 1742 et
864 1674 926 1740 ille
948 1673 1004 1741 vel
1028 1693 1109 1741 suos
1133 1673 1255 1743 eredes
1277 1674 1386 1744 tollad
1409 1674 1492 1742 inde
1517 1675 1594 1761 ipsa
1617 1675 1718 1744 helia
1733 1675 1970 1764 medietatem,
1987 1677 2178 1746 sortionem

333 1826 376 1894 de
400 1829 477 1913 ipso
499 1828 623 1894 vinum
645 1827 794 1914 predicti
812 1829 1020 1898 monasterii
1039 1827 1195 1913 reponad
1210 1828 1248 1894 in
1264 1845 1421 1914 organea
1437 1828 1481 1896 ad
1497 1829 1575 1896 sala
1591 1829 1633 1895 de
1649 1827 1768 1894 eodem
1785 1827 1860 1894 loco
1878 1829 2037 1898 iamdicti
2054 1848 2180 1900 mona·

333 1981 434 2048 sterii
458 1981 711 2068 pertinentem.
730 1983 774 2051 Et
798 1982 876 2071 ipsa
899 2000 1055 2068 organea
1071 1999 1133 2068 per
1150 1981 1252 2048 illum
1268 1981 1396 2048 eteius
1412 1982 1534 2048 eredes
1551 1983 1716 2050 conoiaro
1733 1988 1768 2049 et
1785 1982 1946 2052 studiare
1971 1985 2100 2052 bonam
2116 2003 2180 2071 per

334 2153 471 2206 annum
488 2135 532 2206 ad
549 2136 627 2224 ipsa
642 2136 732 2224 sala3
751 2137 829 2224 ipso
844 2136 991 2204 missum
1013 2133 1166 2222 predicti
1191 2136 1413 2222 monasterii,
1429 2137 1514 2204 dum
1530 2136 1661 2204 ibidem
1679 2136 1820 2206 steterit
1843 2155 1906 2224 pro
1929 2138 2178 2224 recipiendum

336 2291 413 2377 ipso
435 2291 572 2377 vinum,
598 2289 671 2358 illis
693 2295 813 2360 aulem
836 2309 917 2358 eum
940 2289 1076 2358 notrire
1100 2291 1294 2359 secundum
1317 2309 1383 2360 sua
1406 2290 1696 2382 possibilitatem,
1720 2297 1757 2360 et
1787 2291 2081 2379 palmentaticum
2111 2311 2176 2378 per

331 2465 469 2516 annum
492 2447 537 2516 ad
561 2466 645 2532 pars
668 2446 780 2514 nostri
804 2444 1012 2514 monasterii
1036 2447 1158 2531 deant3
1183 2446 1262 2534 ipsa
1285 2467 1389 2534 poma
1411 2469 1480 2536 que
1497 2451 1548 2518 ibi
1565 2455 1663 2537 sunt,
1686 2468 1749 2536 per
1772 2467 1908 2518 annum
1930 2467 1993 2536 per
2017 2454 2177 2535 tempum

332 2598 395 2668 ille
416 2599 472 2666 vel
496 2601 575 2668 eius
598 2599 720 2669 eredes
744 2599 924 2688 colligere,
948 2604 984 2668 et
1007 2601 1133 2669 inclita
1157 2601 1383 2670 medietatem
1406 2601 1450 2670 ad
1473 2621 1556 2688 pars
1579 2602 1729 2689 predicti
1753 2603 1961 2672 monasterii
1989 2604 2099 2674 dare:
2132 2605 2176 2672 de

335 2753 497 2840 predicta
518 2753 678 2823 clusuria
701 2754 744 2821 de
768 2759 866 2822 terra
890 2771 970 2820 oum
994 2753 1249 2821 casstanietum
1273 2771 1336 2838 per
1360 2754 1434 2840 ipse
1457 2753 1540 2820 finis
1553 2757 1588 2822 et
1603 2770 1789 2822 mensuras
1812 2753 2025 2822 tradidimus
2048 2757 2132 2824 inde
2147 2757 2181 2824 ei

333 2908 480 2976 tertiam
496 2911 634 2994 partem
651 2907 690 2974 in
706 2911 808 2994 parte
824 2905 1031 2993 occidentis,
1047 2905 1115 2974 due
1131 2907 1218 2973 sorti
1233 2905 1316 2974 inde
1332 2906 1594 2973 reservavimus
1610 2904 1647 2970 in
1664 2910 1766 2990 parte
1783 2875 1935 2991 predicti
1957 2907 2180 2991 monasterii3

333 3059 449 3146 ipsam
470 3059 617 3131 tertiam
639 3065 792 3149 partem,
809 3059 901 3146 quod
917 3057 1000 3126 inde
1016 3058 1051 3126 ei
1066 3055 1292 3144 tradidimus²
1316 3057 1441 3127 amodo
1464 3061 1656 3144 pastenare
1680 3062 1716 3124 et
1739 3075 1888 3144 operare
1911 3060 2106 3146 perfectum
2122 3079 2182 3129 ar·

335 3215 488 3302 bustum,
514 3218 554 3282 ut
576 3215 673 3282 omni
696 3219 852 3300 tempore
874 3213 1069 3300 perlectum
1085 3213 1269 3280 arbustum
1285 3211 1336 3278 ibi
1351 3212 1495 3297 abeant,
1509 3217 1544 3278 et
1560 3229 1622 3296 per
1644 3227 1781 3278 annum
1805 3213 1894 3278 bene
1917 3213 2049 3298 paread
2078 3214 2180 3281 lavo·
2218 3183 2221 3190 Ι

335 3373 467 3439 ratum.
492 3371 539 3438 Et
561 3372 623 3438 ubi
646 3369 803 3457 potuerit
825 3373 861 3438 ct
883 3369 1069 3453 meruerit,
1087 3367 1223 3436 saciant
1238 3365 1287 3432 ivi
1305 3367 1489 3435 insitetum
1513 3366 1720 3452 perlectum.
1747 3367 1792 3432 Et
1815 3385 1835 3434 a
1860 3383 1930 3452 quo
1953 3367 2097 3456 vinum,
2124 3371 2180 3438 vel

330 3521 473 3610 insites,
498 3543 598 3593 scum
623 3527 772 3593 castane
794 3539 1008 3609 perannum
1025 3520 1149 3590 amodo
1164 3524 1200 3588 et
1215 3520 1313 3588 omni
1329 3525 1485 3607 tempore
1501 3519 1627 3588 inclita
1644 3519 1869 3588 medietatem
1892 3521 1967 3606 ipse
1991 3525 2179 3592 casstanee

327 3683 364 3747 et
379 3679 504 3748 insitas
526 3679 632 3748 seoke
655 3676 704 3744 ibi
728 3695 792 3764 per
814 3681 972 3763 tempum
987 3675 1034 3744 ad
1049 3675 1197 3741 missum
1213 3664 1364 3759 predicti
1379 3673 1588 3741 monasterii
1604 3672 1703 3758 dare,
1719 3689 1782 3738 seu
1799 3653 1911 3758 pomis
1928 3691 1997 3758 que
2021 3675 2097 3759 ipse
2124 3675 2180 3744 ibi

329 3836 524 3920 pastenare
548 3832 663 3900 debet.
688 3833 735 3897 Et
757 3829 836 3917 ipsa
860 3828 1087 3897 medietatem
1110 3827 1153 3893 de
1177 3827 1252 3912 ipso
1275 3825 1398 3892 vinum
1421 3824 1587 3891 similiter
1611 3841 1673 3910 per
1690 3841 1824 3890 annum
1841 3842 1922 3890 cum
1939 3823 2013 3909 ipso
2030 3823 2179 3892 missum

328 3990 482 4079 predicti
507 3984 717 4058 monasterii
743 3985 793 4054 ibi
817 3985 863 4055 ad
885 3984 1106 4072 palmentum
1129 3979 1307 4050 dividant:
1332 3978 1393 4048 ille
1415 3976 1524 4046 tollad
1547 3975 1603 4045 vel
1625 3975 1702 4046 eius
1725 3977 1802 4045 eius
1817 3977 1939 4046 eredes
1961 3978 2004 4046 de
2028 3977 2104 4065 ipso
2122 3980 2179 4049 vi-

326 4159 412 4208 num
436 4139 678 4226 medietatem,
704 4143 741 4207 et
764 4138 911 4206 missum
934 4137 1048 4204 nostri
1073 4133 1282 4204 monasterii
1306 4133 1379 4203 alia
1402 4132 1639 4201 medietatem.
1657 4131 1702 4199 Et
1725 4131 1785 4199 ille
1809 4132 1863 4199 vel
1878 4150 1958 4200 suos
1973 4132 2094 4201 eredes
2111 4153 2176 4221 ρον

328 4313 467 4364 annum
490 4311 554 4381 per
578 4298 736 4380 tempum
758 4291 802 4360 de
827 4288 1004 4358 vindemie
1028 4289 1187 4375 portaret
1210 4286 1286 4374 ipso
1309 4289 1432 4355 binum
1448 4285 1494 4353 ad
1517 4285 1596 4372 ipsa
1612 4284 1690 4354 sala
1705 4289 1741 4353 et
1758 4279 1900 4353 mittere
1912 4285 1951 4353 in
1968 4287 2043 4373 ipse
2061 4289 2161 4358 buoti
2168 4339 2179 4375 ,

324 4456 361 4521 et
385 4451 509 4521 omnia
532 4450 615 4519 inde
637 4449 754 4518 secere
777 4451 814 4516 et
836 4445 1031 4533 adimplere
1053 4443 1114 4513 ille
1137 4443 1190 4511 vel
1214 4442 1292 4512 eius
1315 4442 1437 4510 eredes
1461 4441 1500 4508 in
1523 4457 1608 4528 pars
1629 4438 1781 4526 predicti
1793 4441 2002 4509 monasterii
2025 4461 2088 4529 per
2106 4460 2175 4511 an-

324 4625 425 4692 num,
449 4605 542 4673 siout
565 4607 601 4672 et
622 4601 665 4670 de
689 4600 764 4688 ipso
787 4596 859 4668 alio
883 4597 1007 4666 binum
1030 4614 1098 4682 que
1121 4595 1164 4663 de
1187 4595 1264 4682 ipsa
1287 4595 1405 4680 priore
1428 4593 1586 4661 clusurio
1610 4592 1756 4680 legitur.
1790 4593 1834 4660 Et
1856 4592 1899 4660 de
1929 4595 2021 4680 quod
2045 4595 2098 4663 ibi
2121 4614 2179 4666 se·
2215 4561 2221 4574 Ι

323 4759 518 4830 minaberit
540 4777 603 4846 per
626 4773 775 4840 annum,
799 4750 926 4820 inclita
950 4751 1097 4818 tertiam
1120 4751 1259 4834 partem
1275 4766 1337 4835 per
1354 4751 1511 4835 tempum
1528 4748 1579 4816 ibi
1595 4748 1641 4815 ad
1658 4747 1804 4814 missum
1827 4751 1989 4815 nostrum
2004 4749 2108 4820 dare.
2128 4750 2176 4819 Et

325 4919 401 5006 ipso
424 4917 584 5004 missum,
608 4917 644 4982 ct
666 4929 784 4999 poma,
807 4912 844 4976 et
866 4904 1158 4994 palmentaticum
1182 4903 1303 4972 omnia
1327 4901 1388 4970 ille
1403 4901 1457 4969 vel
1474 4901 1596 4970 eredes
1619 4900 1702 4970 inde
1725 4919 1788 4987 per
1812 4919 1948 4970 annum
1965 4901 2179 4990 adinpleant

327 5073 367 5142 in
390 5077 494 5160 parte
516 5067 669 5158 predicti
692 5061 917 5148 monasterii,
942 5059 1034 5128 sicut
1056 5062 1092 5126 et
1114 5057 1157 5125 de
1174 5058 1251 5144 ipsa
1274 5056 1391 5143 priore
1414 5053 1575 5121 clusurio
1598 5071 1667 5138 que
1702 5071 1812 5140 supra
1846 5051 1995 5142 legitur,
2032 5060 2068 5124 et
2100 5058 2177 5126 tota

323 5225 532 5316 supradicta
553 5221 798 5307 traditionem,
814 5217 907 5305 quod
922 5213 1087 5302 superius
1103 5210 1249 5298 legitur,
1266 5209 1326 5275 ille
1342 5207 1397 5275 vel
1413 5207 1492 5274 eius
1507 5205 1629 5275 eredes
1645 5207 1833 5274 cirooitum
1856 5207 2001 5276 cludere
2026 5210 2177 5282 bonurn.

326 5381 372 5450 Et
394 5379 500 5468 quale
522 5383 680 5466 tempore
702 5375 763 5443 ille
787 5371 840 5441 vel
865 5371 944 5440 eius
966 5365 1087 5436 eredes
1110 5369 1183 5433 tota
1198 5357 1406 5448 supradicta
1421 5361 1529 5427 rebus
1543 5363 1665 5427 tenere
1682 5363 1720 5427 et
1735 5358 1901 5427 laborare
1916 5359 2089 5450 noluerit,
2106 5369 2173 5432 aut

325 5553 398 5603 non
421 5536 588 5623 potuerit,
614 5536 702 5602 tunc
725 5528 788 5598 ille
811 5523 865 5594 vel
889 5525 968 5594 eius
991 5520 1113 5592 eredes
1138 5521 1214 5586 tota
1231 5511 1474 5602 suprascripta
1498 5513 1616 5598 rebus,
1641 5511 1734 5597 quod
1757 5511 1923 5599 superius
1950 5513 1985 5582 ei
2009 5516 2177 5605 tradidit,

322 5693 441 5778 surra,
465 5689 635 5777 perfecta,
666 5687 828 5773 operata,
852 5680 967 5766 salba,
984 5682 1019 5748 et
1035 5673 1219 5745 circoitum
1243 5670 1342 5738 clusa
1366 5668 1459 5734 bone
1475 5666 1705 5732 remitterent
1722 5665 1767 5733 ad
1783 5669 1991 5752 potestatem
2015 5671 2171 5757 predicti

325 5841 549 5932 monasterii,
574 5837 777 5911 faciendum
802 5833 896 5922 quod
919 5829 1089 5915 boluerit,
1104 5831 1139 5895 et
1157 5823 1271 5895 licead
1293 5822 1394 5890 illum
1418 5825 1453 5890 et
1475 5819 1551 5890 eius
1575 5818 1695 5888 eredes
1717 5789 1801 5888 i'nde
1823 5821 1942 5890 excire
1957 5841 2039 5890 cum
2053 5825 2175 5895 omnia
