5422 7102
1008 579 1414 658 DiPLOMATlCUS
2014 587 2085 658 2⁹29

281 809 334 876 vel
360 807 490 877 exinde
514 807 670 876 dandum
698 811 762 876 aut
787 806 1015 877 alienandum
1032 825 1095 892 per
1111 807 1210 876 nulla
1236 810 1389 898 rationo,
1413 814 1545 898 etpost
1571 831 1687 880 meum
1704 811 1839 880 ovitum
1855 815 1929 881 tota
1945 813 1982 879 61
1998 810 2126 880 inclita

284 957 361 1046 ipsa
384 959 613 1028 medietatem
637 959 679 1026 de
705 960 783 1046 ipsa
809 961 943 1044 quarta
966 976 1112 1044 meaque
1136 957 1258 1027 aloare
1284 963 1488 1030 reserbatur
1512 963 1556 1030 ad
1580 967 1787 1049 potestatem
1812 968 2037 1050 vestramque
2061 961 2132 1030 viri

283 1116 318 1179 et
344 1111 448 1201 uxori
478 1113 514 1178 61
539 1111 582 1178 de
606 1111 734 1180 restris
757 1107 946 1194 enodibus,
972 1109 1017 1176 ad
1040 1109 1217 1178 abendum
1241 1112 1340 1180 illam
1365 1131 1504 1200 semper
1527 1118 1605 1200 post
1629 1134 1744 1182 meum
1770 1116 1933 1202 obitum,
1958 1116 2052 1183 sicut
2076 1133 2136 1181 su-

284 1265 408 1350 perius
431 1263 529 1334 illam
555 1261 654 1329 vobis
677 1260 901 1344 benumdedi‚
926 1279 989 1346 per
1011 1263 1214 1346 supradicta
1238 1265 1371 1350 guadia
1394 1271 1430 1332 ot
1453 1266 1612 1354 obligata
1637 1285 1742 1353 pena,
1759 1267 1845 1354 quia
1861 1269 1983 1335 omnia
2001 1285 2134 1354 supra-

286 1421 422 1506 scripta
447 1417 512 1486 feci
538 1434 600 1504 per
623 1415 854 1484 bolumtatem
879 1413 1074 1501 supradicti
1112 1413 1259 1482 iohanni
1294 1415 1388 1482 filius
1412 1435 1556 1503 meum,
1582 1417 1620 1482 in
1643 1417 1745 1483 cuius
1777 1416 1963 1483 mundium
1988 1435 2066 1483 sum
2092 1423 2130 1484 et

285 1592 359 1642 una
383 1591 463 1640 cum
489 1571 605 1655 illum,
631 1573 723 1639 sicut
745 1569 909 1656 superius
932 1569 1077 1656 legitur,
1101 1567 1296 1654 dequibus
1320 1568 1387 1635 due
1411 1569 1547 1636 cartule
1569 1569 1612 1635 de
1637 1587 1707 1636 uno
1731 1570 1846 1636 tinore
1872 1569 1955 1636 inde
1976 1568 2135 1636 scribere

286 1729 449 1812 fecimus
474 1727 545 1794 ista
568 1725 658 1811 quod
684 1725 815 1793 retinet
839 1722 914 1808 ipse
937 1727 1058 1807 petrus
1082 1741 1161 1790 cum
1188 1721 1264 1808 ipsa
1290 1740 1400 1790 uxore
1424 1742 1502 1804 sua,
1527 1727 1563 1790 ot
1587 1722 1660 1790 alia
1683 1723 1799 1791 simile
1824 1723 1917 1808 quod
1934 1723 2135 1792 retinemus

286 1898 353 1948 nos
376 1878 533 1950 iamdicti
551 1882 666 1945 mater
690 1880 725 1944 et
740 1873 847 1943 filius
867 1876 909 1940 Et
926 1873 1047 1942 taliter
1064 1873 1217 1940 scribere
1236 1877 1439 1960 rogavimus
1464 1883 1497 1940 to
1515 1875 1674 1942 adomari
1692 1877 1855 1942 notarius
1872 1880 1954 1944 actu
1973 1875 2134 1942 salerno.

333 2005 362 2122 †
390 2031 464 2120 Ego
488 2034 548 2120 qui
573 2050 682 2117 supra
706 2029 871 2116 grimoalt
901 2047 1015 2094 comes
1040 2033 1075 2093 61
1099 2029 1220 2094 iudex.

1095 2698 1164 2778 D(
1171 2697 1336 2778 lCCL.

1079 2959 1131 3034 A·
1160 2957 1208 3033 D.
1239 2955 1366 3034 1033.

337 3209 437 3348 ‘ila
461 3255 606 3324 nomine
631 3252 765 3320 domini
790 3249 1052 3336 quintodecimo
1075 3263 1171 3314 anno
1200 3247 1423 3332 principatus
1449 3244 1567 3311 domni
1606 3243 1718 3308 nostri
1755 3241 1934 3327 guaimari
1971 3243 2146 3328 gloriosus

291 3413 476 3500 princepS,
500 3409 597 3478 filius
620 3405 797 3494 quondam
822 3403 938 3470 domni
966 3401 1146 3490 guaimari
1172 3398 1356 3485 principis,
1381 3414 1501 3464 mense
1518 3396 1674 3481 magius
1691 3393 1808 3479 prima
1825 3393 2034 3462 indictione.
2053 3399 2145 3465 Anto

293 3587 350 3636 me
374 3563 598 3654 grimoaldus
621 3577 736 3626 comes
760 3563 795 3626 61
819 3555 927 3622 iudex
950 3555 1112 3620 coniunti
1136 3557 1219 3618 sunt
1244 3552 1389 3620 iennaci
1413 3549 1632 3618 atrianensis
1658 3547 1752 3615 lilius
1775 3550 1952 3634 quondam
1978 3547 2070 3617 looni
2102 3551 2145 3618 de

292 3718 433 3788 marino
457 3715 577 3783 iudice
600 3731 680 3779 cum
704 3707 845 3778 marino
869 3706 1074 3776 atrianense
1099 3720 1269 3790 germano
1307 3704 1419 3789 ipsius
1455 3701 1630 3786 iannaci‚
1665 3707 1700 3769 et
1734 3700 1856 3768 statim
1879 3701 1954 3786 ipse
1983 3703 2145 3770 marinus

294 3869 490 3942 adsociavit
512 3865 628 3935 omnis
651 3865 758 3930 rebus
780 3859 935 3946 sterile,
959 3858 1051 3944 quod
1075 3857 1217 3924 illoruin
1240 3856 1395 3943 pertinet
1419 3858 1565 3940 aparte
1588 3853 1700 3940 ipsius
1723 3855 1877 3940 genitori
1901 3857 1937 3922 61
1961 3855 2145 3942 genetrice

294 4026 453 4110 illorum,
478 4027 515 4091 et
538 4020 623 4090 lecit
647 4019 729 4087 inde
754 4015 822 4083 due
845 4015 951 4098 socie;
977 4030 1051 4080 una
1074 4011 1169 4079 socia
1194 4011 1260 4078 feci
1284 4009 1327 4078 de
1351 4009 1474 4077 inclite
1497 4008 1604 4076 terris
1627 4027 1707 4075 cum
1730 4007 1822 4077 casis
1837 4009 1979 4076 fabrilis
1996 4013 2031 4078 et
2049 4011 2147 4078 terra

294 4178 436 4263 bacina,
461 4191 529 4262 que
551 4187 738 4240 commune
762 4169 875 4237 abunt
898 4167 995 4232 intus
1019 4164 1192 4249 prefatam
1215 4159 1362 4228 civitate
1385 4159 1539 4228 salerno.
1565 4161 1610 4227 Et
1633 4161 1672 4227 in
1696 4159 1766 4227 ista
1789 4157 1886 4227 socia
1910 4158 2069 4228 adiunsit
2092 4161 2148 4228 in·
2171 4115 2176 4126 Ι

294 4332 382 4398 clita
408 4331 514 4398 rebus
538 4328 680 4394 illorum
704 4322 747 4389 de
772 4321 885 4388 locum
908 4315 1020 4386 airole
1043 4321 1078 4384 et
1101 4315 1242 4401 pantu,
1266 4315 1439 4398 quantum
1464 4314 1669 4398 quantoque
1693 4312 1732 4378 in
1756 4310 1830 4398 ipso
1854 4311 1969 4379 locum
1990 4313 2148 4400 ipsorum

293 4484 461 4574 germani
485 4482 688 4572 pertincte
711 4480 811 4564 parte
835 4475 948 4560 ipsius
970 4468 1125 4558 genitori
1141 4471 1180 4535 et
1194 4466 1376 4554 genetrice
1400 4465 1555 4532 illorum.
1581 4466 1626 4534 Et
1649 4465 1711 4552 qui
1735 4466 1805 4534 ista
1827 4467 1924 4536 socia
1947 4485 2149 4555 compreen-

294 4640 396 4726 serit‚
420 4635 622 4704 dividerent
645 4630 747 4698 illam
771 4628 867 4694 iusta
891 4625 1028 4694 ratione
1052 4622 1091 4689 in
1114 4620 1183 4688 due
1206 4618 1323 4705 sortis,
1340 4637 1422 4685 cum
1439 4617 1515 4685 vice
1531 4617 1574 4685 de
1592 4617 1648 4685 bie
1666 4621 1701 4686 et
1717 4616 1840 4686 andito
1855 4635 1931 4685 suc.
1949 4617 2033 4687 Alia
2053 4621 2149 4687 socia
2222 4607 2228 4626 ⁴

294 4794 361 4862 feci
378 4749 430 4858 de
456 4791 533 4855 tota
556 4789 593 4852 et
616 4781 742 4849 inclita
765 4781 873 4846 rebus
898 4777 1054 4862 ipsorum
1078 4773 1242 4860 germani
1267 4771 1310 4840 de
1332 4769 1447 4837 locum
1473 4769 1602 4856 beleni,
1626 4769 1726 4838 etde
1750 4771 1865 4837 locum
1888 4775 2024 4856 celare,
2048 4773 2149 4842 etde

295 4946 409 5012 locum
435 4940 621 5028 pasciano,
646 4933 748 5001 etde
774 4929 888 4996 locum
913 4927 999 5013 sepi,
1023 4927 1065 4993 de
1089 4929 1262 5011 quantum
1286 4929 1490 5010 quantoque
1512 4925 1551 4990 in
1575 4925 1747 5010 predictis
1770 4925 1855 4992 locis
1883 4927 2040 5012 ipsorum
2071 4943 2152 5012 ger-

295 5095 394 5164 mani
420 5099 474 5162 est
497 5089 718 5178 pertinentes
742 5086 848 5152 abero
873 5102 896 5148 a
919 5084 1020 5166 parte
1045 5077 1157 5164 ipsius
1180 5077 1335 5164 genitori
1358 5082 1394 5145 et
1416 5080 1599 5164 genetrice
1623 5077 1777 5145 illorum.
1803 5080 1847 5146 Et
1871 5077 1932 5164 qui
1957 5077 2027 5148 ista
2055 5081 2149 5149 socia

299 5241 592 5334 compreenserit,
617 5238 818 5307 dividerent
842 5233 943 5302 illum
968 5233 1062 5300 iusta
1085 5231 1224 5300 ratione
1248 5233 1287 5300 in
1310 5231 1379 5300 due
1402 5229 1519 5317 sortis,
1544 5250 1627 5299 cum
1654 5234 1730 5301 vice
1753 5233 1796 5301 de
1821 5233 1878 5300 bie
1902 5251 1975 5302 sue.
2005 5235 2052 5301 Et
2075 5235 2151 5320 ipse

300 5401 449 5471 iannaci
473 5394 711 5484 compreensit
732 5391 775 5459 de
799 5391 874 5476 ipse
898 5387 991 5454 socie
1015 5386 1093 5472 ipsa
1115 5381 1211 5453 socia
1234 5385 1429 5471 posteriore
1452 5385 1495 5453 de
1519 5387 1595 5473 ipsa
1611 5389 1716 5454 rebus
1732 5408 1754 5456 a
1769 5389 1863 5456 foras
1885 5391 1980 5455 hanc
2001 5387 2149 5456 civitate

300 5555 344 5622 de
371 5549 552 5622 iamdictis
575 5547 675 5633 16611,
699 5543 793 5612 sicut
815 5559 925 5628 supra
948 5539 1082 5608 dictum
1106 5542 1172 5606 est.
1198 5540 1243 5605 Et
1265 5538 1341 5624 ipse
1364 5539 1525 5606 marinus
1549 5541 1785 5625 compreensit
1808 5539 1887 5626 ipsa
1909 5542 2006 5609 socia
2029 5544 2150 5626 priore

298 5707 342 5774 de
367 5705 442 5792 ipso
468 5702 577 5770 torris
600 5705 636 5767 61
659 5699 751 5768 casis
773 5695 815 5762 de
834 5695 931 5761 intus
947 5693 1012 5759 hec
1028 5689 1213 5756 civitatem
1229 5706 1310 5755 eum
1326 5686 1407 5754 illut
1422 5687 1569 5755 d'airole
1585 5691 1621 5755 et
1636 5687 1776 5775 purriu,
1793 5691 1886 5758 sicut
1904 5692 2151 5778 supradictum

300 5863 367 5944 cst3
392 5861 427 5926 61
451 5852 606 5942 qualiter
632 5845 725 5918 inter
750 5846 821 5913 illis
845 5840 1035 5926 combenit,
1058 5840 1324 5927 guadiaberunt
1347 5858 1385 5907 se
1408 5839 1550 5926 exinde,
1573 5847 1607 5907 et
1631 5843 1841 5913 mediatores
1859 5843 1952 5913 inter
1970 5863 2007 5912 se
2029 5863 2155 5931 posue-
