<?xml version="1.0" encoding="UTF-8"?>
<!DOCTYPE html PUBLIC "-//W3C//DTD XHTML 1.0 Transitional//EN"
    "http://www.w3.org/TR/xhtml1/DTD/xhtml1-transitional.dtd">
<html xmlns="http://www.w3.org/1999/xhtml" xml:lang="en" lang="en">
 <head>
  <title>
</title>
<meta http-equiv="Content-Type" content="text/html;charset=utf-8" />
  <meta name='ocr-system' content='tesseract 3.04.00' />
  <meta name='ocr-capabilities' content='ocr_page ocr_carea ocr_par ocr_line ocrx_word'/>
</head>
<body>
  <div class='ocr_page' id='page_1' title='image "./codexdiplomatic03aragoog_0225.png"; bbox 0 0 5466 7106; ppageno 0'>
   <div class='ocr_carea' id='block_1_1' title="bbox 1035 547 2113 627">
    <p class='ocr_par' dir='ltr' id='par_1_1' title="bbox 1035 547 2113 627">
     <span class='ocr_line' id='line_1_1' title="bbox 1035 547 2113 627; baseline 0.005 -7"><span class='ocrx_word' id='word_1_1' title='bbox 1035 547 1443 627; x_wconf 80' lang='lat' dir='ltr'>DIPLOMATICUS</span> <span class='ocrx_word' id='word_1_2' title='bbox 2047 554 2113 626; x_wconf 74' lang='lat'><strong>181</strong></span> 
     </span>
    </p>
   </div>
   <div class='ocr_carea' id='block_1_2' title="bbox 318 771 2168 870">
    <p class='ocr_par' dir='ltr' id='par_1_2' title="bbox 318 743 2168 870">
     <span class='ocr_line' id='line_1_2' title="bbox 318 771 2168 870; baseline 0.002 -25"><span class='ocrx_word' id='word_1_3' title='bbox 318 775 458 845; x_wconf 86' lang='lat' dir='ltr'><strong>dietate</strong></span> <span class='ocrx_word' id='word_1_4' title='bbox 482 773 521 842; x_wconf 92' lang='lat' dir='ltr'><strong>in</strong></span> <span class='ocrx_word' id='word_1_5' title='bbox 545 791 630 859; x_wconf 87' lang='lat' dir='ltr'><strong>pars</strong></span> <span class='ocrx_word' id='word_1_6' title='bbox 653 771 805 841; x_wconf 89' lang='lat' dir='ltr'><strong>orientis</strong></span> <span class='ocrx_word' id='word_1_7' title='bbox 827 772 890 842; x_wconf 84' lang='lat' dir='ltr'><strong>tali</strong></span> <span class='ocrx_word' id='word_1_8' title='bbox 917 773 1080 861; x_wconf 83' lang='lat' dir='ltr'>hordine,</span> <span class='ocrx_word' id='word_1_9' title='bbox 1096 779 1137 843; x_wconf 92' lang='lat' dir='ltr'><strong>ut</strong></span> <span class='ocrx_word' id='word_1_10' title='bbox 1151 776 1274 845; x_wconf 90' lang='lat' dir='ltr'><strong>amodo</strong></span> <span class='ocrx_word' id='word_1_11' title='bbox 1291 782 1326 847; x_wconf 88' lang='lat' dir='ltr'><strong>et</strong></span> <span class='ocrx_word' id='word_1_12' title='bbox 1342 798 1479 867; x_wconf 84' lang='lat' dir='ltr'>semper</span> <span class='ocrx_word' id='word_1_13' title='bbox 1503 781 1549 850; x_wconf 87' lang='lat' dir='ltr'><strong>ad</strong></span> <span class='ocrx_word' id='word_1_14' title='bbox 1571 799 1652 850; x_wconf 89' lang='lat' dir='ltr'><strong>mea</strong></span> <span class='ocrx_word' id='word_1_15' title='bbox 1667 784 1704 848; x_wconf 90' lang='lat' dir='ltr'><strong>et</strong></span> <span class='ocrx_word' id='word_1_16' title='bbox 1719 779 1762 847; x_wconf 90' lang='lat' dir='ltr'><strong>de</strong></span> <span class='ocrx_word' id='word_1_17' title='bbox 1777 778 1865 847; x_wconf 90' lang='lat' dir='ltr'><strong>meis</strong></span> <span class='ocrx_word' id='word_1_18' title='bbox 1880 778 2085 870; x_wconf 82' lang='lat' dir='ltr'><strong>heredibus,</strong></span> <span class='ocrx_word' id='word_1_19' title='bbox 2102 795 2168 848; x_wconf 91' lang='lat' dir='ltr'><strong>na-</strong></span> 
     </span>
    </p>
   </div>
   <div class='ocr_carea' id='block_1_3' title="bbox 315 925 2251 5782">
    <p class='ocr_par' dir='ltr' id='par_1_3' title="bbox 315 925 2251 5460">
     <span class='ocr_line' id='line_1_3' title="bbox 318 925 2168 1020; baseline 0.002 -24"><span class='ocrx_word' id='word_1_20' title='bbox 318 931 373 996; x_wconf 89' lang='lat' dir='ltr'><strong>tos</strong></span> <span class='ocrx_word' id='word_1_21' title='bbox 395 929 600 1014; x_wconf 75' lang='lat' dir='ltr'><strong>nascenteS,</strong></span> <span class='ocrx_word' id='word_1_22' title='bbox 625 925 670 994; x_wconf 90' lang='lat' dir='ltr'><strong>sit</strong></span> <span class='ocrx_word' id='word_1_23' title='bbox 694 927 881 1012; x_wconf 89' lang='lat' dir='ltr'><strong>potestatis</strong></span> <span class='ocrx_word' id='word_1_24' title='bbox 905 925 985 994; x_wconf 93' lang='lat' dir='ltr'><strong>illut</strong></span> <span class='ocrx_word' id='word_1_25' title='bbox 1007 927 1200 996; x_wconf 87' lang='lat' dir='ltr'><strong>tenendum</strong></span> <span class='ocrx_word' id='word_1_26' title='bbox 1217 933 1253 998; x_wconf 88' lang='lat' dir='ltr'><strong>et</strong></span> <span class='ocrx_word' id='word_1_27' title='bbox 1267 929 1535 1020; x_wconf 90' lang='lat' dir='ltr'><strong>dominandum,</strong></span> <span class='ocrx_word' id='word_1_28' title='bbox 1560 933 1659 1000; x_wconf 84' lang='lat' dir='ltr'><strong>fobee</strong></span> <span class='ocrx_word' id='word_1_29' title='bbox 1682 935 1719 999; x_wconf 89' lang='lat' dir='ltr'><strong>et</strong></span> <span class='ocrx_word' id='word_1_30' title='bbox 1742 931 1858 999; x_wconf 91' lang='lat' dir='ltr'><strong>omnis</strong></span> <span class='ocrx_word' id='word_1_31' title='bbox 1882 934 2003 999; x_wconf 88' lang='lat' dir='ltr'><strong>nostre</strong></span> <span class='ocrx_word' id='word_1_32' title='bbox 2028 930 2168 1001; x_wconf 89' lang='lat' dir='ltr'><strong>utilita-</strong></span> 
     </span>
     <span class='ocr_line' id='line_1_4' title="bbox 315 1078 2168 1169; baseline 0.002 -23"><span class='ocrx_word' id='word_1_33' title='bbox 315 1080 364 1146; x_wconf 92' lang='lat' dir='ltr'><strong>tis</strong></span> <span class='ocrx_word' id='word_1_34' title='bbox 391 1078 442 1146; x_wconf 93' lang='lat' dir='ltr'><strong>ibi</strong></span> <span class='ocrx_word' id='word_1_35' title='bbox 468 1079 672 1148; x_wconf 82' lang='lat' dir='ltr'><strong>laciendum</strong></span> <span class='ocrx_word' id='word_1_36' title='bbox 697 1081 793 1150; x_wconf 85' lang='lat' dir='ltr'><strong>iusta</strong></span> <span class='ocrx_word' id='word_1_37' title='bbox 816 1079 1008 1168; x_wconf 91' lang='lat' dir='ltr'><strong>rationem,</strong></span> <span class='ocrx_word' id='word_1_38' title='bbox 1032 1084 1068 1148; x_wconf 89' lang='lat' dir='ltr'><strong>et</strong></span> <span class='ocrx_word' id='word_1_39' title='bbox 1091 1080 1130 1148; x_wconf 89' lang='lat' dir='ltr'><strong>in</strong></span> <span class='ocrx_word' id='word_1_40' title='bbox 1155 1099 1238 1151; x_wconf 89' lang='lat' dir='ltr'><strong>casa</strong></span> <span class='ocrx_word' id='word_1_41' title='bbox 1252 1101 1321 1168; x_wconf 89' lang='lat' dir='ltr'><strong>que</strong></span> <span class='ocrx_word' id='word_1_42' title='bbox 1337 1082 1388 1150; x_wconf 93' lang='lat' dir='ltr'><strong>ibi</strong></span> <span class='ocrx_word' id='word_1_43' title='bbox 1405 1084 1478 1152; x_wconf 89' lang='lat' dir='ltr'><strong>iam</strong></span> <span class='ocrx_word' id='word_1_44' title='bbox 1494 1085 1589 1152; x_wconf 85' lang='lat' dir='ltr'><strong>facta</strong></span> <span class='ocrx_word' id='word_1_45' title='bbox 1607 1085 1765 1169; x_wconf 84' lang='lat' dir='ltr'><strong>abemus,</strong></span> <span class='ocrx_word' id='word_1_46' title='bbox 1790 1082 2009 1152; x_wconf 82' lang='lat' dir='ltr'><strong>resideamus</strong></span> <span class='ocrx_word' id='word_1_47' title='bbox 2031 1085 2068 1150; x_wconf 92' lang='lat' dir='ltr'><strong>et</strong></span> <span class='ocrx_word' id='word_1_48' title='bbox 2091 1084 2168 1151; x_wconf 90' lang='lat' dir='ltr'><strong>abi-</strong></span> 
     </span>
     <span class='ocr_line' id='line_1_5' title="bbox 315 1232 2168 1322; baseline 0.001 -22"><span class='ocrx_word' id='word_1_49' title='bbox 315 1239 447 1321; x_wconf 86' lang='lat' dir='ltr'><strong>temus,</strong></span> <span class='ocrx_word' id='word_1_50' title='bbox 470 1236 507 1302; x_wconf 92' lang='lat' dir='ltr'><strong>et</strong></span> <span class='ocrx_word' id='word_1_51' title='bbox 531 1233 615 1302; x_wconf 89' lang='lat' dir='ltr'><strong>totis</strong></span> <span class='ocrx_word' id='word_1_52' title='bbox 638 1233 796 1301; x_wconf 81' lang='lat' dir='ltr'><strong>arbustis</strong></span> <span class='ocrx_word' id='word_1_53' title='bbox 817 1233 860 1300; x_wconf 90' lang='lat' dir='ltr'><strong>de</strong></span> <span class='ocrx_word' id='word_1_54' title='bbox 884 1235 961 1320; x_wconf 92' lang='lat' dir='ltr'><strong>ipsa</strong></span> <span class='ocrx_word' id='word_1_55' title='bbox 984 1232 1180 1302; x_wconf 78' lang='lat' dir='ltr'><strong>traditione</strong></span> <span class='ocrx_word' id='word_1_56' title='bbox 1205 1233 1413 1302; x_wconf 80' lang='lat' dir='ltr'><strong>annualiter</strong></span> <span class='ocrx_word' id='word_1_57' title='bbox 1429 1237 1513 1322; x_wconf 91' lang='lat' dir='ltr'><strong>apto</strong></span> <span class='ocrx_word' id='word_1_58' title='bbox 1530 1239 1688 1321; x_wconf 86' lang='lat' dir='ltr'><strong>tempore</strong></span> <span class='ocrx_word' id='word_1_59' title='bbox 1713 1234 1913 1302; x_wconf 84' lang='lat' dir='ltr'><strong>lavaremus</strong></span> <span class='ocrx_word' id='word_1_60' title='bbox 1937 1237 1986 1321; x_wconf 90' lang='lat' dir='ltr'><strong>et,</strong></span> <span class='ocrx_word' id='word_1_61' title='bbox 2011 1234 2073 1302; x_wconf 92' lang='lat' dir='ltr'><strong>ubi</strong></span> <span class='ocrx_word' id='word_1_62' title='bbox 2092 1235 2168 1302; x_wconf 91' lang='lat' dir='ltr'><strong>-mi-</strong></span> 
     </span>
     <span class='ocr_line' id='line_1_6' title="bbox 318 1383 2169 1473; baseline 0.001 -21"><span class='ocrx_word' id='word_1_63' title='bbox 318 1402 388 1453; x_wconf 88' lang='lat' dir='ltr'><strong>nus</strong></span> <span class='ocrx_word' id='word_1_64' title='bbox 412 1385 558 1454; x_wconf 81' lang='lat' dir='ltr'><strong>abuerit</strong></span> <span class='ocrx_word' id='word_1_65' title='bbox 580 1387 728 1454; x_wconf 92' lang='lat' dir='ltr'><strong>arbores</strong></span> <span class='ocrx_word' id='word_1_66' title='bbox 751 1391 787 1454; x_wconf 93' lang='lat' dir='ltr'><strong>et</strong></span> <span class='ocrx_word' id='word_1_67' title='bbox 809 1387 914 1472; x_wconf 89' lang='lat' dir='ltr'><strong>vites,</strong></span> <span class='ocrx_word' id='word_1_68' title='bbox 939 1385 989 1452; x_wconf 92' lang='lat' dir='ltr'><strong>ibi</strong></span> <span class='ocrx_word' id='word_1_69' title='bbox 1007 1402 1064 1452; x_wconf 92' lang='lat' dir='ltr'><strong>eos</strong></span> <span class='ocrx_word' id='word_1_70' title='bbox 1081 1385 1302 1471; x_wconf 87' lang='lat' dir='ltr'><strong>planctemus</strong></span> <span class='ocrx_word' id='word_1_71' title='bbox 1318 1389 1353 1452; x_wconf 89' lang='lat' dir='ltr'><strong>et</strong></span> <span class='ocrx_word' id='word_1_72' title='bbox 1369 1383 1598 1472; x_wconf 80' lang='lat' dir='ltr'><strong>propagines,</strong></span> <span class='ocrx_word' id='word_1_73' title='bbox 1616 1384 1677 1452; x_wconf 91' lang='lat' dir='ltr'><strong>ubi</strong></span> <span class='ocrx_word' id='word_1_74' title='bbox 1695 1385 1882 1473; x_wconf 90' lang='lat' dir='ltr'><strong>meruerit,</strong></span> <span class='ocrx_word' id='word_1_75' title='bbox 1906 1388 2108 1473; x_wconf 81' lang='lat' dir='ltr'><strong>tragamus,</strong></span> <span class='ocrx_word' id='word_1_76' title='bbox 2132 1392 2169 1454; x_wconf 90' lang='lat' dir='ltr'><strong>et</strong></span> 
     </span>
     <span class='ocr_line' id='line_1_7' title="bbox 321 1535 2168 1625; baseline 0.001 -19"><span class='ocrx_word' id='word_1_77' title='bbox 321 1541 373 1607; x_wconf 91' lang='lat' dir='ltr'><strong>sic</strong></span> <span class='ocrx_word' id='word_1_78' title='bbox 395 1537 481 1607; x_wconf 86' lang='lat' dir='ltr'><strong>totis</strong></span> <span class='ocrx_word' id='word_1_79' title='bbox 504 1539 665 1608; x_wconf 82' lang='lat' dir='ltr'><strong>arbustis</strong></span> <span class='ocrx_word' id='word_1_80' title='bbox 688 1539 730 1606; x_wconf 92' lang='lat' dir='ltr'><strong>de</strong></span> <span class='ocrx_word' id='word_1_81' title='bbox 756 1540 835 1625; x_wconf 87' lang='lat' dir='ltr'><strong>ipsa</strong></span> <span class='ocrx_word' id='word_1_82' title='bbox 859 1537 1054 1606; x_wconf 84' lang='lat' dir='ltr'><strong>traditione</strong></span> <span class='ocrx_word' id='word_1_83' title='bbox 1079 1537 1286 1606; x_wconf 87' lang='lat' dir='ltr'><strong>annualiter</strong></span> <span class='ocrx_word' id='word_1_84' title='bbox 1309 1539 1392 1624; x_wconf 91' lang='lat' dir='ltr'><strong>apto</strong></span> <span class='ocrx_word' id='word_1_85' title='bbox 1415 1541 1571 1624; x_wconf 91' lang='lat' dir='ltr'><strong>tempore</strong></span> <span class='ocrx_word' id='word_1_86' title='bbox 1595 1535 1820 1622; x_wconf 84' lang='lat' dir='ltr'><strong>laroremus,</strong></span> <span class='ocrx_word' id='word_1_87' title='bbox 1845 1541 1881 1605; x_wconf 90' lang='lat' dir='ltr'><strong>et</strong></span> <span class='ocrx_word' id='word_1_88' title='bbox 1904 1538 2101 1606; x_wconf 89' lang='lat' dir='ltr'><strong>studiemus</strong></span> <span class='ocrx_word' id='word_1_89' title='bbox 2124 1539 2168 1607; x_wconf 88' lang='lat' dir='ltr'><strong>de</strong></span> 
     </span>
     <span class='ocr_line' id='line_1_8' title="bbox 317 1691 2169 1782; baseline 0.002 -24"><span class='ocrx_word' id='word_1_90' title='bbox 317 1710 426 1779; x_wconf 86' lang='lat' dir='ltr'><strong>super</strong></span> <span class='ocrx_word' id='word_1_91' title='bbox 449 1691 551 1760; x_wconf 89' lang='lat' dir='ltr'><strong>etde</strong></span> <span class='ocrx_word' id='word_1_92' title='bbox 575 1697 709 1778; x_wconf 87' lang='lat' dir='ltr'><strong>supter,</strong></span> <span class='ocrx_word' id='word_1_93' title='bbox 734 1692 827 1760; x_wconf 90' lang='lat' dir='ltr'><strong>sicut</strong></span> <span class='ocrx_word' id='word_1_94' title='bbox 850 1691 947 1759; x_wconf 88' lang='lat' dir='ltr'><strong>locus</strong></span> <span class='ocrx_word' id='word_1_95' title='bbox 970 1693 1045 1778; x_wconf 86' lang='lat' dir='ltr'><strong>ipse</strong></span> <span class='ocrx_word' id='word_1_96' title='bbox 1069 1691 1251 1776; x_wconf 88' lang='lat' dir='ltr'><strong>meruerit,</strong></span> <span class='ocrx_word' id='word_1_97' title='bbox 1270 1696 1309 1758; x_wconf 91' lang='lat' dir='ltr'><strong>ut</strong></span> <span class='ocrx_word' id='word_1_98' title='bbox 1326 1691 1488 1777; x_wconf 83' lang='lat' dir='ltr'><strong>proficiat</strong></span> <span class='ocrx_word' id='word_1_99' title='bbox 1511 1711 1648 1778; x_wconf 89' lang='lat' dir='ltr'><strong>semper</strong></span> <span class='ocrx_word' id='word_1_100' title='bbox 1674 1693 1714 1758; x_wconf 91' lang='lat' dir='ltr'><strong>in</strong></span> <span class='ocrx_word' id='word_1_101' title='bbox 1738 1693 1866 1762; x_wconf 91' lang='lat' dir='ltr'><strong>melius</strong></span> <span class='ocrx_word' id='word_1_102' title='bbox 1889 1699 1926 1762; x_wconf 90' lang='lat' dir='ltr'><strong>et</strong></span> <span class='ocrx_word' id='word_1_103' title='bbox 1950 1712 2022 1760; x_wconf 91' lang='lat' dir='ltr'><strong>non</strong></span> <span class='ocrx_word' id='word_1_104' title='bbox 2053 1693 2169 1782; x_wconf 85' lang='lat' dir='ltr'><strong>dispe-</strong></span> 
     </span>
     <span class='ocr_line' id='line_1_9' title="bbox 321 1846 2168 1935; baseline 0.002 -21"><span class='ocrx_word' id='word_1_105' title='bbox 321 1851 416 1935; x_wconf 88' lang='lat' dir='ltr'><strong>reat,</strong></span> <span class='ocrx_word' id='word_1_106' title='bbox 440 1852 477 1916; x_wconf 91' lang='lat' dir='ltr'><strong>ct</strong></span> <span class='ocrx_word' id='word_1_107' title='bbox 499 1850 630 1914; x_wconf 90' lang='lat' dir='ltr'><strong>bonum</strong></span> <span class='ocrx_word' id='word_1_108' title='bbox 653 1851 779 1934; x_wconf 86' lang='lat' dir='ltr'><strong>pareat</strong></span> <span class='ocrx_word' id='word_1_109' title='bbox 803 1846 1016 1932; x_wconf 71' lang='lat' dir='ltr'><strong>laboratum,</strong></span> <span class='ocrx_word' id='word_1_110' title='bbox 1041 1866 1163 1914; x_wconf 88' lang='lat' dir='ltr'><strong>curam</strong></span> <span class='ocrx_word' id='word_1_111' title='bbox 1189 1851 1223 1914; x_wconf 91' lang='lat' dir='ltr'><strong>et</strong></span> <span class='ocrx_word' id='word_1_112' title='bbox 1246 1847 1490 1934; x_wconf 83' lang='lat' dir='ltr'><strong>vigilationem</strong></span> <span class='ocrx_word' id='word_1_113' title='bbox 1516 1847 1598 1916; x_wconf 89' lang='lat' dir='ltr'><strong>inde</strong></span> <span class='ocrx_word' id='word_1_114' title='bbox 1621 1850 1791 1916; x_wconf 86' lang='lat' dir='ltr'><strong>abeamus</strong></span> <span class='ocrx_word' id='word_1_115' title='bbox 1808 1853 1843 1917; x_wconf 88' lang='lat' dir='ltr'><strong>et</strong></span> <span class='ocrx_word' id='word_1_116' title='bbox 1860 1850 1997 1918; x_wconf 90' lang='lat' dir='ltr'><strong>salbum</strong></span> <span class='ocrx_word' id='word_1_117' title='bbox 2015 1851 2097 1918; x_wconf 91' lang='lat' dir='ltr'><strong>illut</strong></span> <span class='ocrx_word' id='word_1_118' title='bbox 2115 1853 2168 1920; x_wconf 85' lang='lat' dir='ltr'><strong>fa-</strong></span> 
     </span>
     <span class='ocr_line' id='line_1_10' title="bbox 320 1999 2171 2089; baseline 0.001 -20"><span class='ocrx_word' id='word_1_119' title='bbox 320 2003 458 2070; x_wconf 90' lang='lat' dir='ltr'><strong>ciamus</strong></span> <span class='ocrx_word' id='word_1_120' title='bbox 481 2001 577 2070; x_wconf 86' lang='lat' dir='ltr'><strong>iusta</strong></span> <span class='ocrx_word' id='word_1_121' title='bbox 599 2001 751 2085; x_wconf 75' lang='lat' dir='ltr'><strong>ratione,</strong></span> <span class='ocrx_word' id='word_1_122' title='bbox 777 2003 813 2067; x_wconf 92' lang='lat' dir='ltr'><strong>et</strong></span> <span class='ocrx_word' id='word_1_123' title='bbox 837 1999 1044 2068; x_wconf 88' lang='lat' dir='ltr'><strong>annualiter</strong></span> <span class='ocrx_word' id='word_1_124' title='bbox 1069 2018 1131 2086; x_wconf 91' lang='lat' dir='ltr'><strong>per</strong></span> <span class='ocrx_word' id='word_1_125' title='bbox 1157 1999 1333 2067; x_wconf 88' lang='lat' dir='ltr'><strong>vindemie</strong></span> <span class='ocrx_word' id='word_1_126' title='bbox 1358 2000 1449 2068; x_wconf 88' lang='lat' dir='ltr'><strong>scire</strong></span> <span class='ocrx_word' id='word_1_127' title='bbox 1483 1999 1657 2068; x_wconf 83' lang='lat' dir='ltr'><strong>iaciamus</strong></span> <span class='ocrx_word' id='word_1_128' title='bbox 1681 2021 1765 2086; x_wconf 88' lang='lat' dir='ltr'><strong>pars</strong></span> <span class='ocrx_word' id='word_1_129' title='bbox 1789 2001 1903 2088; x_wconf 89' lang='lat' dir='ltr'><strong>ipsius</strong></span> <span class='ocrx_word' id='word_1_130' title='bbox 1930 2003 2171 2089; x_wconf 90' lang='lat' dir='ltr'><strong>archiepisco-</strong></span> 
     </span>
     <span class='ocr_line' id='line_1_11' title="bbox 322 2113 2167 2241; baseline 0.001 -19"><span class='ocrx_word' id='word_1_131' title='bbox 322 2155 392 2241; x_wconf 86' lang='lat' dir='ltr'><strong>pii,</strong></span> <span class='ocrx_word' id='word_1_132' title='bbox 417 2159 459 2222; x_wconf 90' lang='lat' dir='ltr'><strong>ut</strong></span> <span class='ocrx_word' id='word_1_133' title='bbox 483 2154 569 2221; x_wconf 90' lang='lat' dir='ltr'><strong>illuc</strong></span> <span class='ocrx_word' id='word_1_134' title='bbox 593 2153 735 2239; x_wconf 83' lang='lat' dir='ltr'><strong>dirigad</strong></span> <span class='ocrx_word' id='word_1_135' title='bbox 760 2153 907 2219; x_wconf 86' lang='lat' dir='ltr'><strong>missum</strong></span> <span class='ocrx_word' id='word_1_136' title='bbox 931 2170 1048 2238; x_wconf 90' lang='lat' dir='ltr'><strong>suum,</strong></span> <span class='ocrx_word' id='word_1_137' title='bbox 1073 2157 1108 2221; x_wconf 91' lang='lat' dir='ltr'><strong>et</strong></span> <span class='ocrx_word' id='word_1_138' title='bbox 1131 2169 1195 2218; x_wconf 90' lang='lat' dir='ltr'><strong>nos</strong></span> <span class='ocrx_word' id='word_1_139' title='bbox 1218 2153 1301 2220; x_wconf 90' lang='lat' dir='ltr'><strong>totis</strong></span> <span class='ocrx_word' id='word_1_140' title='bbox 1326 2152 1481 2222; x_wconf 89' lang='lat' dir='ltr'><strong>arbustis</strong></span> <span class='ocrx_word' id='word_1_141' title='bbox 1504 2154 1546 2220; x_wconf 90' lang='lat' dir='ltr'><strong>de</strong></span> <span class='ocrx_word' id='word_1_142' title='bbox 1571 2155 1648 2240; x_wconf 89' lang='lat' dir='ltr'><strong>ipsa</strong></span> <span class='ocrx_word' id='word_1_143' title='bbox 1664 2152 1896 2223; x_wconf 91' lang='lat' dir='ltr'><strong>traditionem</strong></span> <span class='ocrx_word' id='word_1_144' title='bbox 1909 2113 2167 2224; x_wconf 85' lang='lat' dir='ltr'><strong>vindemiemus</strong></span> 
     </span>
     <span class='ocr_line' id='line_1_12' title="bbox 320 2305 2169 2396; baseline -0.001 -20"><span class='ocrx_word' id='word_1_145' title='bbox 320 2311 356 2376; x_wconf 91' lang='lat' dir='ltr'><strong>et</strong></span> <span class='ocrx_word' id='word_1_146' title='bbox 379 2309 504 2375; x_wconf 87' lang='lat' dir='ltr'><strong>vinum</strong></span> <span class='ocrx_word' id='word_1_147' title='bbox 527 2307 643 2393; x_wconf 91' lang='lat' dir='ltr'><strong>ipsum</strong></span> <span class='ocrx_word' id='word_1_148' title='bbox 668 2306 798 2374; x_wconf 89' lang='lat' dir='ltr'><strong>ibidem</strong></span> <span class='ocrx_word' id='word_1_149' title='bbox 815 2305 861 2373; x_wconf 88' lang='lat' dir='ltr'><strong>ad</strong></span> <span class='ocrx_word' id='word_1_150' title='bbox 876 2305 1097 2391; x_wconf 89' lang='lat' dir='ltr'><strong>palmentum</strong></span> <span class='ocrx_word' id='word_1_151' title='bbox 1119 2323 1361 2391; x_wconf 84' lang='lat' dir='ltr'><strong>procuremus3</strong></span> <span class='ocrx_word' id='word_1_152' title='bbox 1385 2311 1421 2374; x_wconf 91' lang='lat' dir='ltr'><strong>et</strong></span> <span class='ocrx_word' id='word_1_153' title='bbox 1444 2307 1486 2374; x_wconf 90' lang='lat' dir='ltr'><strong>de</strong></span> <span class='ocrx_word' id='word_1_154' title='bbox 1510 2306 1626 2373; x_wconf 90' lang='lat' dir='ltr'><strong>omnis</strong></span> <span class='ocrx_word' id='word_1_155' title='bbox 1650 2307 1774 2375; x_wconf 86' lang='lat' dir='ltr'><strong>vinum</strong></span> <span class='ocrx_word' id='word_1_156' title='bbox 1791 2327 1899 2394; x_wconf 89' lang='lat' dir='ltr'><strong>quam</strong></span> <span class='ocrx_word' id='word_1_157' title='bbox 1921 2309 2004 2376; x_wconf 89' lang='lat' dir='ltr'><strong>inde</strong></span> <span class='ocrx_word' id='word_1_158' title='bbox 2020 2308 2169 2396; x_wconf 80' lang='lat' dir='ltr'><strong>exierit,</strong></span> 
     </span>
     <span class='ocr_line' id='line_1_13' title="bbox 323 2457 2168 2547; baseline 0.001 -19"><span class='ocrx_word' id='word_1_159' title='bbox 323 2458 433 2528; x_wconf 89' lang='lat' dir='ltr'><strong>tollad</strong></span> <span class='ocrx_word' id='word_1_160' title='bbox 456 2479 541 2546; x_wconf 90' lang='lat' dir='ltr'><strong>pars</strong></span> <span class='ocrx_word' id='word_1_161' title='bbox 564 2459 678 2546; x_wconf 87' lang='lat' dir='ltr'><strong>ipsius</strong></span> <span class='ocrx_word' id='word_1_162' title='bbox 702 2458 972 2544; x_wconf 89' lang='lat' dir='ltr'><strong>archiepiscopii</strong></span> <span class='ocrx_word' id='word_1_163' title='bbox 998 2457 1236 2545; x_wconf 91' lang='lat' dir='ltr'><strong>medietatem,</strong></span> <span class='ocrx_word' id='word_1_164' title='bbox 1264 2463 1300 2526; x_wconf 90' lang='lat' dir='ltr'><strong>et</strong></span> <span class='ocrx_word' id='word_1_165' title='bbox 1323 2477 1387 2525; x_wconf 89' lang='lat' dir='ltr'><strong>nos</strong></span> <span class='ocrx_word' id='word_1_166' title='bbox 1410 2459 1649 2546; x_wconf 85' lang='lat' dir='ltr'><strong>medietatem,</strong></span> <span class='ocrx_word' id='word_1_167' title='bbox 1674 2464 1710 2528; x_wconf 89' lang='lat' dir='ltr'><strong>et</strong></span> <span class='ocrx_word' id='word_1_168' title='bbox 1734 2463 1812 2547; x_wconf 88' lang='lat' dir='ltr'><strong>ipsa</strong></span> <span class='ocrx_word' id='word_1_169' title='bbox 1836 2467 1930 2528; x_wconf 90' lang='lat' dir='ltr'><strong>sorte</strong></span> <span class='ocrx_word' id='word_1_170' title='bbox 1956 2462 2100 2528; x_wconf 91' lang='lat' dir='ltr'><strong>illorum</strong></span> <span class='ocrx_word' id='word_1_171' title='bbox 2125 2461 2168 2530; x_wconf 93' lang='lat' dir='ltr'><strong>de</strong></span> 
     </span>
     <span class='ocr_line' id='line_1_14' title="bbox 320 2611 2170 2700; baseline -0.001 -17"><span class='ocrx_word' id='word_1_172' title='bbox 320 2617 396 2700; x_wconf 88' lang='lat' dir='ltr'><strong>ipso</strong></span> <span class='ocrx_word' id='word_1_173' title='bbox 418 2611 541 2684; x_wconf 88' lang='lat' dir='ltr'><strong>vinum</strong></span> <span class='ocrx_word' id='word_1_174' title='bbox 565 2631 630 2679; x_wconf 91' lang='lat' dir='ltr'><strong>nos</strong></span> <span class='ocrx_word' id='word_1_175' title='bbox 653 2617 833 2699; x_wconf 90' lang='lat' dir='ltr'><strong>portemus</strong></span> <span class='ocrx_word' id='word_1_176' title='bbox 856 2629 1079 2697; x_wconf 85' lang='lat' dir='ltr'><strong>perannum</strong></span> <span class='ocrx_word' id='word_1_177' title='bbox 1102 2611 1147 2679; x_wconf 90' lang='lat' dir='ltr'><strong>ad</strong></span> <span class='ocrx_word' id='word_1_178' title='bbox 1170 2611 1355 2679; x_wconf 89' lang='lat' dir='ltr'><strong>cellarium</strong></span> <span class='ocrx_word' id='word_1_179' title='bbox 1379 2611 1422 2678; x_wconf 93' lang='lat' dir='ltr'><strong>de</strong></span> <span class='ocrx_word' id='word_1_180' title='bbox 1445 2631 1528 2697; x_wconf 89' lang='lat' dir='ltr'><strong>pars</strong></span> <span class='ocrx_word' id='word_1_181' title='bbox 1553 2612 1664 2699; x_wconf 91' lang='lat' dir='ltr'><strong>ipsius</strong></span> <span class='ocrx_word' id='word_1_182' title='bbox 1681 2613 1954 2700; x_wconf 87' lang='lat' dir='ltr'><strong>archiepiscopii</strong></span> <span class='ocrx_word' id='word_1_183' title='bbox 1972 2615 2065 2700; x_wconf 90' lang='lat' dir='ltr'><strong>quod</strong></span> <span class='ocrx_word' id='word_1_184' title='bbox 2082 2613 2170 2683; x_wconf 88' lang='lat' dir='ltr'><strong>illuc</strong></span> 
     </span>
     <span class='ocr_line' id='line_1_15' title="bbox 320 2751 2167 2854; baseline 0 -20"><span class='ocrx_word' id='word_1_185' title='bbox 320 2770 403 2836; x_wconf 89' lang='lat' dir='ltr'><strong>abet</strong></span> <span class='ocrx_word' id='word_1_186' title='bbox 426 2767 472 2836; x_wconf 91' lang='lat' dir='ltr'><strong>ad</strong></span> <span class='ocrx_word' id='word_1_187' title='bbox 495 2768 633 2854; x_wconf 89' lang='lat' dir='ltr'><strong>plebem</strong></span> <span class='ocrx_word' id='word_1_188' title='bbox 656 2770 778 2834; x_wconf 88' lang='lat' dir='ltr'><strong>sancte</strong></span> <span class='ocrx_word' id='word_1_189' title='bbox 802 2763 929 2850; x_wconf 90' lang='lat' dir='ltr'><strong>marie,</strong></span> <span class='ocrx_word' id='word_1_190' title='bbox 958 2769 993 2832; x_wconf 87' lang='lat' dir='ltr'><strong>et</strong></span> <span class='ocrx_word' id='word_1_191' title='bbox 1016 2782 1228 2851; x_wconf 89' lang='lat' dir='ltr'><strong>reponamus</strong></span> <span class='ocrx_word' id='word_1_192' title='bbox 1253 2763 1333 2833; x_wconf 92' lang='lat' dir='ltr'><strong>illut</strong></span> <span class='ocrx_word' id='word_1_193' title='bbox 1356 2763 1394 2829; x_wconf 91' lang='lat' dir='ltr'><strong>in</strong></span> <span class='ocrx_word' id='word_1_194' title='bbox 1417 2751 1613 2851; x_wconf 81' lang='lat' dir='ltr'><strong>organeum</strong></span> <span class='ocrx_word' id='word_1_195' title='bbox 1637 2765 1803 2852; x_wconf 89' lang='lat' dir='ltr'><strong>indeque,</strong></span> <span class='ocrx_word' id='word_1_196' title='bbox 1821 2767 1881 2833; x_wconf 92' lang='lat' dir='ltr'><strong>ubi</strong></span> <span class='ocrx_word' id='word_1_197' title='bbox 1897 2767 2061 2834; x_wconf 89' lang='lat' dir='ltr'><strong>stetimus</strong></span> <span class='ocrx_word' id='word_1_198' title='bbox 2085 2787 2167 2854; x_wconf 90' lang='lat' dir='ltr'><strong>por-</strong></span> 
     </span>
     <span class='ocr_line' id='line_1_16' title="bbox 322 2916 2174 3004; baseline -0.001 -15"><span class='ocrx_word' id='word_1_199' title='bbox 322 2929 402 2989; x_wconf 85' lang='lat' dir='ltr'><strong>tare</strong></span> <span class='ocrx_word' id='word_1_200' title='bbox 425 2920 537 2989; x_wconf 90' lang='lat' dir='ltr'><strong>circla</strong></span> <span class='ocrx_word' id='word_1_201' title='bbox 560 2919 632 2988; x_wconf 89' lang='lat' dir='ltr'><strong>dua</strong></span> <span class='ocrx_word' id='word_1_202' title='bbox 655 2924 691 2986; x_wconf 87' lang='lat' dir='ltr'><strong>et</strong></span> <span class='ocrx_word' id='word_1_203' title='bbox 715 2917 890 2986; x_wconf 87' lang='lat' dir='ltr'><strong>adiubare</strong></span> <span class='ocrx_word' id='word_1_204' title='bbox 914 2917 958 2985; x_wconf 90' lang='lat' dir='ltr'><strong>ad</strong></span> <span class='ocrx_word' id='word_1_205' title='bbox 983 2916 1218 2984; x_wconf 87' lang='lat' dir='ltr'><strong>conciandum</strong></span> <span class='ocrx_word' id='word_1_206' title='bbox 1243 2920 1280 2984; x_wconf 90' lang='lat' dir='ltr'><strong>et</strong></span> <span class='ocrx_word' id='word_1_207' title='bbox 1303 2916 1553 3003; x_wconf 65' lang='lat' dir='ltr'><strong>audiendum-3</strong></span> <span class='ocrx_word' id='word_1_208' title='bbox 1577 2920 1613 2984; x_wconf 92' lang='lat' dir='ltr'><strong>et</strong></span> <span class='ocrx_word' id='word_1_209' title='bbox 1636 2918 1719 2984; x_wconf 93' lang='lat' dir='ltr'><strong>dum</strong></span> <span class='ocrx_word' id='word_1_210' title='bbox 1744 2935 1807 3004; x_wconf 92' lang='lat' dir='ltr'><strong>pro</strong></span> <span class='ocrx_word' id='word_1_211' title='bbox 1830 2920 1907 3004; x_wconf 90' lang='lat' dir='ltr'><strong>ipsa</strong></span> <span class='ocrx_word' id='word_1_212' title='bbox 1931 2917 2112 2989; x_wconf 87' lang='lat' dir='ltr'><strong>vindemia</strong></span> <span class='ocrx_word' id='word_1_213' title='bbox 2129 2920 2174 2987; x_wconf 94' lang='lat' dir='ltr'><strong>il-</strong></span> 
     </span>
     <span class='ocr_line' id='line_1_17' title="bbox 320 3068 2171 3159; baseline -0.001 -20"><span class='ocrx_word' id='word_1_214' title='bbox 320 3074 377 3142; x_wconf 93' lang='lat' dir='ltr'><strong>luc</strong></span> <span class='ocrx_word' id='word_1_215' title='bbox 399 3075 540 3144; x_wconf 85' lang='lat' dir='ltr'><strong>steterit</strong></span> <span class='ocrx_word' id='word_1_216' title='bbox 563 3073 710 3140; x_wconf 90' lang='lat' dir='ltr'><strong>missum</strong></span> <span class='ocrx_word' id='word_1_217' title='bbox 733 3071 847 3157; x_wconf 89' lang='lat' dir='ltr'><strong>ipsius</strong></span> <span class='ocrx_word' id='word_1_218' title='bbox 867 3069 1229 3156; x_wconf 84' lang='lat' dir='ltr'><strong>archiepiscopii,nos</strong></span> <span class='ocrx_word' id='word_1_219' title='bbox 1244 3068 1342 3136; x_wconf 91' lang='lat' dir='ltr'><strong>illum</strong></span> <span class='ocrx_word' id='word_1_220' title='bbox 1359 3071 1561 3136; x_wconf 89' lang='lat' dir='ltr'><strong>nutriamus</strong></span> <span class='ocrx_word' id='word_1_221' title='bbox 1584 3071 1780 3138; x_wconf 90' lang='lat' dir='ltr'><strong>secundum</strong></span> <span class='ocrx_word' id='word_1_222' title='bbox 1803 3079 1963 3139; x_wconf 91' lang='lat' dir='ltr'><strong>nostram</strong></span> <span class='ocrx_word' id='word_1_223' title='bbox 1986 3073 2171 3159; x_wconf 88' lang='lat' dir='ltr'><strong>possivili-</strong></span> 
     </span>
     <span class='ocr_line' id='line_1_18' title="bbox 321 3223 2174 3315; baseline -0.001 -21"><span class='ocrx_word' id='word_1_224' title='bbox 321 3233 447 3315; x_wconf 89' lang='lat' dir='ltr'><strong>tatem,</strong></span> <span class='ocrx_word' id='word_1_225' title='bbox 470 3232 507 3295; x_wconf 91' lang='lat' dir='ltr'><strong>et</strong></span> <span class='ocrx_word' id='word_1_226' title='bbox 528 3226 784 3315; x_wconf 88' lang='lat' dir='ltr'><strong>palmentatica</strong></span> <span class='ocrx_word' id='word_1_227' title='bbox 807 3227 841 3293; x_wconf 93' lang='lat' dir='ltr'><strong>ei</strong></span> <span class='ocrx_word' id='word_1_228' title='bbox 865 3224 999 3309; x_wconf 84' lang='lat' dir='ltr'><strong>demuS,</strong></span> <span class='ocrx_word' id='word_1_229' title='bbox 1025 3223 1118 3290; x_wconf 88' lang='lat' dir='ltr'><strong>sicut</strong></span> <span class='ocrx_word' id='word_1_230' title='bbox 1141 3223 1357 3290; x_wconf 88' lang='lat' dir='ltr'><strong>consuetudo</strong></span> <span class='ocrx_word' id='word_1_231' title='bbox 1381 3226 1447 3309; x_wconf 82' lang='lat' dir='ltr'><strong>est3</strong></span> <span class='ocrx_word' id='word_1_232' title='bbox 1472 3224 1515 3290; x_wconf 92' lang='lat' dir='ltr'><strong>de</strong></span> <span class='ocrx_word' id='word_1_233' title='bbox 1539 3224 1631 3309; x_wconf 91' lang='lat' dir='ltr'><strong>quod</strong></span> <span class='ocrx_word' id='word_1_234' title='bbox 1656 3227 1776 3290; x_wconf 89' lang='lat' dir='ltr'><strong>autem</strong></span> <span class='ocrx_word' id='word_1_235' title='bbox 1800 3243 1863 3310; x_wconf 91' lang='lat' dir='ltr'><strong>per</strong></span> <span class='ocrx_word' id='word_1_236' title='bbox 1887 3243 2023 3292; x_wconf 88' lang='lat' dir='ltr'><strong>annum</strong></span> <span class='ocrx_word' id='word_1_237' title='bbox 2047 3226 2098 3293; x_wconf 92' lang='lat' dir='ltr'><strong>ibi</strong></span> <span class='ocrx_word' id='word_1_238' title='bbox 2118 3245 2174 3294; x_wconf 92' lang='lat' dir='ltr'><strong>se-</strong></span> 
     </span>
     <span class='ocr_line' id='line_1_19' title="bbox 320 3368 2171 3478; baseline -0.001 -30"><span class='ocrx_word' id='word_1_239' title='bbox 320 3383 590 3467; x_wconf 75' lang='lat' dir='ltr'><strong>minaberimuS,</strong></span> <span class='ocrx_word' id='word_1_240' title='bbox 614 3368 825 3448; x_wconf 88' lang='lat' dir='ltr'><strong>terraticum</strong></span> <span class='ocrx_word' id='word_1_241' title='bbox 842 3377 925 3445; x_wconf 93' lang='lat' dir='ltr'><strong>inde</strong></span> <span class='ocrx_word' id='word_1_242' title='bbox 941 3378 1063 3445; x_wconf 87' lang='lat' dir='ltr'><strong>demus</strong></span> <span class='ocrx_word' id='word_1_243' title='bbox 1080 3376 1200 3464; x_wconf 91' lang='lat' dir='ltr'><strong>ibique</strong></span> <span class='ocrx_word' id='word_1_244' title='bbox 1217 3376 1262 3450; x_wconf 89' lang='lat' dir='ltr'><strong>ad</strong></span> <span class='ocrx_word' id='word_1_245' title='bbox 1287 3393 1409 3445; x_wconf 91' lang='lat' dir='ltr'><strong>aream</strong></span> <span class='ocrx_word' id='word_1_246' title='bbox 1426 3376 1472 3443; x_wconf 90' lang='lat' dir='ltr'><strong>ad</strong></span> <span class='ocrx_word' id='word_1_247' title='bbox 1488 3375 1635 3444; x_wconf 89' lang='lat' dir='ltr'><strong>missum</strong></span> <span class='ocrx_word' id='word_1_248' title='bbox 1649 3375 1760 3462; x_wconf 87' lang='lat' dir='ltr'><strong>ipsius</strong></span> <span class='ocrx_word' id='word_1_249' title='bbox 1776 3378 2050 3478; x_wconf 81' lang='lat' dir='ltr'><strong>archiepiscopii</strong></span> <span class='ocrx_word' id='word_1_250' title='bbox 2066 3398 2171 3464; x_wconf 91' lang='lat' dir='ltr'><strong>quem</strong></span> 
     </span>
     <span class='ocr_line' id='line_1_20' title="bbox 326 3527 2173 3620; baseline -0.001 -18"><span class='ocrx_word' id='word_1_251' title='bbox 326 3533 419 3603; x_wconf 89' lang='lat' dir='ltr'><strong>scire</strong></span> <span class='ocrx_word' id='word_1_252' title='bbox 444 3533 646 3620; x_wconf 86' lang='lat' dir='ltr'><strong>fecerimus,</strong></span> <span class='ocrx_word' id='word_1_253' title='bbox 664 3532 858 3600; x_wconf 88' lang='lat' dir='ltr'><strong>secundum</strong></span> <span class='ocrx_word' id='word_1_254' title='bbox 874 3530 1089 3598; x_wconf 89' lang='lat' dir='ltr'><strong>consuetudo</strong></span> <span class='ocrx_word' id='word_1_255' title='bbox 1106 3529 1218 3616; x_wconf 86' lang='lat' dir='ltr'><strong>ipsius</strong></span> <span class='ocrx_word' id='word_1_256' title='bbox 1236 3529 1336 3614; x_wconf 76' lang='lat' dir='ltr'><strong>lociS,</strong></span> <span class='ocrx_word' id='word_1_257' title='bbox 1353 3531 1387 3594; x_wconf 94' lang='lat' dir='ltr'><strong>et</strong></span> <span class='ocrx_word' id='word_1_258' title='bbox 1403 3527 1478 3614; x_wconf 87' lang='lat' dir='ltr'><strong>ipso</strong></span> <span class='ocrx_word' id='word_1_259' title='bbox 1494 3527 1585 3596; x_wconf 91' lang='lat' dir='ltr'><strong>aliut</strong></span> <span class='ocrx_word' id='word_1_260' title='bbox 1602 3529 1704 3595; x_wconf 89' lang='lat' dir='ltr'><strong>uobis</strong></span> <span class='ocrx_word' id='word_1_261' title='bbox 1720 3532 1902 3616; x_wconf 89' lang='lat' dir='ltr'><strong>abeamus,</strong></span> <span class='ocrx_word' id='word_1_262' title='bbox 1920 3535 1955 3598; x_wconf 93' lang='lat' dir='ltr'><strong>et</strong></span> <span class='ocrx_word' id='word_1_263' title='bbox 1971 3531 2072 3599; x_wconf 91' lang='lat' dir='ltr'><strong>stetit</strong></span> <span class='ocrx_word' id='word_1_264' title='bbox 2087 3551 2173 3618; x_wconf 90' lang='lat' dir='ltr'><strong>pars</strong></span> 
     </span>
     <span class='ocr_line' id='line_1_21' title="bbox 322 3678 2171 3772; baseline 0.001 -20"><span class='ocrx_word' id='word_1_265' title='bbox 322 3684 437 3772; x_wconf 90' lang='lat' dir='ltr'><strong>ipsius</strong></span> <span class='ocrx_word' id='word_1_266' title='bbox 461 3683 736 3770; x_wconf 89' lang='lat' dir='ltr'><strong>archiepiscopii</strong></span> <span class='ocrx_word' id='word_1_267' title='bbox 760 3701 898 3770; x_wconf 90' lang='lat' dir='ltr'><strong>semper</strong></span> <span class='ocrx_word' id='word_1_268' title='bbox 922 3684 1000 3768; x_wconf 87' lang='lat' dir='ltr'><strong>ipsa</strong></span> <span class='ocrx_word' id='word_1_269' title='bbox 1022 3679 1218 3748; x_wconf 89' lang='lat' dir='ltr'><strong>traditione</strong></span> <span class='ocrx_word' id='word_1_270' title='bbox 1241 3697 1322 3746; x_wconf 91' lang='lat' dir='ltr'><strong>cum</strong></span> <span class='ocrx_word' id='word_1_271' title='bbox 1344 3679 1422 3746; x_wconf 88' lang='lat' dir='ltr'><strong>vice</strong></span> <span class='ocrx_word' id='word_1_272' title='bbox 1445 3678 1487 3746; x_wconf 91' lang='lat' dir='ltr'><strong>de</strong></span> <span class='ocrx_word' id='word_1_273' title='bbox 1510 3679 1571 3746; x_wconf 89' lang='lat' dir='ltr'><strong>bia</strong></span> <span class='ocrx_word' id='word_1_274' title='bbox 1595 3698 1661 3746; x_wconf 88' lang='lat' dir='ltr'><strong>sua</strong></span> <span class='ocrx_word' id='word_1_275' title='bbox 1683 3679 1773 3746; x_wconf 91' lang='lat' dir='ltr'><strong>mihi</strong></span> <span class='ocrx_word' id='word_1_276' title='bbox 1806 3681 1946 3767; x_wconf 90' lang='lat' dir='ltr'><strong>meique</strong></span> <span class='ocrx_word' id='word_1_277' title='bbox 1974 3683 2171 3754; x_wconf 87' lang='lat' dir='ltr'><strong>heredibus</strong></span> 
     </span>
     <span class='ocr_line' id='line_1_22' title="bbox 325 3831 2171 3920; baseline -0.001 -13"><span class='ocrx_word' id='word_1_278' title='bbox 325 3839 581 3908; x_wconf 83' lang='lat' dir='ltr'><strong>defensandum</strong></span> <span class='ocrx_word' id='word_1_279' title='bbox 604 3840 651 3907; x_wconf 89' lang='lat' dir='ltr'><strong>ab</strong></span> <span class='ocrx_word' id='word_1_280' title='bbox 674 3837 839 3905; x_wconf 90' lang='lat' dir='ltr'><strong>omnibus</strong></span> <span class='ocrx_word' id='word_1_281' title='bbox 861 3835 1038 3903; x_wconf 92' lang='lat' dir='ltr'><strong>ominibus</strong></span> <span class='ocrx_word' id='word_1_282' title='bbox 1061 3835 1228 3920; x_wconf 90' lang='lat' dir='ltr'><strong>omnique</strong></span> <span class='ocrx_word' id='word_1_283' title='bbox 1252 3833 1427 3920; x_wconf 88' lang='lat' dir='ltr'><strong>partibus.</strong></span> <span class='ocrx_word' id='word_1_284' title='bbox 1451 3836 1569 3918; x_wconf 92' lang='lat' dir='ltr'><strong>preter</strong></span> <span class='ocrx_word' id='word_1_285' title='bbox 1593 3831 1699 3918; x_wconf 89' lang='lat' dir='ltr'><strong>quale</strong></span> <span class='ocrx_word' id='word_1_286' title='bbox 1720 3837 1878 3920; x_wconf 90' lang='lat' dir='ltr'><strong>tempore</strong></span> <span class='ocrx_word' id='word_1_287' title='bbox 1895 3833 1976 3904; x_wconf 89' lang='lat' dir='ltr'><strong>illut</strong></span> <span class='ocrx_word' id='word_1_288' title='bbox 1991 3840 2116 3905; x_wconf 88' lang='lat' dir='ltr'><strong>tenere</strong></span> <span class='ocrx_word' id='word_1_289' title='bbox 2133 3845 2171 3908; x_wconf 90' lang='lat' dir='ltr'><strong>et</strong></span> 
     </span>
     <span class='ocr_line' id='line_1_23' title="bbox 320 3985 2169 4075; baseline 0.002 -16"><span class='ocrx_word' id='word_1_290' title='bbox 320 3993 487 4062; x_wconf 90' lang='lat' dir='ltr'><strong>laborare</strong></span> <span class='ocrx_word' id='word_1_291' title='bbox 511 3991 731 4060; x_wconf 89' lang='lat' dir='ltr'><strong>noluerimus</strong></span> <span class='ocrx_word' id='word_1_292' title='bbox 754 3996 817 4059; x_wconf 88' lang='lat' dir='ltr'><strong>aut</strong></span> <span class='ocrx_word' id='word_1_293' title='bbox 840 4007 911 4057; x_wconf 92' lang='lat' dir='ltr'><strong>non</strong></span> <span class='ocrx_word' id='word_1_294' title='bbox 935 3988 1181 4075; x_wconf 88' lang='lat' dir='ltr'><strong>potuerimus,</strong></span> <span class='ocrx_word' id='word_1_295' title='bbox 1209 3989 1295 4054; x_wconf 92' lang='lat' dir='ltr'><strong>tunc</strong></span> <span class='ocrx_word' id='word_1_296' title='bbox 1318 3985 1445 4056; x_wconf 89' lang='lat' dir='ltr'><strong>inclita</strong></span> <span class='ocrx_word' id='word_1_297' title='bbox 1467 3989 1546 4073; x_wconf 87' lang='lat' dir='ltr'><strong>ipsa</strong></span> <span class='ocrx_word' id='word_1_298' title='bbox 1570 3987 1764 4056; x_wconf 90' lang='lat' dir='ltr'><strong>traditione</strong></span> <span class='ocrx_word' id='word_1_299' title='bbox 1788 3989 1925 4058; x_wconf 86' lang='lat' dir='ltr'><strong>cultata</strong></span> <span class='ocrx_word' id='word_1_300' title='bbox 1948 3995 1984 4059; x_wconf 90' lang='lat' dir='ltr'><strong>et</strong></span> <span class='ocrx_word' id='word_1_301' title='bbox 2007 3991 2169 4064; x_wconf 88' lang='lat' dir='ltr'><strong>studiata</strong></span> 
     </span>
     <span class='ocr_line' id='line_1_24' title="bbox 320 4138 2173 4228; baseline -0.002 -10"><span class='ocrx_word' id='word_1_302' title='bbox 320 4151 363 4218; x_wconf 88' lang='lat' dir='ltr'><strong>de</strong></span> <span class='ocrx_word' id='word_1_303' title='bbox 388 4147 492 4215; x_wconf 90' lang='lat' dir='ltr'><strong>bonis</strong></span> <span class='ocrx_word' id='word_1_304' title='bbox 516 4148 674 4215; x_wconf 90' lang='lat' dir='ltr'><strong>arbustis</strong></span> <span class='ocrx_word' id='word_1_305' title='bbox 697 4144 820 4213; x_wconf 86' lang='lat' dir='ltr'><strong>vitatis</strong></span> <span class='ocrx_word' id='word_1_306' title='bbox 844 4142 1070 4211; x_wconf 89' lang='lat' dir='ltr'><strong>remittamus</strong></span> <span class='ocrx_word' id='word_1_307' title='bbox 1095 4140 1133 4207; x_wconf 91' lang='lat' dir='ltr'><strong>in</strong></span> <span class='ocrx_word' id='word_1_308' title='bbox 1156 4159 1240 4227; x_wconf 88' lang='lat' dir='ltr'><strong>pars</strong></span> <span class='ocrx_word' id='word_1_309' title='bbox 1264 4138 1377 4226; x_wconf 90' lang='lat' dir='ltr'><strong>ipsius</strong></span> <span class='ocrx_word' id='word_1_310' title='bbox 1400 4138 1696 4228; x_wconf 89' lang='lat' dir='ltr'><strong>archiepiscopii,</strong></span> <span class='ocrx_word' id='word_1_311' title='bbox 1721 4146 1757 4208; x_wconf 90' lang='lat' dir='ltr'><strong>et</strong></span> <span class='ocrx_word' id='word_1_312' title='bbox 1781 4139 1896 4211; x_wconf 90' lang='lat' dir='ltr'><strong>licead</strong></span> <span class='ocrx_word' id='word_1_313' title='bbox 1919 4162 1974 4211; x_wconf 90' lang='lat' dir='ltr'><strong>me</strong></span> <span class='ocrx_word' id='word_1_314' title='bbox 2009 4147 2046 4213; x_wconf 89' lang='lat' dir='ltr'><strong>et</strong></span> <span class='ocrx_word' id='word_1_315' title='bbox 2079 4147 2173 4216; x_wconf 88' lang='lat' dir='ltr'><strong>meis</strong></span> 
     </span>
     <span class='ocr_line' id='line_1_25' title="bbox 318 4293 2167 4379; baseline -0.003 -9"><span class='ocrx_word' id='word_1_316' title='bbox 318 4303 518 4372; x_wconf 85' lang='lat' dir='ltr'><strong>heredibus</strong></span> <span class='ocrx_word' id='word_1_317' title='bbox 531 4300 614 4368; x_wconf 92' lang='lat' dir='ltr'><strong>iude</strong></span> <span class='ocrx_word' id='word_1_318' title='bbox 637 4299 737 4368; x_wconf 82' lang='lat' dir='ltr'><strong>exire</strong></span> <span class='ocrx_word' id='word_1_319' title='bbox 761 4317 842 4365; x_wconf 90' lang='lat' dir='ltr'><strong>cum</strong></span> <span class='ocrx_word' id='word_1_320' title='bbox 857 4296 977 4364; x_wconf 89' lang='lat' dir='ltr'><strong>omnia</strong></span> <span class='ocrx_word' id='word_1_321' title='bbox 993 4298 1135 4363; x_wconf 87' lang='lat' dir='ltr'><strong>nostras</strong></span> <span class='ocrx_word' id='word_1_322' title='bbox 1158 4310 1285 4362; x_wconf 86' lang='lat' dir='ltr'><strong>causas</strong></span> <span class='ocrx_word' id='word_1_323' title='bbox 1301 4293 1446 4361; x_wconf 88' lang='lat' dir='ltr'><strong>mobilia</strong></span> <span class='ocrx_word' id='word_1_324' title='bbox 1460 4295 1496 4359; x_wconf 91' lang='lat' dir='ltr'><strong>et</strong></span> <span class='ocrx_word' id='word_1_325' title='bbox 1509 4310 1714 4379; x_wconf 86' lang='lat' dir='ltr'><strong>pergamus,</strong></span> <span class='ocrx_word' id='word_1_326' title='bbox 1731 4293 1793 4360; x_wconf 92' lang='lat' dir='ltr'><strong>ubi</strong></span> <span class='ocrx_word' id='word_1_327' title='bbox 1815 4293 2048 4364; x_wconf 89' lang='lat' dir='ltr'><strong>voluerimus.</strong></span> <span class='ocrx_word' id='word_1_328' title='bbox 2069 4299 2167 4367; x_wconf 91' lang='lat' dir='ltr'><strong>unde</strong></span> 
     </span>
     <span class='ocr_line' id='line_1_26' title="bbox 320 4445 2173 4541; baseline -0.002 -16"><span class='ocrx_word' id='word_1_329' title='bbox 320 4459 360 4525; x_wconf 91' lang='lat' dir='ltr'><strong>in</strong></span> <span class='ocrx_word' id='word_1_330' title='bbox 382 4474 424 4525; x_wconf 90' lang='lat' dir='ltr'><strong>eo</strong></span> <span class='ocrx_word' id='word_1_331' title='bbox 447 4455 597 4523; x_wconf 88' lang='lat' dir='ltr'><strong>hordine</strong></span> <span class='ocrx_word' id='word_1_332' title='bbox 620 4473 684 4541; x_wconf 90' lang='lat' dir='ltr'><strong>per</strong></span> <span class='ocrx_word' id='word_1_333' title='bbox 707 4450 995 4520; x_wconf 90' lang='lat' dir='ltr'><strong>conbenientiam</strong></span> <span class='ocrx_word' id='word_1_334' title='bbox 1030 4467 1093 4536; x_wconf 93' lang='lat' dir='ltr'><strong>per</strong></span> <span class='ocrx_word' id='word_1_335' title='bbox 1124 4448 1318 4516; x_wconf 91' lang='lat' dir='ltr'><strong>iussionem</strong></span> <span class='ocrx_word' id='word_1_336' title='bbox 1341 4445 1453 4532; x_wconf 87' lang='lat' dir='ltr'><strong>ipsius</strong></span> <span class='ocrx_word' id='word_1_337' title='bbox 1477 4445 1597 4512; x_wconf 90' lang='lat' dir='ltr'><strong>domni</strong></span> <span class='ocrx_word' id='word_1_338' title='bbox 1622 4446 1882 4532; x_wconf 89' lang='lat' dir='ltr'><strong>archiepiscopi</strong></span> <span class='ocrx_word' id='word_1_339' title='bbox 1910 4449 2044 4534; x_wconf 84' lang='lat' dir='ltr'><strong>guadia</strong></span> <span class='ocrx_word' id='word_1_340' title='bbox 2083 4451 2173 4520; x_wconf 91' lang='lat' dir='ltr'><strong>mihi</strong></span> 
     </span>
     <span class='ocr_line' id='line_1_27' title="bbox 319 4598 2173 4696; baseline -0.004 -18"><span class='ocrx_word' id='word_1_341' title='bbox 319 4608 415 4679; x_wconf 92' lang='lat' dir='ltr'><strong>dedit</strong></span> <span class='ocrx_word' id='word_1_342' title='bbox 438 4611 514 4696; x_wconf 88' lang='lat' dir='ltr'><strong>ipse</strong></span> <span class='ocrx_word' id='word_1_343' title='bbox 538 4608 726 4676; x_wconf 89' lang='lat' dir='ltr'><strong>serrandus</strong></span> <span class='ocrx_word' id='word_1_344' title='bbox 750 4606 915 4691; x_wconf 77' lang='lat' dir='ltr'><strong>clericuS,</strong></span> <span class='ocrx_word' id='word_1_345' title='bbox 939 4607 975 4671; x_wconf 91' lang='lat' dir='ltr'><strong>et</strong></span> <span class='ocrx_word' id='word_1_346' title='bbox 997 4601 1229 4669; x_wconf 89' lang='lat' dir='ltr'><strong>mediatorem</strong></span> <span class='ocrx_word' id='word_1_347' title='bbox 1253 4599 1343 4670; x_wconf 89' lang='lat' dir='ltr'><strong>mihi</strong></span> <span class='ocrx_word' id='word_1_348' title='bbox 1367 4600 1484 4684; x_wconf 87' lang='lat' dir='ltr'><strong>posuit</strong></span> <span class='ocrx_word' id='word_1_349' title='bbox 1507 4599 1682 4665; x_wconf 90' lang='lat' dir='ltr'><strong>iohannes</strong></span> <span class='ocrx_word' id='word_1_350' title='bbox 1706 4598 1856 4666; x_wconf 88' lang='lat' dir='ltr'><strong>clericus</strong></span> <span class='ocrx_word' id='word_1_351' title='bbox 1880 4599 1978 4668; x_wconf 88' lang='lat' dir='ltr'><strong>filius</strong></span> <span class='ocrx_word' id='word_1_352' title='bbox 1994 4603 2173 4689; x_wconf 89' lang='lat' dir='ltr'><strong>quondam</strong></span> 
     </span>
     <span class='ocr_line' id='line_1_28' title="bbox 319 4749 2173 4850; baseline -0.004 -18"><span class='ocrx_word' id='word_1_353' title='bbox 319 4764 429 4850; x_wconf 83' lang='lat' dir='ltr'><strong>falki,</strong></span> <span class='ocrx_word' id='word_1_354' title='bbox 453 4767 493 4830; x_wconf 93' lang='lat' dir='ltr'><strong>ut</strong></span> <span class='ocrx_word' id='word_1_355' title='bbox 516 4761 544 4829; x_wconf 91' lang='lat' dir='ltr'><strong>si</strong></span> <span class='ocrx_word' id='word_1_356' title='bbox 569 4759 689 4830; x_wconf 88' lang='lat' dir='ltr'><strong>taliter</strong></span> <span class='ocrx_word' id='word_1_357' title='bbox 713 4759 835 4827; x_wconf 89' lang='lat' dir='ltr'><strong>omnia</strong></span> <span class='ocrx_word' id='word_1_358' title='bbox 857 4754 1102 4842; x_wconf 87' lang='lat' dir='ltr'><strong>suprascripta</strong></span> <span class='ocrx_word' id='word_1_359' title='bbox 1126 4771 1210 4838; x_wconf 91' lang='lat' dir='ltr'><strong>pars</strong></span> <span class='ocrx_word' id='word_1_360' title='bbox 1235 4749 1349 4837; x_wconf 89' lang='lat' dir='ltr'><strong>ipsius</strong></span> <span class='ocrx_word' id='word_1_361' title='bbox 1374 4749 1646 4836; x_wconf 86' lang='lat' dir='ltr'><strong>archiepiscopii</strong></span> <span class='ocrx_word' id='word_1_362' title='bbox 1672 4749 1773 4816; x_wconf 90' lang='lat' dir='ltr'><strong>nobis</strong></span> <span class='ocrx_word' id='word_1_363' title='bbox 1798 4767 1871 4816; x_wconf 92' lang='lat' dir='ltr'><strong>non</strong></span> <span class='ocrx_word' id='word_1_364' title='bbox 1895 4751 2173 4840; x_wconf 89' lang='lat' dir='ltr'><strong>adimpleberint</strong></span> 
     </span>
     <span class='ocr_line' id='line_1_29' title="bbox 323 4902 2174 5006; baseline -0.007 -19"><span class='ocrx_word' id='word_1_365' title='bbox 323 4925 358 4987; x_wconf 91' lang='lat' dir='ltr'><strong>et</strong></span> <span class='ocrx_word' id='word_1_366' title='bbox 381 4917 515 5006; x_wconf 89' lang='lat' dir='ltr'><strong>aliquit</strong></span> <span class='ocrx_word' id='word_1_367' title='bbox 538 4916 622 4984; x_wconf 88' lang='lat' dir='ltr'><strong>inde</strong></span> <span class='ocrx_word' id='word_1_368' title='bbox 645 4910 957 4995; x_wconf 83' lang='lat' dir='ltr'><strong>contradixerint,</strong></span> <span class='ocrx_word' id='word_1_369' title='bbox 990 4927 1054 4995; x_wconf 92' lang='lat' dir='ltr'><strong>per</strong></span> <span class='ocrx_word' id='word_1_370' title='bbox 1084 4909 1163 4992; x_wconf 89' lang='lat' dir='ltr'><strong>ipsa</strong></span> <span class='ocrx_word' id='word_1_371' title='bbox 1179 4904 1314 4992; x_wconf 82' lang='lat' dir='ltr'><strong>guadia</strong></span> <span class='ocrx_word' id='word_1_372' title='bbox 1338 4919 1547 4988; x_wconf 89' lang='lat' dir='ltr'><strong>componere</strong></span> <span class='ocrx_word' id='word_1_373' title='bbox 1571 4902 1745 4988; x_wconf 82' lang='lat' dir='ltr'><strong>obligavit</strong></span> <span class='ocrx_word' id='word_1_374' title='bbox 1769 4921 1806 4970; x_wconf 90' lang='lat' dir='ltr'><strong>se</strong></span> <span class='ocrx_word' id='word_1_375' title='bbox 1831 4902 1907 4989; x_wconf 90' lang='lat' dir='ltr'><strong>ipse</strong></span> <span class='ocrx_word' id='word_1_376' title='bbox 1931 4905 2080 4974; x_wconf 89' lang='lat' dir='ltr'><strong>domnus</strong></span> <span class='ocrx_word' id='word_1_377' title='bbox 2116 4928 2174 4977; x_wconf 90' lang='lat' dir='ltr'><strong>ar</strong></span> 
     </span>
     <span class='ocr_line' id='line_1_30' title="bbox 322 5057 2171 5162; baseline -0.01 -16"><span class='ocrx_word' id='word_1_378' title='bbox 322 5073 569 5162; x_wconf 89' lang='lat' dir='ltr'><strong>chiepiscopus</strong></span> <span class='ocrx_word' id='word_1_379' title='bbox 593 5075 629 5138; x_wconf 91' lang='lat' dir='ltr'><strong>et</strong></span> <span class='ocrx_word' id='word_1_380' title='bbox 652 5071 727 5136; x_wconf 90' lang='lat' dir='ltr'><strong>suis</strong></span> <span class='ocrx_word' id='word_1_381' title='bbox 751 5063 1011 5135; x_wconf 87' lang='lat' dir='ltr'><strong>successorihus</strong></span> <span class='ocrx_word' id='word_1_382' title='bbox 1034 5067 1071 5129; x_wconf 91' lang='lat' dir='ltr'><strong>et</strong></span> <span class='ocrx_word' id='word_1_383' title='bbox 1094 5059 1315 5147; x_wconf 88' lang='lat' dir='ltr'><strong>pars-ipsius</strong></span> <span class='ocrx_word' id='word_1_384' title='bbox 1338 5057 1612 5144; x_wconf 86' lang='lat' dir='ltr'><strong>archiepiscopii</strong></span> <span class='ocrx_word' id='word_1_385' title='bbox 1637 5057 1727 5125; x_wconf 90' lang='lat' dir='ltr'><strong>mihi</strong></span> <span class='ocrx_word' id='word_1_386' title='bbox 1751 5059 1936 5128; x_wconf 87' lang='lat' dir='ltr'><strong>nominato</strong></span> <span class='ocrx_word' id='word_1_387' title='bbox 1960 5063 2037 5130; x_wconf 87' lang='lat' dir='ltr'><strong>ursi</strong></span> <span class='ocrx_word' id='word_1_388' title='bbox 2060 5082 2171 5149; x_wconf 90' lang='lat' dir='ltr'><strong>quam</strong></span> 
     </span>
     <span class='ocr_line' id='line_1_31' title="bbox 319 5210 2251 5306; baseline -0.008 -9"><span class='ocrx_word' id='word_1_389' title='bbox 319 5234 358 5298; x_wconf 92' lang='lat' dir='ltr'><strong>et</strong></span> <span class='ocrx_word' id='word_1_390' title='bbox 381 5225 427 5295; x_wconf 87' lang='lat' dir='ltr'><strong>ad</strong></span> <span class='ocrx_word' id='word_1_391' title='bbox 449 5225 537 5292; x_wconf 90' lang='lat' dir='ltr'><strong>meis</strong></span> <span class='ocrx_word' id='word_1_392' title='bbox 553 5222 757 5306; x_wconf 91' lang='lat' dir='ltr'><strong>heredibus,</strong></span> <span class='ocrx_word' id='word_1_393' title='bbox 774 5220 878 5287; x_wconf 89' lang='lat' dir='ltr'><strong>natos</strong></span> <span class='ocrx_word' id='word_1_394' title='bbox 893 5219 1093 5299; x_wconf 89' lang='lat' dir='ltr'><strong>nascentes,</strong></span> <span class='ocrx_word' id='word_1_395' title='bbox 1110 5211 1243 5298; x_wconf 84' lang='lat' dir='ltr'><strong>bigiuti</strong></span> <span class='ocrx_word' id='word_1_396' title='bbox 1260 5211 1341 5280; x_wconf 88' lang='lat' dir='ltr'><strong>auri</strong></span> <span class='ocrx_word' id='word_1_397' title='bbox 1358 5211 1487 5278; x_wconf 86' lang='lat' dir='ltr'><strong>solidos</strong></span> <span class='ocrx_word' id='word_1_398' title='bbox 1503 5210 1735 5280; x_wconf 74' lang='lat' dir='ltr'><strong>costantinus</strong></span> <span class='ocrx_word' id='word_1_399' title='bbox 1755 5212 1852 5287; x_wconf 82' lang='lat' dir='ltr'><strong>Quod</strong></span> <span class='ocrx_word' id='word_1_400' title='bbox 1867 5213 1997 5300; x_wconf 89' lang='lat' dir='ltr'><strong>scripsi</strong></span> <span class='ocrx_word' id='word_1_401' title='bbox 2014 5233 2079 5301; x_wconf 82' lang='lat' dir='ltr'><strong>ego</strong></span> <span class='ocrx_word' id='word_1_402' title='bbox 2097 5237 2176 5300; x_wconf 87' lang='lat' dir='ltr'><strong>my</strong></span> <span class='ocrx_word' id='word_1_403' title='bbox 2248 5247 2251 5254; x_wconf 90' lang='lat'></span> 
     </span>
     <span class='ocr_line' id='line_1_32' title="bbox 322 5366 1090 5460; baseline -0.026 -10"><span class='ocrx_word' id='word_1_404' title='bbox 322 5382 457 5452; x_wconf 87' lang='lat' dir='ltr'><strong>raudus</strong></span> <span class='ocrx_word' id='word_1_405' title='bbox 479 5375 643 5446; x_wconf 90' lang='lat' dir='ltr'><strong>notarius</strong></span> <span class='ocrx_word' id='word_1_406' title='bbox 666 5372 728 5460; x_wconf 91' lang='lat' dir='ltr'><strong>qui</strong></span> <span class='ocrx_word' id='word_1_407' title='bbox 752 5369 902 5440; x_wconf 85' lang='lat' dir='ltr'><strong>interfui</strong></span> <span class='ocrx_word' id='word_1_408' title='bbox 926 5366 1090 5437; x_wconf 83' lang='lat' dir='ltr'><strong>feliciter.</strong></span> 
     </span>
    </p>

    <p class='ocr_par' dir='ltr' id='par_1_4' title="bbox 367 5508 1217 5624">
     <span class='ocr_line' id='line_1_33' title="bbox 367 5508 1217 5624; baseline -0.02 -21"><span class='ocrx_word' id='word_1_409' title='bbox 367 5508 398 5624; x_wconf 94' lang='lat'></span> <span class='ocrx_word' id='word_1_410' title='bbox 424 5537 499 5622; x_wconf 82' lang='lat' dir='ltr'><strong>Ego</strong></span> <span class='ocrx_word' id='word_1_411' title='bbox 522 5532 709 5616; x_wconf 88' lang='lat' dir='ltr'><strong>iaquintus</strong></span> <span class='ocrx_word' id='word_1_412' title='bbox 732 5524 906 5614; x_wconf 90' lang='lat' dir='ltr'><strong>presbiter</strong></span> <span class='ocrx_word' id='word_1_413' title='bbox 930 5526 965 5589; x_wconf 89' lang='lat' dir='ltr'><strong>et</strong></span> <span class='ocrx_word' id='word_1_414' title='bbox 989 5519 1217 5607; x_wconf 89' lang='lat' dir='ltr'><strong>primicerius</strong></span> 
     </span>
    </p>

    <p class='ocr_par' dir='ltr' id='par_1_5' title="bbox 367 5663 835 5782">
     <span class='ocr_line' id='line_1_34' title="bbox 367 5663 835 5782; baseline -0.019 -25"><span class='ocrx_word' id='word_1_415' title='bbox 367 5663 398 5782; x_wconf 91' lang='lat'><em></em></span> <span class='ocrx_word' id='word_1_416' title='bbox 422 5693 498 5776; x_wconf 84' lang='lat' dir='ltr'><strong>Ego</strong></span> <span class='ocrx_word' id='word_1_417' title='bbox 520 5691 660 5758; x_wconf 88' lang='lat' dir='ltr'><strong>amatus</strong></span> <span class='ocrx_word' id='word_1_418' title='bbox 684 5683 835 5752; x_wconf 88' lang='lat' dir='ltr'><strong>clericus</strong></span> 
     </span>
    </p>
   </div>
   <div class='ocr_carea' id='block_1_4' title="bbox 369 5817 986 5935">
    <p class='ocr_par' dir='ltr' id='par_1_6' title="bbox 369 5817 986 5935">
     <span class='ocr_line' id='line_1_35' title="bbox 369 5817 986 5935; baseline -0.021 -23"><span class='ocrx_word' id='word_1_419' title='bbox 369 5817 401 5935; x_wconf 83' lang='lat'><em></em></span> <span class='ocrx_word' id='word_1_420' title='bbox 427 5845 502 5932; x_wconf 82' lang='lat' dir='ltr'><strong>Ego</strong></span> <span class='ocrx_word' id='word_1_421' title='bbox 526 5841 713 5929; x_wconf 85' lang='lat' dir='ltr'><strong>iaquintus</strong></span> <span class='ocrx_word' id='word_1_422' title='bbox 737 5837 986 5906; x_wconf 85' lang='lat' dir='ltr'><strong>subdiaconus.</strong></span> 
     </span>
    </p>
   </div>
   <div class='ocr_carea' id='block_1_5' title="bbox 1034 5989 1482 6001">
    <p class='ocr_par' dir='ltr' id='par_1_7' title="bbox 1034 5989 1482 6001">
     <span class='ocr_line' id='line_1_36' title="bbox 1034 5989 1482 6001; baseline -0.007 0"><span class='ocrx_word' id='word_1_423' title='bbox 1034 5989 1482 6001; x_wconf 42' lang='lat' dir='ltr'><strong>...n-mfflQ-</strong></span> 
     </span>
    </p>
   </div>
   <div class='ocr_carea' id='block_1_6' title="bbox 0 0 2742 7106">
    <p class='ocr_par' dir='ltr' id='par_1_8' title="bbox 0 0 2742 7106">
     <span class='ocr_line' id='line_1_37' title="bbox 0 0 2742 7106; baseline 0 0"><span class='ocrx_word' id='word_1_424' title='bbox 0 0 2742 7106; x_wconf 95' lang='lat' dir='ltr'><strong> </strong></span> 
     </span>
    </p>
   </div>
  </div>
 </body>
</html>
