5414 7098
579 564 627 636 60
917 589 922 606 ·
1216 558 1386 630 CODEX
1430 559 1695 634 cnvENsls

531 789 643 860 suciis
667 790 780 858 totum
804 789 935 856 bonum
959 787 1202 872 pastenatum,
1219 788 1254 854 et
1277 789 1427 874 suctum,
1445 790 1481 856 et
1503 790 1665 874 operatu,
1682 791 1718 855 et
1741 787 1932 874 cultatum,
1948 788 2043 856 sicut
2058 788 2101 856 de
2124 791 2243 857 tantos
2266 807 2381 858 annos

535 942 635 1010 locus
660 937 735 1026 ipse
758 939 948 1024 meruerit;
974 942 1009 1005 et
1033 935 1137 1023 quale
1161 940 1316 1023 tempore
1339 937 1385 1006 da
1407 936 1477 1024 ipsi
1500 937 1670 1006 tredecim
1694 938 1782 1008 anni
1807 939 1975 1008 inantea
2007 938 2085 1026 ipsa
2118 942 2224 1008 rebus
2258 945 2382 1012 tenere

530 1099 566 1163 et
598 1093 764 1164 lavorare
795 1109 867 1159 non
897 1090 1141 1176 voluerimus,
1176 1092 1240 1158 aut
1268 1107 1339 1156 non
1362 1091 1594 1179 potuerimus,
1620 1091 1747 1162 inclita
1770 1094 1849 1179 ipsa
1873 1094 1978 1160 rebus
2001 1093 2164 1162 lavorata
2187 1096 2223 1162 et
2245 1094 2384 1166 cultata

533 1246 763 1317 remittamus
787 1244 832 1314 ad
855 1262 958 1313 suam
981 1245 1155 1330 potestate
1178 1246 1215 1310 et
1238 1243 1280 1311 de
1304 1243 1377 1310 suis
1400 1243 1580 1334 eredibuS,
1596 1245 1798 1314 faciendum
1823 1244 1905 1314 inde
1929 1245 2049 1314 omnia
2072 1247 2165 1332 quod
2189 1247 2383 1334 voluerint,

531 1405 568 1469 et
591 1400 707 1470 licead
730 1417 795 1467 nos
819 1397 902 1466 inde
926 1397 1027 1466 exire
1052 1416 1133 1464 cum
1156 1397 1277 1465 omnia
1300 1415 1410 1466 causa
1434 1398 1582 1467 mobilia
1605 1402 1640 1466 et
1664 1399 1717 1465 ire
1740 1417 1821 1466 cum
1845 1396 1942 1486 illut,
1965 1397 2027 1464 ubi
2049 1399 2280 1477 voluerimus,
2306 1399 2385 1468 sine

529 1553 788 1625 contrarietate
811 1571 876 1622 sua
910 1555 948 1619 et
985 1550 1028 1618 de
1052 1550 1128 1618 suis
1150 1550 1328 1619 eredibus.
1354 1551 1452 1619 Unde
1477 1550 1516 1618 in
1538 1569 1579 1620 eo
1597 1552 1747 1623 hordine
1770 1575 1834 1644 per
1857 1574 1951 1624 vona
1974 1553 2225 1624 convenientia
2248 1553 2383 1641 guadia

530 1709 618 1779 mihi
642 1707 718 1796 ipse
742 1724 857 1774 comes
880 1705 991 1792 dedit,
1015 1709 1051 1774 et
1074 1703 1307 1773 mediatorem
1330 1703 1419 1771 mihi
1442 1703 1559 1790 posuit
1582 1724 1758 1775 cenuamu
1781 1707 1877 1776 filius
1892 1709 1966 1776 ursi
1984 1709 2180 1778 trecentese
2203 1707 2381 1776 dalocum

531 1861 765 1947 barbazzan03
790 1863 828 1930 et
849 1877 913 1946 per
937 1859 1014 1944 ipsa
1038 1857 1212 1942 obligavit
1234 1874 1271 1923 se
1294 1860 1330 1923 et
1354 1875 1434 1924 suos
1456 1857 1578 1925 eredes
1600 1857 1666 1926 tali
1690 1860 1854 1946 hordine,
1873 1863 1911 1928 ut
1933 1861 2057 1930 amodo
2072 1864 2108 1928 et
2124 1877 2274 1946 semper,
2298 1859 2384 1926 dum

525 2012 605 2098 ipsa
629 2014 736 2080 rebus
759 2012 1010 2097 tenuerimuS,
1035 2011 1224 2080 defensare
1248 2011 1351 2077 nobis
1375 2009 1579 2097 nostrisque
1603 2011 1768 2078 eredibus
1791 2032 1871 2080 cum
1894 2013 1971 2080 vice
1996 2011 2039 2080 de
2063 2012 2119 2080 bie
2154 2031 2216 2080 sue
2255 2010 2382 2082 inclita

532 2161 612 2252 ipsa
637 2163 806 2234 tradictio
828 2163 873 2233 da
896 2179 1019 2231 omnes
1034 2161 1196 2230 homines
1218 2160 1386 2248 omnique
1409 2160 1583 2248 partibus,
1600 2166 1637 2230 et
1660 2181 1732 2230 non
1756 2162 1837 2233 illut
1859 2163 1961 2231 nobis
1984 2163 2108 2233 tollere
2133 2169 2198 2232 aut
2213 2169 2380 2235 contrare
2440 2249 2449 2262 ι

523 2335 657 2404 queras
684 2335 748 2405 per
773 2317 872 2386 nullo
895 2316 1058 2386 hordine.
1083 2317 1182 2392 Quod
1206 2316 1235 2383 si
1257 2315 1383 2384 taliter
1407 2315 1537 2402 omnia,
1561 2319 1602 2383 ut
1625 2317 1789 2402 superius
1813 2315 1959 2404 legitur,
1984 2317 2074 2384 mihi
2099 2317 2239 2404 meique
2262 2317 2379 2386 eredi-

524 2471 592 2537 bus
615 2488 687 2537 non
709 2469 958 2557 adimpleberit
980 2475 1016 2538 et
1041 2468 1171 2556 aliquit
1194 2468 1323 2538 exinde
1348 2470 1528 2534 remobere
1552 2467 1616 2534 aut
1638 2469 1804 2534 coutrare
1827 2465 2039 2552 quesierint,
2063 2487 2126 2556 per
2143 2469 2378 2555 ipsasguadia

528 2624 703 2712 obligavit
726 2641 763 2692 se
787 2629 823 2692 et
845 2625 919 2692 suis
942 2623 1107 2692 eredibus
1121 2622 1166 2691 ad
1183 2621 1462 2708 componendum
1488 2621 1576 2688 mihi
1594 2621 1734 2708 meique
1757 2620 1935 2706 madibus
1950 2627 2014 2690 aut
2036 2624 2094 2691 cui
2118 2627 2214 2690 hunc
2237 2625 2383 2692 brebem

526 2777 596 2846 iste
619 2777 657 2844 in
680 2793 791 2846 manu
814 2776 990 2863 paruerit,
1015 2775 1282 2862 quinquaginta
1304 2773 1384 2840 auri
1408 2773 1536 2840 solidos
1559 2773 1815 2859 constantines,
1841 2777 1877 2842 et
1899 2775 2019 2842 omnia
2043 2776 2290 2863 suprascripta
2314 2795 2380 2864 per

528 2929 664 3000 imbitis
688 2948 747 2998 eos
770 2929 871 2998 nobis
895 2927 1091 3014 compliret,
1116 2931 1151 2994 et
1174 2944 1243 2996 unc
1268 2927 1410 2994 brebem
1434 2925 1560 3012 scripsi
1585 2945 1651 3012 ego
1676 2925 1858 2994 maraldus
1881 2927 2043 2996 notarius
2059 2933 2141 2997 actu
2164 2930 2328 2999 nuceria.

570 3059 603 3176 †
627 3104 693 3174 ego
717 3083 940 3173 guandelferi

573 3212 604 3327 †
628 3257 693 3327 ego
716 3237 938 3306 benedictus.

1285 3787 1612 3875 DCCXLIII.

1303 4051 1359 4129 A.
1387 4050 1437 4128 D.
1466 4048 1596 4131 1022.

573 4291 610 4433 †
635 4345 675 4411 In
699 4342 842 4414 nomine
864 4345 999 4414 domini
1022 4344 1201 4415 tricesimo
1224 4349 1351 4430 quarto
1373 4361 1470 4413 anno
1486 4342 1708 4431 principatus
1723 4342 1842 4411 domni
1859 4344 1972 4413 nostri
1987 4344 2183 4431 guaimari,
2203 4350 2240 4413 et
2255 4344 2383 4431 quinto

526 4513 625 4566 anno
640 4497 760 4566 domni
777 4497 958 4585 guaimari
974 4499 1052 4567 eius
1063 4497 1150 4586 illio,
1164 4497 1310 4585 gloriosi
1327 4494 1567 4584 principibus,
1585 4513 1706 4564 mense
1723 4497 1932 4583 nobember,
1947 4499 2052 4564 sexta
2069 4495 2277 4565 indictione.
2292 4500 2385 4567 Ante

532 4651 668 4720 melec
695 4652 1209 4740 comescausabitiaquintus
1237 4649 1399 4720 notarius
1429 4666 1493 4736 pro
1520 4665 1605 4736 pars
1633 4651 1669 4716 et
1699 4647 1777 4717 bice
1801 4648 1952 4720 ecclesia
1984 4647 2100 4716 sancti
2130 4647 2281 4718 maximi
2304 4667 2386 4717 cum

532 4824 647 4874 memo
671 4804 714 4875 de
739 4810 951 4892 apusmonte
975 4805 1050 4874 filio
1073 4807 1180 4890 (deest
1203 4805 1344 4887 nomeu)
1366 4801 1523 4870 dicentes
1547 4801 1623 4886 ipse
1647 4798 1858 4886 iaquintus,
1886 4805 1927 4867 ut
1951 4797 2025 4886 ipse
2049 4817 2164 4869 memo
2186 4801 2281 4870 malo
2303 4804 2387 4869 bor-

528 4956 613 5025 dine
637 4959 674 5024 et
695 4957 775 5024 sine
798 4955 941 5024 ratione
965 4955 1147 5025 introisset
1170 4954 1209 5020 in
1234 4954 1341 5022 rebus
1365 4952 1477 5039 ipsius
1499 4951 1646 5019 ecclesie
1670 4951 1788 5020 sancti
1811 4951 1963 5020 maximi
1979 4951 2022 5020 de
2039 4951 2116 5038 ipso
2139 4951 2255 5021 locum
2277 4972 2386 5041 apus-

531 5113 667 5194 monte,
699 5113 735 5176 et
757 5108 855 5175 sobee
880 5107 1011 5176 ibidem
1033 5108 1190 5192 iecisset,
1214 5110 1250 5173 et
1274 5103 1386 5192 sepali
1410 5104 1495 5172 inde
1518 5104 1755 5190 abscidisset,
1780 5108 1817 5172 et
1840 5104 1900 5172 bia
1922 5103 2008 5173 inde
2029 5104 2229 5192 ostedisset,
2252 5110 2289 5174 et
2312 5107 2387 5175 lru·

530 5260 596 5332 dia
619 5260 713 5348 quod
740 5259 878 5346 legibus
902 5259 945 5327 de
969 5261 1047 5346 ipsa
1072 5261 1178 5330 rebus
1201 5259 1247 5328 ad
1271 5277 1356 5345 pars
1381 5257 1528 5326 ecclesie
1551 5257 1698 5326 ebenire
1721 5257 1837 5344 debet,
1855 5257 1954 5326 illam
1970 5259 2004 5326 ei
2020 5258 2160 5327 tulisset
2175 5264 2211 5327 et
2226 5265 2388 5330 contras-

532 5421 602 5486 set.
626 5415 702 5503 lpse
726 5431 840 5482 memo
863 5411 971 5499 dixit,
995 5418 1035 5480 ut
1058 5412 1190 5498 inipso
1214 5411 1328 5479 locum
1346 5416 1556 5498 apusmonte
1580 5411 1700 5498 plures
1723 5413 1830 5479 rebus
1851 5413 1971 5498 abere,
1995 5416 2050 5480 set
2064 5415 2202 5480 nescire
2218 5412 2262 5481 de
2277 5414 2383 5500 quale

536 5572 612 5658 ipse
637 5569 821 5656 iaquintus
845 5586 909 5654 pro
932 5583 1016 5653 pars
1039 5563 1150 5652 ipsius
1173 5563 1319 5632 ecclesie
1343 5581 1424 5632 eum
1447 5583 1529 5630 eum
1552 5563 1728 5651 causabit3
1752 5565 1847 5632 unde
1862 5565 2020 5634 intereis
2037 5563 2210 5635 iudicabit
2224 5569 2261 5634 et
2278 5567 2385 5636 utris·

529 5741 601 5810 que
625 5721 697 5789 illis
721 5720 897 5810 guadiare
922 5719 1019 5804 lecit,
1044 5721 1083 5786 ut
1106 5733 1191 5804 pars
1215 5715 1327 5804 ipsius
1351 5716 1497 5786 ecclesie
1521 5736 1602 5784 cum
1625 5716 1701 5802 ipso
1723 5735 1837 5784 memo
1860 5733 1967 5804 super
1990 5717 2071 5804 ipsa
2093 5719 2199 5784 rebus
2222 5736 2305 5786 cum
2328 5717 2386 5786 iu-

530 5876 611 5948 dice
634 5881 670 5946 et
692 5876 834 5945 notario
857 5891 1019 5964 pergere,
1042 5875 1078 5942 et
1102 5889 1186 5959 pars
1202 5869 1316 5958 ipsius
1338 5869 1485 5939 ecclesie
1508 5873 1723 5939 monstraret
1747 5869 1859 5956 ipsius
1876 5870 1982 5937 memi
2006 5868 2049 5938 de
2064 5869 2169 5957 quale
2185 5872 2292 5940 rebus
2306 5871 2383 5958 ipse
2466 5846 2471 5855 ¹
