5422 7102
615 543 685 616 200
1245 540 1419 614 donax
1454 537 1723 612 GAVENSIS

567 785 655 836 nam
682 770 979 839 cumvenientiam
1003 768 1153 838 tradidit
1176 768 1286 856 ipsius
1310 767 1425 836 mauri
1450 767 1527 854 ipsa
1551 765 1656 832 rebus
1678 762 1724 834 ad
1747 761 1995 848 lavorandum‚
2019 762 2081 848 qui
2118 766 2171 830 est
2194 763 2313 830 rebus¹
2333 765 2412 851 ipsa

570 940 634 1009 per
659 940 698 989 as
722 920 811 990 fines
834 925 870 990 01
881 939 1089 991 mensuras:
1115 939 1138 988 0
1161 921 1265 1006 parte
1288 918 1480 988 occidentis
1503 918 1575 986 fine
1590 916 1650 988 via
1666 935 1735 1004 que
1752 915 1853 984 modo
1871 931 1908 983 se
1923 931 1995 983 uon
2013 913 2135 1002 andat,
2152 918 2237 984 sunt
2252 934 2315 1004 per
2331 919 2411 1006 ipsa

565 1074 625 1142 via
647 1073 744 1160 passi
768 1073 998 1160 septuaginta
1022 1073 1170 1140 nobem:
1196 1091 1219 1140 a
1241 1074 1345 1158 parte
1367 1070 1632 1158 septemtrionis
1655 1069 1727 1138 flue
1749 1087 1844 1155 mea,
1868 1070 1953 1136 sunt
1976 1067 2059 1136 inde
2075 1067 2171 1155 passi
2186 1069 2329 1135 eentum
2345 1085 2409 1136 no·

566 1225 721 1312 naginta
745 1227 927 1311 quattuor,
951 1226 987 1291 et
1010 1221 1216 1292 revolbente
1239 1223 1340 1310 quasi
1365 1224 1404 1291 in
1428 1225 1530 1310 parte
1554 1221 1703 1290 meridie
1725 1220 1821 1309 passi
1846 1223 1992 1306 septem,
2008 1223 2044 1288 et
2057 1219 2187 1288 abinde
2202 1219 2408 1292 revolbente

567 1378 606 1443 in
631 1380 735 1462 parte
759 1377 910 1444 orientis
933 1394 996 1462 per
1020 1375 1135 1444 limite
1159 1379 1195 1444 01
1219 1374 1445 1462 aliquantum
1468 1393 1531 1461 per
1554 1392 1617 1458 ora
1640 1373 1683 1442 de
1706 1374 1846 1444 ballone
1869 1374 1965 1460 passi
1988 1373 2221 1460 septuaginta
2254 1392 2343 1444 sex:
2383 1393 2407 1444 a

565 1531 670 1615 parte
693 1529 842 1596 orientis
865 1527 1032 1597 similiter
1056 1529 1127 1597 fine
1151 1548 1242 1606 mea,
1269 1527 1361 1615 quod
1377 1527 1423 1596 ad
1438 1529 1670 1598 lavorandum
1692 1530 1825 1598 retinet
1849 1529 2023 1598 iohannes
2039 1529 2136 1598 filius
2151 1527 2309 1616 guisoni,
2325 1532 2409 1596 sunt

565 1681 648 1750 inde
673 1682 767 1769 passi
792 1680 1034 1768 quadraginta
1057 1686 1252 1768 quattuor:
1278 1701 1301 1750 a
1323 1685 1426 1767 parte
1450 1681 1599 1749 meridie
1622 1679 1789 1750 similiter
1813 1684 1884 1749 flue
1906 1699 2000 1769 mea,
2017 1685 2102 1748 sunt
2119 1680 2203 1749 inde
2219 1680 2315 1767 passi
2330 1699 2413 1748 een·

565 1843 643 1906 tum
666 1837 877 1926 nonaginta:
904 1841 1018 1905 totum
1042 1840 1287 1906 mensuratum
1312 1836 1357 1905 ad
1382 1836 1475 1905 iusto
1499 1853 1643 1922 passum
1666 1836 1811 1924 ominis,
1834 1835 1899 1905 1011
1923 1835 2048 1904 ordine
2066 1836 2146 1904 illut
2162 1835 2274 1924 ipsius
2291 1835 2411 1906 mauri

565 1990 729 2076 tradidit,
747 1995 787 2058 ut
802 1989 928 2058 amodo
942 1992 978 2058 et
994 2007 1145 2076 semper,
1169 1992 1272 2058 natos
1295 1993 1495 2074 nascentes,
1520 1989 1566 2058 ad
1589 2009 1654 2059 sua
1677 1993 1713 2058 et
1736 1991 1780 2058 de
1802 1990 1877 2057 suis
1900 1991 2065 2058 eredibus
2080 2008 2158 2058 esse
2180 1989 2347 2076 potestati
2365 1989 2407 2057 il·

565 2144 618 2212 lut
640 2144 831 2213 tenendum
855 2146 891 2212 et
913 2141 1183 2230 dominandum,
1207 2147 1243 2210 et
1265 2143 1363 2210 sebee
1388 2147 1424 2210 et
1445 2144 1559 2210 omnis
1575 2161 1637 2210 sue
1661 2142 1828 2211 utilitatis
1843 2141 1893 2211 ibi
1908 2140 2112 2210 faciendum
2136 2141 2230 2212 iusta
2253 2142 2407 2230 ratione,

565 2302 601 2367 01
625 2297 755 2367 ibidem
779 2297 949 2382 residere,
974 2298 1023 2384 et,
1046 2297 1109 2364 ubi
1133 2299 1315 2383 meruerit,
1333 2297 1414 2366 illut
1430 2299 1572 2388 cludere
1589 2302 1625 2367 et
1641 2318 1777 2386 semper
1795 2297 1876 2365 illut
1891 2296 2030 2365 elusum
2053 2299 2174 2385 abere,
2190 2302 2239 2386 01,
2257 2297 2318 2365 ubi
2335 2317 2406 2366 me-

564 2451 693 2537 ruerit,
716 2471 778 2539 per
803 2453 879 2540 ipso
902 2454 1088 2520 arbustum
1112 2454 1257 2520 arbores
1281 2454 1317 2522 01
1339 2451 1430 2520 vites
1455 2451 1515 2518 ille
1539 2457 1575 2520 01
1598 2471 1678 2520 suos
1700 2452 1822 2521 eredes
1841 2451 1972 2520 ibidem
1988 2451 2153 2538 plantare
2176 2454 2212 2519 01
2241 2454 2410 2541 propagi-

564 2623 627 2674 nes
650 2611 807 2694 tragere,
830 2610 865 2674 01
889 2605 1082 2692 perfeetum
1107 2605 1189 2674 illut
1213 2605 1418 2672 annualiter
1441 2606 1484 2674 de
1507 2625 1612 2693 super
1635 2606 1736 2674 etde
1760 2609 1882 2674 subter
1906 2610 2020 2675 totum
2044 2625 2106 2694 per
2141 2610 2220 2694 ipsa
2254 2609 2343 2676 lines
2368 2613 2405 2676 et

565 2776 752 2827 mensuras
775 2757 952 2834 lavorare,
977 2761 1013 2825 et
1035 2756 1185 2844 sultare,
1209 2761 1245 2826 et
1268 2775 1427 2844 operare,
1451 2761 1487 2824 01
1510 2758 1669 2828 studiare
1692 2777 1836 2846 vonum,
1852 2759 1946 2828 sieut
1961 2759 2144 2848 meruerit,
2164 2764 2203 2828 ut
2219 2760 2410 2849 proficiant

565 2916 600 2980 et
622 2928 695 2978 non
717 2911 937 2998 dispereant,
960 2913 997 2977 et
1021 2910 1149 2978 cotidie
1173 2907 1304 2977 ibidem
1328 2910 1482 2978 residere
1506 2915 1542 2979 01
1565 2912 1718 2980 avitare.
1744 2913 1797 2980 Ad
1820 2912 1986 2999 completi
2010 2916 2131 2983 autem
2166 2914 2292 2983 amodo
2315 2916 2405 2984 anui

568 3069 641 3132 tres
665 3065 797 3132 abeant
822 3061 881 3129 ille
904 3065 940 3129 et
963 3077 1045 3128 suos
1069 3060 1189 3128 eredes
1213 3061 1252 3128 in
1274 3064 1350 3129 1010
1374 3061 1452 3147 1000
1475 3064 1582 3130 rebus
1605 3081 1668 3150 per
1695 3065 1791 3151 ipsas
1814 3067 1903 3134 fines
1926 3067 1962 3133 01
1996 3083 2182 3134 mensuras
2217 3029 2408 3137 arbustum

569 3219 682 3285 totum
705 3215 874 3300 vitatum,
899 3217 935 3281 01
950 3231 1080 3282 vonum
1096 3217 1251 3302 surtum,
1268 3215 1304 3282 et
1321 3216 1519 3301 operatum,
1537 3221 1573 3284 et
1587 3217 1774 3305 cultatum,
1791 3217 1885 3285 sicut
1900 3218 1997 3285 loeus
2019 3219 2094 3305 ipse
2116 3223 2170 3287 001
2191 3221 2404 3289 consuetudo

566 3373 601 3437 et
625 3369 819 3454 perlectum
843 3366 1017 3436 meruerit
1039 3385 1106 3434 exe
1128 3368 1340 3454 arbustum,
1365 3369 1474 3436 01010
1498 3368 1578 3438 illut
1600 3369 1688 3438 mihi
1714 3372 1855 3459 meique
1877 3372 2043 3442 eredibus
2067 3371 2106 3439 in
2131 3373 2206 3460 ipso
2237 3375 2411 3446 eonstitu-

566 3525 644 3588 tum
668 3519 888 3606 adsingnare
910 3524 1100 3606 operatum*
1116 3524 1152 3588 01
1174 3520 1349 3589 cultatum
1372 3537 1515 3610 vonum,
1540 3522 1634 3590 sieut
1656 3541 1766 3609 supra
1789 3523 1936 3613 legitur,
1959 3529 1996 3594 et
2019 3527 2151 3596 abinde
2174 3528 2213 3595 in
2236 3535 2321 3600 ante
2345 3529 2407 3598 ille

566 3680 601 3743 et
624 3691 704 3742 suos
727 3673 860 3759 eredeS,
884 3676 985 3741 natos
1008 3678 1208 3760 1100000100,
1233 3671 1314 3742 illut
1329 3679 1465 3761 tenere,
1482 3675 1519 3740 01
1532 3674 1731 3763 dominare,
1756 3680 1791 3744 01
1814 3674 1989 3762 lavorare,
2013 3682 2049 3744 01
2071 3695 2218 3764 operare
2242 3679 2409 3748 annuali-

568 3831 791 3913 terrenum,
816 3826 909 3893 siout
932 3841 1042 3912 supra
1066 3824 1211 3913 legitur3
1236 3831 1271 3894 et
1293 3825 1417 3894 amodo
1440 3829 1476 3893 01
1500 3843 1637 3913 semper
1672 3847 1736 3914 per
1763 3830 1878 3897 omnis
1912 3848 2046 3898 annum
2080 3849 2143 3917 per
2176 3835 2334 3918 ternpore
2367 3833 2411 3901 de

565 3983 744 4053 vindemie
768 3983 904 4052 iaciant
926 4001 982 4050 me
1004 3981 1059 4048 vel
1083 3981 1172 4048 meis
1194 3979 1359 4048 eredibus
1383 3983 1487 4068 seire,
1504 3985 1545 4048 ut
1562 3981 1693 4050 ibidem
1716 3981 1918 4070 dirigamus
1941 3983 2089 4050 missum
2105 3987 2281 4073 nostrum,
2297 3986 2411 4057 011110

568 4143 604 4206 01
628 4155 709 4206 suos
733 4135 853 4204 eredes
874 4136 950 4202 tota
973 4135 1079 4201 rebus
1102 4133 1180 4219 ipsa
1203 4135 1284 4201 abto
1306 4138 1462 4218 tempore
1484 4132 1705 4203 vindemiare
1727 4138 1763 4204 01
1785 4153 1891 4222 poma
1913 4136 2045 4205 exinde
2070 4137 2253 4225 colligere,
2277 4142 2313 4206 et
2335 4157 2409 4205 om-

567 4293 627 4359 nis
651 4289 775 4356 vinum
797 4287 929 4356 exinde
952 4291 988 4356 01
1010 4304 1114 4374 poma
1137 4283 1258 4374 ibique
1280 4285 1326 4354 ad
1347 4285 1568 4374 palmentum
1590 4303 1653 4374 per
1677 4286 1904 4355 medietatem
1927 4286 2155 4357 dividamus:
2180 4290 2299 4377 ipsum
2328 4291 2414 4360 mis·

567 4462 646 4513 sum
669 4445 830 4508 nostrum
853 4439 963 4509 tollad
986 4440 1087 4527 prius
1110 4437 1241 4508 exinde
1264 4437 1515 4524 medietatem,
1540 4437 1661 4508 011110
1684 4443 1720 4508 01
1742 4456 1824 4507 suos
1846 4439 1968 4509 eredes
1992 4443 2070 4528 ipsa
2092 4441 2168 4512 0110
2191 4443 2409 4533 medietate,

567 4604 602 4668 et
626 4599 705 4685 ipsa
728 4598 853 4664 nostra
876 4593 1033 4662 sortione
1056 4592 1099 4660 de
1123 4592 1199 4678 ipso
1221 4591 1346 4659 vinum
1368 4590 1442 4659 illis
1465 4609 1523 4659 eos
1546 4610 1718 4680 reponere
1741 4594 1861 4683 ibique
1884 4595 1923 4662 in
1945 4596 2087 4664 domum
2114 4612 2218 4665 suam
2252 4596 2293 4664 in
2328 4599 2407 4685 ipsa

566 4754 674 4822 rebus
698 4750 738 4818 in
762 4767 919 4838 organea
942 4750 1078 4836 nostra,
1102 4746 1195 4834 quod
1217 4763 1280 4813 nos
1302 4746 1337 4813 ei
1359 4746 1575 4834 adsiugnata
1597 4749 1756 4837 abemus,
1780 4749 1899 4818 011110
1922 4753 1959 4818 01
1981 4768 2062 4818 suos
2097 4751 2221 4818 eredes
2250 4768 2411 4838 orgauea

567 4906 646 4992 ipsa
669 4903 834 4972 eoneiare
856 4907 892 4971 01
914 4899 1075 4970 studiare
1097 4915 1203 4985 vona,
1226 4895 1319 4964 sicut
1341 4899 1525 4987 meruerit,
1549 4901 1585 4968 et
1608 4900 1684 4987 ipso
1706 4903 1829 4970 vinum
1851 4906 2014 4971 nostrum
2037 4903 2244 4972 annualiter
2269 4903 2408 4972 saciant

565 5057 670 5124 nobis
694 5055 845 5141 salbum,
869 5053 953 5122 dum
977 5049 1057 5120 illut
1072 5049 1155 5118 inde
1170 5047 1371 5137 tulerimus,
1395 5051 1527 5138 absque
1549 5051 1826 5138 degeneratione
1849 5059 1885 5125 et
1907 5056 2032 5144 ingne3
2057 5055 2206 5125 missum
2228 5057 2409 5143 nostrum,

567 5211 651 5279 dum
675 5229 739 5298 pro
762 5209 836 5296 ipse
859 5205 1034 5275 vindemie
1058 5204 1190 5272 ibidem
1212 5203 1354 5272 steterit
1377 5223 1440 5290 pro
1463 5204 1541 5292 ipsa
1562 5209 1686 5274 nostra
1709 5205 1863 5274 sortione
1879 5207 2138 5295 recipiendum,
2157 5207 2229 5276 illis
2248 5225 2330 5277 eum
2348 5171 2414 5277 nu-

567 5363 667 5434 triad
691 5363 885 5433 secundum
908 5379 1010 5431 suam
1034 5356 1283 5447 possivilitate,
1307 5361 1344 5424 01
1365 5353 1620 5444 palmentatiea
1641 5359 1744 5427 uobis
1765 5360 1875 5447 (100ος
1900 5365 1936 5429 01
1957 5361 2000 5429 de
2016 5361 2111 5448 quod
2126 5361 2254 5430 amodo
2272 5365 2309 5432 01
2322 5378 2416 5430 sem-

571 5537 636 5606 per
661 5519 700 5587 in
723 5517 801 5605 ipsa
825 5518 930 5584 rebus
953 5509 1234 5602 seminaverint,
1260 5507 1367 5577 deant
1389 5507 1472 5578 iude
1494 5512 1596 5579 nobis
1619 5513 1820 5602 nostrisque
1842 5513 2009 5583 eredibus
2038 5513 2252 5582 terraticum
2287 5529 2416 5582 seeun-

572 5674 656 5741 dum
681 5669 974 5740 eousuetudiuem
997 5668 1041 5737 de
1064 5669 1140 5755 ipso
1163 5667 1289 5737 locum.
1314 5669 1479 5754 Tantum,
1502 5667 1608 5753 quale
1630 5668 1788 5755 tempore
1810 5667 1856 5737 da
1880 5667 1949 5756 ipsi
1971 5670 2046 5736 tres
2069 5667 2158 5738 anni
2181 5665 2346 5755 completi
2374 5667 2414 5736 in

567 5829 677 5894 antea
702 5824 761 5892 ille
785 5827 821 5892 et
844 5840 926 5890 suos
948 5821 1069 5890 eredes
1093 5823 1199 5888 rebus
1222 5821 1301 5909 ipsa
1324 5824 1446 5890 tenere
1468 5823 1504 5888 et
1528 5819 1692 5889 lavorare
1714 5818 1870 5889 noluerit
1893 5819 1932 5887 in
1947 5821 2153 5908 supradicto
2168 5819 2308 5906 ordine,
2326 5822 2413 5888 tunc
