5422 7102
650 547 715 617 188
1277 545 1446 618 consi
1492 545 1757 618 CAVENSIS

581 789 725 858 gamus3
750 771 802 838 sic
824 772 960 858 tamen,
983 775 1024 839 ut
1046 749 1184 840 nullam
1207 771 1459 842 damnietatem
1483 773 1546 839 aut
1568 769 1736 838 lesionem
1753 771 1791 838 in
1808 770 1882 857 ipse
1898 769 2062 858 plagarie
2079 771 2265 860 faciamuS,
2278 771 2373 860 quod
2387 775 2434 844 ad

461 939 471 946 ·
581 943 685 994 suam
708 929 919 1012 potestatem
943 927 1141 996 reserbavit
1162 926 1325 1012 partibus
1352 924 1509 994 eiusdem
1532 923 1717 994 hecclesie.
1750 927 1794 992 Et
1829 928 2004 1012 quantum
2040 925 2163 992 vinum
2198 929 2234 995 et
2268 927 2432 1014 quicquit

581 1077 730 1164 frugens
752 1079 960 1149 annualiter
985 1099 1095 1166 usque
1120 1081 1195 1167 ipso
1218 1079 1449 1148 constitutum
1466 1078 1547 1145 inde
1562 1077 1694 1145 exierit
1708 1081 1744 1146 et
1759 1059 1959 1164 fecerimus,
1975 1079 2088 1146 totum
2105 1077 2186 1145 illut
2202 1078 2305 1146 nobis
2323 1080 2433 1148 abea-

583 1251 676 1318 mus,
694 1233 897 1302 faciendum
913 1233 1005 1319 quod
1028 1234 1256 1319 boluerimus;
1273 1233 1318 1301 ad
1334 1231 1500 1318 completi
1517 1232 1586 1318 ipsi
1602 1233 1735 1316 septem
1752 1231 1839 1298 anni
1855 1248 1921 1316 ego
1936 1235 1971 1299 et
1987 1249 2083 1298 meos
2098 1231 2247 1300 heredes
2263 1233 2434 1301 abeamus

583 1383 620 1449 in
649 1386 724 1452 tota
748 1382 826 1470 ipsa
849 1387 948 1453 terra
971 1385 1077 1454 vinea
1100 1385 1196 1455 sacta
1219 1389 1255 1454 et
1277 1387 1440 1472 operata,
1467 1381 1559 1450 sicut
1581 1379 1624 1449 de
1648 1383 1769 1449 tantos
1793 1397 1904 1448 annos
1929 1383 2129 1468 meruerit,
2160 1386 2195 1450 et
2219 1382 2265 1450 da
2289 1381 2374 1450 inde
2397 1382 2436 1448 in

580 1538 689 1602 antea
713 1553 824 1620 usque
850 1553 965 1606 annos
990 1537 1165 1624 quinque,
1190 1536 1283 1623 quod
1305 1535 1398 1602 flunt
1421 1532 1545 1602 amodo
1569 1549 1681 1600 annos
1696 1530 1894 1616 duodecim,
1912 1531 2078 1600 similiter
2096 1533 2146 1600 ibi
2162 1533 2384 1602 resideamus
2400 1539 2435 1601 et

580 1687 771 1774 abitemus,
796 1691 832 1755 et
854 1691 930 1756 iota
954 1690 1033 1773 ipsa
1056 1657 1156 1756 terra
1178 1706 1259 1754 cum
1282 1688 1388 1755 vinea
1411 1685 1453 1754 de
1477 1704 1583 1771 super
1606 1689 1643 1752 et
1666 1684 1709 1752 de
1732 1689 1856 1770 suptus
1881 1684 2085 1753 annualiter
2110 1686 2186 1752 suis
2211 1685 2432 1773 temporibus

585 1837 787 1906 laboremus
810 1843 846 1906 et
870 1837 1045 1905 cultemus
1061 1843 1096 1907 et
1112 1857 1314 1924 surgamus
1338 1841 1379 1905 ut
1402 1837 1494 1904 bona
1517 1840 1643 1923 pareat
1666 1855 1728 1923 per
1746 1854 1879 1904 annum
1898 1835 2061 1904 laborata
2077 1841 2113 1904 et
2129 1837 2240 1922 clusa,
2258 1840 2294 1904 et
2317 1838 2435 1906 salbas

473 2025 480 2042 ·
577 1987 659 2056 illas
682 1989 871 2057 faciamus.
898 1990 941 2055 Et
964 2007 1027 2075 per
1051 1989 1166 2055 omnis
1189 2007 1326 2058 annum
1350 2007 1413 2076 per
1436 1989 1614 2057 vindemie
1636 2005 1702 2074 ego
1726 1991 1761 2056 et
1777 2006 1871 2055 meos
1887 1987 2034 2056 heredes
2051 1987 2223 2056 faciamus
2242 1988 2336 2056 scire
2352 1989 2429 2075 ipse

581 2142 692 2210 abbas
714 2141 770 2206 rel
793 2139 958 2227 partibus
981 2141 1137 2208 eiusdem
1161 2140 1346 2227 hecclesie,
1371 2144 1411 2208 ui
1434 2139 1484 2207 ibi
1507 2141 1673 2228 dirigant
1695 2142 1844 2208 missum
1868 2161 1986 2228 suum,
2012 2145 2047 2208 et
2078 2159 2141 2208 nos
2177 2159 2239 2208 suo
2275 2145 2431 2229 tempore

583 2296 658 2361 tota
681 2292 759 2380 ipsa
782 2293 888 2362 vinea
911 2293 1180 2380 vindemiemuS,
1205 2297 1241 2360 ei
1263 2297 1437 2380 quantum
1462 2293 1587 2362 vinum
1610 2292 1818 2362 annualiter
1843 2292 1925 2361 inde
1951 2292 2084 2361 exierit
2108 2296 2143 2360 et
2166 2293 2368 2381 fecerimus,
2394 2294 2434 2360 in

579 2446 727 2516 tertiam
751 2452 890 2534 partem
914 2449 965 2514 ibi
990 2447 1035 2516 ad
1059 2448 1279 2534 palmentum
1303 2447 1352 2514 ibi
1377 2445 1590 2514 dibidamus:
1616 2465 1701 2531 pars
1725 2445 1882 2515 eiusdem
1905 2445 2053 2513 ecclesie
2078 2445 2182 2514 tollat
2204 2447 2336 2514 exinde
2358 2466 2432 2515 una

580 2601 623 2668 dc
648 2599 722 2687 ipse
746 2601 865 2686 sortiS,
889 2599 981 2686 quod
1005 2603 1059 2668 cst
1082 2599 1226 2668 tertiam
1250 2603 1403 2686 partem,
1427 2605 1463 2668 et
1485 2617 1550 2667 nos
1572 2598 1738 2667 tollamus
1762 2600 1837 2684 ipse
1861 2599 1998 2685 relique
2021 2599 2088 2666 due
2111 2600 2229 2666 sortis:
2255 2599 2331 2686 ipse
2348 2602 2432 2668 mis-

577 2768 668 2836 sum,
692 2749 776 2818 dum
800 2769 863 2836 pro
887 2751 962 2836 ipse
984 2749 1161 2818 vindemie
1184 2750 1232 2816 ibi
1258 2751 1413 2837 steterit,
1429 2769 1494 2818 nos
1510 2752 1611 2820 illurn
1629 2754 1857 2820 nutrilremus
1881 2754 2075 2819 secundum
2091 2759 2249 2821 nostram
2273 2753 2425 2840 possibi-

579 2899 718 2968 litatem
743 2905 778 2968 et
801 2902 1096 2988 palmentaticum
1119 2902 1270 2970 adeum
1293 2903 1428 2988 demus,
1454 2903 1547 2969 sicut
1570 2903 1787 2999 consuetudo
1810 2907 1875 2971 est.
1895 2903 1948 2970 Ad
1965 2903 2129 2991 completi
2148 2904 2216 2990 ipsi
2241 2907 2429 2975 duodecim

576 3055 664 3120 anni
689 3072 755 3142 ego
778 3059 813 3122 et
836 3074 931 3123 meos
954 3055 1102 3123 heredes
1125 3057 1296 3123 abeamus
1321 3055 1360 3121 in
1382 3057 1459 3122 tota
1482 3057 1560 3140 ipsa
1575 3057 1674 3122 terra
1689 3055 1796 3122 vinea
1812 3055 1855 3122 de
1870 3058 1960 3122 bono
1984 3057 2130 3143 vitineo,
2146 3063 2182 3124 et
2199 3059 2422 3144 camiletum,

577 3212 614 3273 et
638 3204 824 3274 salicetum
848 3208 993 3294 factam,
1010 3213 1046 3276 ct
1062 3212 1220 3294 operata,
1239 3214 1273 3276 et
1288 3208 1438 3294 cultata,
1455 3211 1490 3276 et
1514 3207 1691 3296 inpalata,
1715 3213 1750 3277 et
1773 3210 1930 3295 perlecta
1954 3216 2068 3295 surta,
2101 3213 2197 3282 sicut
2230 3213 2273 3280 de
2310 3218 2430 3282 tantos

578 3376 694 3425 annos
718 3363 754 3426 et
779 3357 875 3426 locus
898 3357 975 3444 ipse
999 3359 1184 3442 meruerit,
1202 3361 1242 3426 ut
1257 3361 1350 3427 bona
1373 3363 1500 3445 pareat
1523 3365 1684 3448 operata,
1705 3365 1740 3430 et
1755 3363 1943 3431 circoitum
1960 3362 2059 3430 clusa
2076 3365 2168 3432 bona
2185 3367 2221 3431 et
2248 3364 2362 3451 salba3
2379 3373 2429 3452 et,

581 3512 642 3578 ubi
667 3517 733 3581 hoc
758 3515 796 3580 in
820 3513 1016 3602 predictum
1042 3515 1271 3582 constitutum
1296 3513 1380 3581 illut
1403 3519 1588 3600 operatum
1610 3515 1830 3602 abuerimus,
1848 3517 2022 3584 faciamus
2038 3516 2131 3583 scire
2149 3517 2224 3602 ipse
2241 3520 2352 3587 abbas
2374 3521 2431 3586 rel

581 3667 744 3751 partibus
768 3667 929 3736 eiusdem
952 3666 1113 3754 ecclesie,
1139 3672 1179 3734 ut
1203 3667 1253 3734 ibi
1277 3667 1426 3766 beniant
1450 3671 1485 3734 et
1507 3667 1730 3754 provideant,
1755 3673 1791 3734 et
1815 3687 1879 3756 ego
1903 3673 1938 3737 et
1961 3686 2055 3736 meos
2078 3669 2225 3737 heredes
2248 3674 2324 3740 tota
2350 3671 2430 3758 ipsa

583 3821 681 3888 terra
705 3838 785 3887 cum
809 3819 917 3888 vinea
940 3820 1037 3888 inira
1060 3819 1218 3907 predicte
1242 3819 1325 3886 finis
1348 3823 1383 3887 ot
1407 3836 1606 3906 mensuraS,
1631 3822 1667 3886 et
1691 3818 1734 3886 de
1763 3826 1938 3904 quantum
1967 3823 2072 3888 extra
2108 3821 2204 3907 ipsas
2240 3841 2449 3898 mensuras

585 3969 634 4036 ibi
659 3971 868 4038 coniuntum
892 3972 1210 4058 pastenaberimuS,
1235 3973 1265 4038 si
1289 3975 1429 4039 surium
1452 3971 1576 4056 suerit,
1601 3969 1805 4038 dibidamus
1829 3969 1910 4037 illut
1934 3989 1996 4056 per
2019 3970 2259 4040 medietatem:
2278 3977 2353 4062 ipse
2369 3978 2433 4044 ab·

586 4123 649 4190 bas
672 4121 729 4190 vel
753 4104 916 4209 partibus
938 4124 1097 4192 eiusdem
1119 4122 1292 4192 hecclesie
1316 4125 1418 4209 prius
1441 4123 1580 4190 tolleret
1602 4141 1676 4192 una
1699 4123 1742 4192 de
1766 4125 1841 4210 ipse
1863 4123 1981 4211 sortis,
2007 4125 2099 4210 quod
2123 4131 2176 4194 est
2204 4129 2434 4197 medietatem

582 4277 724 4379 deltota
748 4277 853 4345 rebus
878 4277 956 4364 ipsa
979 4295 1043 4364 pro
1066 4242 1168 4364 parte
1191 4275 1348 4362 predicte
1371 4273 1556 4361 hecclesie,
1581 4276 1783 4343 laciendum
1806 4277 1899 4363 quod
1921 4277 2087 4364 boluerit,
2120 4281 2156 4345 et
2179 4280 2291 4346 michi
2314 4283 2431 4348 nomi-

581 4430 660 4498 nati
685 4429 799 4498 alfani
822 4435 858 4499 et
881 4431 928 4500 ad
951 4430 1040 4499 meis
1061 4429 1252 4499 heredibus
1275 4427 1350 4512 ipse
1374 4427 1486 4493 abbas
1509 4429 1544 4494 et
1568 4427 1642 4495 suis
1666 4429 1926 4497 successoribus
1949 4433 1984 4498 et
1996 4429 2161 4516 partibus
2176 4430 2336 4518 predicte
2350 4436 2433 4502 hec-

586 4585 693 4655 clesie
717 4587 845 4656 darent
868 4592 904 4656 et
927 4573 1112 4656 traderent
1135 4587 1174 4653 in
1197 4588 1368 4672 perpetua
1390 4589 1514 4654 nostra
1537 4588 1644 4672 sorte,
1668 4583 1845 4653 abendum
1867 4584 2012 4670 integra
2036 4584 2114 4669 ipsa
2137 4585 2277 4671 reliqua
2301 4586 2433 4654 medio-

584 4745 696 4809 tatem
719 4741 763 4809 de
786 4741 864 4828 ipsa
887 4744 988 4808 terra
1010 4758 1091 4806 cum
1113 4739 1234 4824 vinea,
1258 4757 1339 4804 cum
1362 4739 1441 4804 bice
1464 4737 1506 4804 de
1529 4736 1591 4804 via
1616 4754 1696 4822 sua,
1720 4755 1783 4821 per
1813 4736 1923 4804 talem
1958 4739 2097 4804 firmam
2123 4739 2368 4826 securitatem,
2392 4745 2433 4806 ut

584 4895 682 4961 omni
708 4867 866 4980 ternpore
889 4911 956 4980 ego
979 4897 1015 4960 et
1037 4910 1132 4960 meos
1154 4891 1302 4959 heredes
1326 4889 1498 4958 securiter
1522 4891 1558 4956 et
1583 4888 1734 4955 tirmiter
1758 4885 1840 4954 illut
1862 4891 1967 4957 abere
1990 4891 2027 4955 et
2049 4886 2229 4974 possidere
2246 4891 2433 4960 baleamus

582 5052 619 5114 et
641 5047 816 5115 faciamus
838 5045 971 5114 exinde
994 5045 1114 5114 omnia
1136 5043 1228 5130 quod
1253 5043 1483 5126 boluerimus,
1508 5045 1544 5108 et
1568 5039 1665 5108 omni
1688 5044 1846 5126 tempore
1869 5041 1945 5128 ipse
1969 5044 2080 5111 abbas
2103 5047 2140 5112 et
2162 5045 2235 5113 suis
2251 5064 2430 5114 successo-

583 5198 697 5286 ribus,
721 5198 776 5267 vel
799 5199 963 5286 partibus
987 5198 1099 5284 ipsius
1114 5197 1285 5264 hecclesie
1302 5196 1486 5263 defensare
1502 5192 1611 5260 michi
1628 5189 1804 5260 nominati
1819 5191 1932 5262 aliani
1948 5197 1984 5262 et
2002 5196 2048 5264 ad
2064 5198 2154 5264 meis
2170 5196 2361 5265 heredibus
2378 5201 2434 5267 in-

582 5357 689 5437 tegra
713 5353 791 5438 ipsa
814 5349 1040 5419 medietatem
1063 5349 1106 5417 de
1130 5347 1376 5433 suprascripta
1392 5349 1513 5431 rebuS,
1530 5346 1622 5432 quod
1645 5347 1746 5414 nobis
1769 5345 1900 5415 exinde
1923 5347 1962 5413 in
1978 5350 2133 5416 sortione
2149 5351 2214 5416 hoc
2230 5351 2332 5418 benit
2350 5371 2435 5418 cum

587 5503 666 5571 bioe
690 5503 733 5571 de
756 5503 814 5571 via
837 5521 916 5588 sua,
940 5501 985 5570 da
1008 5517 1128 5570 omnes
1152 5499 1312 5566 homines
1336 5497 1503 5584 omnique
1527 5499 1703 5586 partibus
1726 5501 1763 5567 et
1779 5517 1851 5567 non
1868 5499 1949 5567 illut
1966 5499 2020 5568 vel
2037 5500 2166 5568 exinde
2191 5502 2292 5570 nobis
2307 5503 2433 5571 tollere

585 5655 649 5719 aut
672 5655 852 5721 contraire:
877 5652 943 5719 hec
966 5651 1088 5718 omnia
1111 5649 1353 5736 suprascripta
1376 5651 1452 5736 ipse
1477 5651 1586 5717 abbas
1610 5667 1749 5717 mecum
1772 5651 1857 5718 lecit
1879 5668 1942 5736 per
1966 5650 2224 5738 apsolutionem
2248 5657 2284 5721 et
2301 5655 2435 5742 largie-

583 5803 695 5870 tatcm
720 5802 762 5869 de
786 5801 856 5888 ipsi
880 5799 1068 5869 comitibus
1092 5798 1239 5868 dominii
1263 5797 1420 5885 predicte
1444 5797 1618 5868 hecclesie
1641 5803 1678 5868 et
1701 5801 1743 5869 de
1766 5799 1937 5869 iamdicta
1961 5803 2066 5870 rebus
2096 5803 2252 5872 reditum
2289 5809 2325 5875 et
2359 5807 2439 5894 pal-
