5414 7098
604 481 651 556 58
930 549 935 560 ,
1221 473 1403 547 donax
1445 474 1707 551 CAVENSIS

552 705 818 794 septemtrionis
848 707 883 776 et
914 704 955 772 in
987 704 1100 773 altum
1131 722 1154 771 a
1177 704 1277 770 terra
1300 699 1397 769 siant
1419 699 1592 786 parietem
1614 700 1731 789 ipsum
1755 722 1867 792 usque
1891 707 1938 778 ad
1961 709 2059 783 iusta
2086 714 2203 783 tribus
2235 721 2412 811 menbra,

552 864 588 930 et
612 859 890 948 omnitempore
914 859 1089 948 parietem
1115 856 1233 943 ipsum
1256 871 1442 922 commune
1466 856 1649 944 abeamus„
1665 860 1701 925 et
1724 876 1786 943 per
1811 862 1935 945 partes
1959 882 2091 952 capora
2115 867 2157 936 de
2174 872 2296 940 trabes
2312 877 2350 941 et
2366 875 2411 946 de

555 1012 683 1102 lingna
707 1013 746 1080 in
770 1012 845 1101 ipso
869 1012 1043 1101 parietem
1066 1009 1268 1092 mittamus„
1293 1011 1331 1076 11
1352 1009 1521 1078 abeamus
1545 1009 1641 1080 iusta
1663 1011 1804 1081 ratione
1827 1032 1893 1083 nos
1916 1036 1939 1085 a
1962 1023 2065 1105 parte
2089 1026 2213 1092 nostra
2237 1023 2330 1111 quod
2356 1033 2410 1096 est

551 1187 575 1236 a
598 1186 682 1255 pars
705 1165 912 1253 occidentis,
936 1167 971 1235 et
995 1162 1055 1230 ille
1079 1181 1101 1230 a
1124 1163 1227 1247 parte
1250 1179 1315 1228 sua
1339 1161 1431 1247 qnod
1454 1167 1507 1230 est
1531 1165 1576 1232 ab
1600 1165 1765 1253 oriente,
1790 1170 1826 1236 et
1850 1169 1891 1236 in
1915 1169 1980 1239 illa
2003 1177 2039 1242 et
2062 1173 2101 1240 in
2125 1174 2189 1244 illa
2211 1181 2333 1263 partes
2356 1179 2409 1250 fa-

550 1323 652 1393 ciant
667 1325 707 1391 in
724 1325 799 1410 ipso
822 1320 960 1410 pariete
984 1319 1159 1385 fenestras
1182 1334 1292 1404 cupas
1309 1305 1335 1398 ⁴)
1352 1315 1447 1384 iusta
1470 1317 1624 1405 ratione,
1638 1317 1736 1387 sicut
1757 1324 1947 1410 meruerit,
1963 1325 2073 1396 aliam
2090 1265 2250 1398 foramen
2268 1332 2307 1400 in
2331 1333 2408 1422 ipso

550 1475 725 1564 parietem
740 1492 802 1560 per
825 1477 946 1560 partes
970 1489 1042 1537 non
1066 1471 1253 1557 faciamuS,
1270 1469 1364 1536 unde
1388 1485 1462 1536 una
1485 1487 1569 1556 pars
1593 1470 1639 1538 ad
1663 1470 1737 1540 alia
1758 1475 1922 1561 aspicere
1945 1485 2119 1564 possant3
2144 1484 2181 1549 et
2206 1483 2238 1551 si
2262 1484 2326 1554 ille
2350 1487 2406 1558 vel

549 1631 629 1770 eius
657 1627 807 1695 heredes
838 1625 993 1712 amplius
1024 1623 1215 1692 ascendere
1239 1621 1391 1690 voluerit
1413 1620 1452 1687 in
1476 1620 1589 1690 altum
1613 1641 1693 1690 cum
1717 1627 1834 1691 toturn
1858 1627 1973 1713 ipsum
1997 1631 2164 1720 pariete,
2188 1640 2404 1722 potestatem

548 1782 683 1850 abeant
718 1795 799 1844 oum
823 1779 937 1845 totum
962 1775 1038 1862 ipso
1061 1775 1235 1861 parietem
1259 1772 1478 1856 ascendere,
1506 1771 1754 1842 fabricandum
1778 1781 1953 1864 quantum
1979 1779 2160 1872 voluerit,
2185 1791 2221 1854 et
2245 1787 2322 1857 alio
2352 1793 2404 1861 sic

548 1929 643 1998 o'mni
668 1934 826 2018 tempore
850 1928 926 2017 ipso
949 1929 1124 2014 parietem
1147 1942 1330 1992 commune
1353 1924 1524 1990 abeamus
1547 1924 1586 1992 in
1610 1927 1708 1994 omni
1732 1927 1857 1998 ordine
1880 1933 1917 1998 et
1940 1932 2095 2021 ratione,
2119 1935 2214 2007 sicut
2236 1947 2403 2030 superius

551 2085 722 2172 diximus,
738 2101 802 2151 nos
825 2086 861 2151 et
883 2081 1017 2148 nostris
1040 2077 1206 2147 eredibus
1229 2079 1397 2146 abeamus
1422 2075 1504 2144 illut
1526 2080 1755 2152 medietatem
1772 2104 1794 2152 a
1811 2089 1915 2172 parte
1931 2087 2140 2177 occidentis
2158 2099 2194 2162 et
2212 2096 2288 2182 ipse
2305 2103 2400 2187 petri

549 2243 585 2305 et
613 2255 694 2306 suos
718 2237 839 2306 eredes
860 2233 1091 2318 ¹medietatem
1114 2253 1136 2301 a
1160 2235 1261 2319 parte
1284 2227 1459 2315 orientis,
1485 2234 1521 2298 et
1543 2249 1607 2298 nos
1631 2239 1667 2302 et
1689 2238 1823 2305 nostris
1845 2238 2012 2306 credibus
2035 2241 2260 2316 defensemus
2284 2253 2316 2320 ei
2341 2253 2396 2324 vel

548 2396 593 2463 ad
618 2395 697 2463 eius
720 2394 841 2463 eredes
865 2388 1109 2501 suprascripta
1131 2391 1243 2472 terra,
1266 2382 1357 2470 quod
1381 2401 1445 2450 nos
1470 2384 1681 2458 admisimus
1705 2411 1728 2460 a
1750 2411 1834 2478 pars
1857 2393 1970 2480 ipsius
1993 2415 2130 2482 gemme
2153 2404 2189 2469 et
2212 2405 2258 2472 ab
2282 2410 2400 2478 omni-

550 2549 613 2616 bus
637 2548 813 2616 ominibus
837 2542 1002 2628 omnique
1024 2540 1213 2628 partibns3
1248 2539 1291 2607 de
1320 2556 1391 2624 qua
1415 2556 1479 2623 per
1503 2531 1597 2608 bona
1621 2544 1875 2615 conbenientia
1897 2549 2031 2635 guadia
2053 2552 2154 2620 nobis
2178 2556 2253 2642 ipse
2275 2565 2399 2644 petrus

547 2702 698 2770 clericus
721 2699 839 2784 dedit,
863 2700 898 2764 et
921 2693 1154 2762 mediatorem
1177 2691 1280 2758 nobis
1304 2689 1423 2788 posuit
1446 2695 1590 2760 amatus
1614 2696 1779 2765 notarius
1803 2697 1899 2766 filius
1923 2701 2099 2785 quondam
2121 2711 2253 2797 amati3
2278 2719 2315 2784 et
2336 2737 2401 2804 per

545 2858 623 2944 ipsa
639 2855 773 2942 guadio
794 2855 858 2920 cic.
886 2852 1034 2918 Sicinio
1056 2852 1188 2916 maleta
1210 2847 1474 2934 quinquaqinta
1498 2847 1693 2916 solidornrn
1716 2853 1797 2916 ocri
1819 2857 2205 2930 constantininaoram.
2233 2867 2275 2937 ut
2302 2872 2400 2941 hunc

546 3011 692 3078 brebem
715 3006 842 3091 scripsi
869 3019 934 3086 ego
959 2999 1133 3064 iohannes
1157 2989 1331 3077 notanus·

597 3131 628 3244 †
654 3159 730 3242 Ego
753 3147 946 3220 roderisius

599 3279 630 3395 †
655 3307 731 3393 Ego
754 3298 909 3370 arechisi
933 3292 1096 3364 notarius
1119 3309 1175 3358 me
1199 3278 1396 3370 subscripsi

600 3430 632 3547 †
656 3459 731 3546 Ego
754 3449 945 3524 radoaldus
968 3466 1024 3517 me
1048 3441 1258 3529 subscripsi.

1324 4057 1625 4146 DCCXLII.

1325 4360 1379 4440 A·
1406 4357 1457 4436 D.
1486 4349 1622 4435 1022.
1732 4285 1735 4294 Ι

604 4597 640 4738 †
658 4649 698 4714 ln
714 4646 855 4715 nomine
869 4639 1004 4710 domini
1020 4632 1202 4706 tricesimo
1218 4629 1346 4715 quarto
1362 4639 1459 4694 anno
1475 4615 1656 4706 principat
1657 4631 1699 4680 us
1641 4607 1832 4682 tdomni
1849 4610 1928 4676 nost
1931 4603 1962 4671 ri
1979 4599 2210 4693 guaimari,c
2191 4603 2226 4668 ct
2242 4603 2400 4686 quarto

558 4822 656 4878 anno
679 4801 905 4892 principatus
920 4789 1041 4863 domni
1057 4781 1237 4876 guaimari
1255 4779 1333 4849 eius
1348 4777 1436 4862 filio,
1453 4770 1604 4860 gloriosi
1620 4764 1857 4856 principibus,
1875 4777 1996 4828 mense
2012 4756 2222 4844 september,
2239 4753 2365 4838 quinta
2379 4754 2407 4835 8)

562 4958 769 5029 indictione.
793 4945 1085 5020 memoratorium
1108 4940 1205 5008 factu
1229 4956 1251 5005 a
1275 4950 1369 5000 mes
1353 4929 1512 4998 tscfanus
1536 4921 1712 5012 presbiter
1737 4917 1834 4986 filius
1857 4913 1979 4985 donati
1952 4911 2049 4981 tde
2073 4910 2321 4994 barbazzanu‚
2346 4905 2408 4974 ubi

603 5364 626 5444 ¹)
648 5362 807 5442 fenestras
830 5366 941 5429 cupos,
967 5343 1054 5405 idest
1076 5340 1240 5401 fenestras
1264 5331 1411 5410 tegmine
1436 5327 1481 5387 ita
1504 5320 1727 5386 adumbratas,
1745 5317 1781 5374 ut
1796 5309 1955 5391 peripsas
1974 5307 2141 5386 nequeant
2164 5299 2270 5382 aspici
2293 5298 2410 5362 domus

563 5513 615 5576 vei
639 5509 713 5570 loca
735 5524 778 5567 ex
801 5501 939 5563 adverso
962 5491 1083 5574 posita.

607 5659 630 5735 ²)
652 5655 765 5730 Lege:
790 5649 916 5727 quinto.

608 5805 633 5884 ³)
655 5803 766 5877 Lege:
791 5800 893 5857 sesto.
