5414 7098
1032 535 1435 610 IllPLOMATlCUS
2069 541 2115 612 23

181 771 186 780 '
299 769 339 836 et
361 763 567 834 romoaldus
589 764 818 834 tradiderunt
853 766 955 834 nobis
985 768 1088 834 ambo
1113 765 1193 854 ipse
1216 785 1278 837 sue
1301 766 1491 854 sortiones,
1516 767 1583 836 tali
1606 765 1771 852 hordine,
1797 768 1838 834 ut
1860 765 1984 836 amodo
2006 770 2042 836 et
2064 768 2162 835 omni

307 923 469 1006 tempore
491 936 558 988 nos
580 921 617 986 et
638 921 778 986 nostros
800 918 962 1006 heredes,
986 921 1089 988 natos
1111 923 1309 1009 nascentes,
1325 919 1451 990 inclite
1476 922 1580 988 ambo
1603 921 1679 1008 ipse
1702 919 1846 988 illorum
1862 920 2031 991 sortionis
2045 923 2166 990 nostre

313 1069 499 1162 potestatis
524 1071 646 1139 tenere
668 1073 705 1138 et
727 1069 937 1158 dominare,
960 1072 997 1139 et
1020 1068 1151 1138 ibidem
1175 1071 1347 1159 abitare,
1370 1075 1407 1140 et
1429 1071 1545 1139 omnis
1567 1075 1688 1140 nostre
1713 1071 1884 1142 utilitatis
1908 1072 2005 1143 iusta
2027 1072 2170 1144 ratione

313 1223 450 1294 ibidem
473 1223 591 1294 facere
611 1273 621 1312 ,
645 1227 680 1292 et
703 1223 828 1292 inclite
850 1222 926 1311 ipse
949 1223 1053 1293 ambo
1077 1223 1220 1292 illorum
1245 1226 1417 1294 sortiones
1440 1227 1657 1313 temporibus
1680 1205 1758 1294 suis¹
1779 1225 1980 1296 laboremus
2004 1230 2040 1295 et
2063 1227 2175 1297 culte-

309 1397 392 1446 mus
414 1380 450 1446 et
474 1377 768 1465 propaginemus,
792 1377 886 1446 sicut
908 1377 1096 1463 meruerit,
1121 1380 1158 1445 et
1181 1378 1245 1445 ubi
1269 1378 1454 1467 meruerit,
1479 1383 1706 1466 pastenemus
1729 1399 1793 1468 per
1816 1381 1891 1468 ipso
1916 1382 2089 1470 bacuum,
2112 1384 2177 1469 qui

306 1534 360 1604 1bi
383 1535 453 1623 est,
475 1531 687 1601 cannietum
711 1535 748 1600 et
772 1531 893 1617 vinea,
918 1535 954 1600 et
977 1532 1028 1599 sic
1052 1530 1331 1620 omnitempore
1355 1533 1436 1602 illut
1460 1533 1661 1602 laboremus
1685 1537 1721 1603 et
1745 1534 1937 1624 cultemus,
1960 1537 2055 1606 sicut
2078 1536 2176 1606 locus

310 1687 387 1776 ipse
409 1686 613 1774 meruerit,
648 1690 689 1756 ut
711 1687 801 1754 bene
824 1691 951 1776 pareat
973 1684 1176 1754 laboratum
1199 1689 1236 1754 et
1261 1687 1464 1765 cultatum,
1490 1693 1527 1758 et
1550 1688 1689 1758 salbum
1712 1687 1795 1758 illut
1819 1690 2021 1778 faciamus3
2045 1695 2082 1760 et
2112 1711 2178 1780 per

316 1845 474 1929 tempore
509 1840 552 1909 de
574 1841 754 1910 vindemie
776 1841 951 1912 faciamus
975 1840 1050 1910 illis
1075 1840 1130 1909 vel
1153 1858 1276 1911 eorum
1299 1841 1422 1910 eredes
1445 1841 1550 1928 seire,
1582 1845 1623 1909 ut
1646 1843 1809 1930 veniant,
1837 1861 1900 1912 seu
1924 1843 2086 1933 dirigant
2111 1845 2180 1916 ibi-

313 1995 397 2064 dem
419 1994 567 2062 missum
589 2013 707 2082 suum,
732 1998 769 2063 et
791 2012 856 2062 nos
880 1993 955 2082 ipse
979 1994 1123 2062 illorum
1147 1995 1323 2063 sortiones
1346 1994 1638 2084 vindemiemus,
1654 1999 1690 2064 et
1713 1997 1828 2066 omnis
1844 1996 1981 2086 vinum,
2004 2003 2041 2068 et
2062 2017 2179 2088 poma,

323 2153 363 2221 et
385 2153 568 2237 castanea,
592 2153 629 2218 et
651 2149 776 2218 insitos
799 2149 919 2236 ibique
943 2147 1145 2218 dividamus
1166 2169 1230 2236 per
1253 2150 1495 2239 medietatem,
1532 2151 1607 2238 ipse
1630 2121 1798 2222 castanee
1820 2157 1857 2222 et
1880 2155 2007 2223 insitos
2039 2158 2182 2224 secehe·

319 2323 413 2392 mus,
437 2307 473 2372 et
495 2302 546 2370 sic
569 2301 632 2370 ille
653 2302 878 2372 dividamus:
904 2301 977 2370 illis
999 2307 1036 2370 et
1058 2301 1133 2370 suis
1156 2302 1323 2371 eredibus
1346 2301 1476 2372 tollant
1499 2303 1583 2372 inde
1608 2307 1845 2374 communiter
1867 2306 2122 2396 medietatem,
2147 2314 2183 2380 et

319 2476 384 2527 nos
406 2458 646 2542 medictatem3
663 2461 700 2526 et
722 2457 766 2525 de
788 2457 882 2544 quod
905 2457 945 2525 in
968 2456 1045 2543 ipso
1068 2460 1222 2526 bacuum
1237 2457 1549 2546 seminaverimus,
1567 2458 1689 2528 demus
1705 2460 1791 2529 inde
1808 2461 1952 2530 illorum
1968 2464 2183 2532 terraticum

316 2615 417 2684 iusta
441 2612 739 2681 consuetudinem
764 2612 807 2681 de
831 2612 908 2700 ipso
931 2612 1061 2697 locum;
1079 2614 1115 2678 et
1129 2609 1270 2697 quando
1286 2609 1362 2696 ipso
1378 2610 1599 2696 pulmentum
1623 2612 1827 2680 faciendum
1842 2614 2058 2704 venerimus,
2074 2616 2184 2686 deant

321 2768 424 2838 nobis
438 2765 512 2836 illis
528 2765 751 2835 adiutorium
777 2765 846 2834 duo
871 2765 941 2835 tari
965 2764 1063 2852 boni3
1087 2767 1125 2832 et
1146 2763 1290 2851 quando
1314 2763 1395 2850 ipsa
1421 2782 1505 2833 casa
1529 2764 1733 2834 faciendum
1756 2766 1976 2853 venerimus,
1999 2768 2186 2838 licentiam

324 2924 497 2992 abeamus
519 2925 596 2991 tam
620 2921 663 2990 de
686 2918 916 3008 lingnamina
939 2917 1097 3003 illorum,
1120 2936 1189 3004 que
1213 2918 1265 2986 ibi
1288 2921 1417 3003 abunt,
1434 2936 1543 3004 quam
1566 2923 1603 2987 et
1625 2919 1668 2987 de
1691 2917 1767 2987 alia
1790 2919 2020 3006 lingnamina
2042 2927 2181 3010 nostra,

324 3081 361 3147 et
383 3076 516 3146 ibidem
540 3077 745 3162 abitemuS,
768 3075 864 3143 sicut
887 3072 1053 3161 superius
1077 3070 1224 3159 legitur.
1250 3073 1298 3138 De
1321 3091 1395 3160 qua
1416 3090 1479 3158 per
1502 3091 1595 3141 vona
1617 3071 1882 3142 combenientia
1913 3074 2049 3162 guadia
2080 3078 2184 3146 nobis

330 3230 402 3318 ipsi
424 3227 591 3316 germani
615 3227 801 3302 dederunt,
827 3230 863 3294 et
885 3224 1081 3295 mediatore
1105 3225 1208 3292 nobis
1231 3228 1428 3311 posuerunt
1450 3224 1625 3294 iohannes
1648 3226 1844 3320 filiusflursi
1867 3226 2038 3313 pizulatu3
2063 3232 2099 3297 et
2121 3248 2185 3316 per

326 3383 407 3472 ipsa
429 3383 567 3472 guadia
590 3385 654 3450 etc.
688 3383 839 3450 statuta
863 3382 999 3448 mulcta
1019 3381 1137 3448 decem
1159 3379 1245 3446 aare·
1268 3378 1462 3446 solidorum
1481 3379 1872 3448 constantinicaornm.
1892 3383 1929 3448 et
1945 3398 2016 3449 unc
2041 3383 2186 3452 brebem

327 3538 455 3607 scribsi
480 3554 548 3625 ego
573 3536 759 3607 dauferius
781 3537 946 3604 notarius
968 3535 1031 3620 qui
1054 3533 1215 3602 interfui.
1241 3533 1501 3600 Verumtamen
1523 3548 1774 3620 memoramus,
1799 3535 1840 3600 ut
1863 3534 1987 3602 amodo
2011 3539 2048 3604 et
2071 3553 2186 3623 usque

325 3692 513 3764 duodecim
536 3690 625 3761 anni
650 3691 777 3766 inclita
800 3689 945 3758 illorum
966 3688 1135 3756 tradictio
1158 3693 1278 3758 nostre
1299 3687 1487 3775 potestatis
1521 3692 1707 3756 teneamus
1741 3708 1805 3776 per
1829 3690 2074 3779 suprascripto
2105 3694 2188 3760 hor-

325 3849 432 3934 dine3
463 3850 501 3918 et
531 3847 639 3936 quale
662 3849 821 3932 tempore
844 3845 891 3913 da
913 3841 983 3932 ipsi
1006 3841 1192 3910 duodecim
1214 3839 1301 3909 anni
1326 3841 1366 3908 in
1390 3846 1499 3911 antea
1521 3841 1603 3911 illut
1626 3847 1750 3913 tenere
1773 3847 1811 3913 et
1834 3845 1997 3916 laborare
2028 3847 2187 3917 nolueri-

326 4020 420 4089 mus,
440 4001 555 4071 'liceat
588 4016 655 4068 nos
688 3996 772 4065 inde
795 3996 897 4064 exire
920 4014 1002 4063 cum
1025 3996 1141 4064 omnis
1163 3999 1289 4066 nostra
1312 4015 1421 4066 causa
1443 3997 1618 4087 mobilia,
1640 4018 1709 4087 que
1733 4000 1783 4068 ibi
1807 4000 2042 4090 abuerimus,
2066 4007 2188 4091 sceptu

328 4176 414 4230 casa
436 4160 473 4226 et
496 4155 718 4243 palmentum
741 4169 811 4240 que
835 4151 886 4218 ibi
909 4150 1115 4237 fecerimus,
1139 4154 1176 4218 et
1198 4169 1391 4238 pergamus
1413 4151 1475 4221 ubi
1505 4153 1750 4244 boluerimus,
1773 4156 1852 4224 sine
1877 4157 2022 4226 illorum
2045 4161 2190 4229 contra-

332 4313 483 4398 rietate,
516 4313 552 4377 et
574 4306 704 4376 inclita
728 4305 808 4393 ipsa
830 4307 937 4373 rebus
960 4303 1143 4392 laborata,
1176 4302 1282 4405 quale
1305 4305 1376 4407 ⁴illo
1403 4309 1562 4394 tempore
1584 4311 1778 4396 meruerit,
1802 4311 1848 4380 ad
1878 4327 2001 4380 eorum
2024 4311 2189 4383 remitta-

330 4483 411 4533 mus
433 4464 661 4552 potestatem,
685 4461 889 4531 faciendum
913 4459 1006 4546 quod
1028 4458 1180 4528 bolueri.
1205 4459 1278 4527 Hec
1301 4461 1423 4528 omnia
1446 4463 1690 4552 suprascripta
1713 4462 1799 4536 fecit
1820 4464 1896 4552 ipse
1919 4465 2121 4535 romoaldus
2144 4467 2188 4536 de

330 4619 412 4706 ipsa
435 4619 593 4687 sortione
616 4635 707 4704 sua,
721 4633 795 4684 una
818 4633 900 4684 cum
922 4634 1003 4683 eum
1026 4633 1103 4683 esse
1125 4630 1210 4681 urso
1233 4613 1310 4682 thio
1333 4616 1369 4681 et
1401 4613 1648 4685 adbocatorem
1671 4617 1764 4705 eius,
1788 4617 1880 4703 quod
1903 4618 2094 4688 subiunxit
2118 4638 2185 4709 ego

327 4774 496 4861 superius
517 4773 634 4842 dictus
656 4772 842 4842 dauferius
864 4769 1043 4841 notarius.

378 4901 409 5018 †
435 4929 509 5017 ligo
531 4925 594 5019 qui
617 4946 725 5014 supra
748 4925 1032 5014 regemprandus
1056 4925 1176 4993 iudex.
