5414 7098
982 553 1432 628 DIPLOMATICUS
2094 553 2138 626 to

272 777 436 850 sationes
459 779 562 849 nobis
586 779 670 849 inde
693 778 944 868 proposuerint
967 779 1070 849 nobis
1093 781 1295 870 nostrisque
1317 781 1453 869 oredeS,
1477 779 1666 850 volendum
1690 779 1819 868 aliquit
1844 779 1927 849 inde
1943 781 2047 848 nobis
2070 799 2133 852 no·

274 931 438 1018 strisque
461 932 625 1002 eredibus
647 931 773 1002 tollere
795 936 860 1003 aut
883 937 1064 1023 eontrare,
1087 933 1165 1003 ideo
1180 953 1244 1023 per
1259 934 1464 1022 supradicta
1487 933 1624 1023 guadio
1639 949 1849 1020 componore
1865 932 1968 1001 nobis
1984 933 2137 1003 nostris·

275 1102 345 1170 que
369 1083 551 1174 enodibus,
575 1084 630 1154 uel
654 1084 712 1154 cui
736 1087 880 1154 brebem
895 1085 964 1156 iste
980 1086 1020 1153 in
1035 1103 1183 1157 manum
1200 1087 1378 1195 paruerit,
1395 1086 1662 1175 quinquaginta
1685 1083 1792 1154 hauri
1810 1084 1940 1154 solidos
1963 1087 2133 1158 constan·

274 1237 384 1327 tinos,
408 1242 444 1307 et
466 1257 530 1326 per
556 1238 682 1308 invitis
705 1240 809 1310 taciti
833 1243 870 1309 et
893 1241 1054 1310 contenti
1078 1237 1161 1310 inde
1185 1244 1451 1328 permanerent,
1472 1245 1508 1309 ot
1530 1239 1669 1310 saciant
1692 1239 1774 1309 indo
1791 1243 1911 1310 tacere
1928 1239 2002 1310 illis
2020 1243 2136 1310 homi-

273 1395 386 1464 nibus
409 1399 445 1464 et
466 1397 643 1484 partibus,
668 1395 731 1484 qui
756 1396 904 1466 illarum
925 1395 1091 1484 partibus
1113 1399 1150 1466 et
1174 1395 1297 1465 datum
1320 1397 1548 1466 causationes
1571 1395 1740 1465 adversus
1764 1413 1830 1465 nos
1854 1395 1937 1466 inde
1953 1398 2135 1469 excitave-

275 1548 352 1617 rint
377 1552 443 1618 aut
466 1549 728 1638 proposuerint,
752 1556 789 1620 et
811 1549 932 1619 omnia
957 1547 1208 1638 suprascripta
1231 1547 1334 1616 nobis
1361 1549 1563 1634 nostrisque
1578 1548 1743 1616 eredibus
1760 1547 1982 1636 adimpleant
1996 1569 2061 1638 por
2076 1569 2136 1621 su-

275 1703 440 1790 pradicta
463 1702 598 1792 guadio
621 1709 657 1773 et
680 1703 840 1793 obligata
863 1723 958 1793 pena
981 1704 1051 1791 ipsi
1075 1706 1191 1773 mater
1214 1706 1250 1771 et
1274 1701 1370 1770 fitius
1393 1701 1490 1768 omni
1513 1706 1670 1788 tompore
1693 1701 1765 1770 illis
1787 1707 1824 1771 et
1848 1703 1993 1772 illorum
2009 1705 2078 1776 filii
2096 1711 2134 1778 ot

277 1858 438 1928 herodes.
472 1860 754 1947 Verumptamen
776 1861 813 1929 et
834 1861 901 1927 hoc
924 1857 1085 1944 recorda,
1109 1855 1196 1946 quia
1220 1855 1446 1945 supradictus
1469 1857 1563 1926 mari
1590 1862 1753 1946 nepotem
1776 1878 1893 1928 meum
1915 1878 1979 1948 per
2012 1881 2139 1950 supra-

276 2012 377 2080 dicta
400 2012 537 2100 guadia
560 2012 811 2102 obligaverunt
834 2029 872 2080 se
895 2028 1046 2097 suosque
1068 2011 1191 2080 eredes
1214 2011 1445 2081 dividendum
1468 2030 1608 2082 mecum
1622 2016 1658 2080 et
1675 2033 1758 2082 cum
1773 2013 1863 2082 meis
1879 2015 2047 2084 enodibus
2065 2035 2138 2086 om-

276 2166 336 2234 nis
361 2169 471 2235 robus
495 2165 641 2253 sterile,
667 2184 735 2252 quo
759 2165 828 2234 ibit
851 2165 964 2252 ipsius
985 2165 1199 2234 machonolfl
1221 2166 1303 2236 abio
1327 2169 1405 2235 eius
1429 2165 1542 2238 soceri
1566 2167 1638 2236 mei
1651 2217 1662 2256 ,
1685 2167 1901 2257 ubicumque
1924 2171 2056 2240 exinde
2082 2172 2139 2239 in-

277 2323 405 2388 ventus
430 2320 551 2407 suerit,
575 2339 639 2407 por
662 2318 889 2389 medietatem
912 2335 972 2386 eos
995 2317 1090 2388 inter
1113 2337 1178 2388 nos
1200 2317 1401 2391 dividamus
1416 2327 1452 2390 et
1467 2326 1579 2391 sortes
1596 2322 1797 2410 tradamus;
1814 2341 1880 2410 ego
1897 2328 1933 2393 et
1948 2323 2037 2391 meis
2054 2344 2131 2396 ore-

277 2473 384 2543 dibus
406 2474 575 2544 tollamus
597 2493 655 2544 eos
679 2475 919 2561 medietatem,
943 2477 979 2542 ot
1001 2472 1076 2561 ipse
1099 2475 1193 2544 mari
1216 2480 1252 2544 ot
1274 2475 1349 2544 suis
1371 2476 1535 2546 enodibus
1558 2477 1689 2546 tollant
1705 2495 1764 2546 eos
1779 2479 1946 2548 similiter
1962 2481 2135 2554 medieta-

278 2632 375 2696 tem:
399 2633 544 2698 tantum
568 2631 794 2716 sceptuamus
817 2629 861 2698 de
884 2629 964 2716 ipsa
986 2629 1106 2714 rebus,
1130 2644 1200 2713 que
1222 2625 1292 2695 fuit
1314 2628 1428 2714 ipsius
1450 2629 1667 2716 maghonolfl
1691 2631 1803 2698 soceri
1826 2649 1915 2710 meo,
1941 2633 2010 2702 due
2037 2634 2139 2723 pecie

279 2781 323 2851 do
349 2789 448 2855 terra
472 2805 553 2853 oum
577 2785 848 2872 abellanietum‚
872 2805 947 2856 una
971 2786 1010 2853 in
1033 2783 1149 2852 locum
1172 2783 1371 2870 propinquo
1394 2781 1546 2852 ecclesia
1569 2785 1687 2852 sancti
1711 2783 1805 2854 felici
1822 2789 1858 2853 et
1873 2785 1946 2854 alia
1961 2787 2000 2853 in
2017 2787 2136 2858 locum

280 2936 466 3024 floccanu,
493 2940 551 3008 ubi
577 2939 622 3008 ad
645 2937 784 3008 nuoelle
807 2937 940 3007 dioitur
962 2938 1009 3008 da
1032 2937 1142 3023 boni3
1167 2935 1261 3040 unde
1283 2935 1326 3003 de
1349 2938 1452 3004 ambo
1475 2937 1544 3004 iste
1566 2937 1666 3024 pecie
1690 2937 1830 3008 nullam
1853 2941 2047 3009 sortionem
2070 2942 2139 3012 tol·

281 3089 353 3159 lere
376 3109 581 3179 queramus,
605 3110 671 3160 noc
687 3111 766 3180 ego,
783 3109 850 3160 neo
874 3091 966 3159 meis
992 3089 1169 3160 eredibus.
1195 3092 1328 3158 lterum
1350 3093 1387 3194 ot
1404 3093 1470 3158 hoc
1487 3089 1728 3177 recondamus,
1743 3092 1830 3178 quia
1846 3092 1925 3180 ipsa
1940 3093 2042 3180 peoia
2058 3113 2139 3164 oum

280 3247 450 3330 arbustis,
474 3243 566 3332 quod
589 3243 785 3312 retinemus
808 3242 854 3312 ad
877 3261 1006 3330 eampo
1029 3243 1073 3311 de
1097 3261 1160 3311 are
1187 3242 1282 3330 quod
1306 3244 1395 3311 istut
1418 3245 1562 3312 brebem
1584 3243 1771 3312 divisionis
1795 3247 1972 3333 continet,
1989 3247 2069 3334 ipsa
2084 3267 2141 3320 re·

283 3402 352 3467 bus
375 3403 429 3468 est
451 3399 644 3467 coniuncta
670 3402 817 3484 aparte
841 3395 1104 3483 septemtrionis
1126 3397 1173 3467 ad
1196 3399 1267 3465 fine
1289 3396 1486 3485 supradicti
1510 3398 1683 3467 romoaldi
1699 3400 1847 3488 notarii,
1861 3401 1924 3487 qui
1940 3401 2009 3469 fuit
2032 3402 2139 3472 advo·

285 3557 412 3621 catore
437 3553 482 3622 ad
507 3553 585 3640 ipsa
608 3571 674 3621 sua
696 3551 907 3640 paratione,
931 3551 1023 3639 quod
1046 3552 1191 3638 parabit
1213 3550 1258 3620 da
1284 3551 1406 3620 eredes
1429 3549 1504 3619 ursi
1527 3554 1564 3619 et
1587 3551 1633 3620 da
1656 3553 1795 3621 eicerus
1818 3551 1914 3621 filius
1937 3553 2081 3623 mastali
2103 3561 2141 3626 et

282 3706 328 3776 da
352 3705 446 3776 halii
469 3704 691 3774 consortibus
718 3705 867 3794 nostris,
892 3709 928 3773 et
952 3703 1030 3793 ipsa
1053 3705 1160 3772 rebus
1183 3703 1236 3772 sic
1259 3705 1430 3774 abeamus
1453 3705 1551 3772 omni
1577 3707 1734 3792 tompore
1756 3705 1873 3775 divisa
1896 3705 1990 3774 inter
2019 3725 2075 3776 me
2098 3712 2135 3776 et

248 3947 256 3960 .
281 3861 359 3947 ipso
382 3857 475 3928 mari
499 3862 536 3928 ot
559 3858 683 3945 sendo,
708 3863 823 3928 mater
845 3861 882 3926 et
907 3855 1018 3944 fliius,
1043 3859 1080 3924 et
1101 3855 1191 3924 mois
1214 3860 1250 3926 et
1274 3855 1417 3925 illorum
1441 3858 1576 3936 eredes,
1602 3859 1707 3928 sicuti
1733 3859 1796 3927 ubi
1812 3857 1921 3926 sortis
1936 3878 2000 3947 per
2015 3862 2139 3947 partes

281 4019 434 4087 abemus
456 4018 709 4104 comprehense
732 4013 908 4102 equaliter
931 4032 995 4102 por
1018 4012 1244 4084 medietatem
1267 4014 1311 4084 do
1333 4014 1452 4102 qualis
1474 4015 1662 4086 mensoria
1686 4015 1769 4084 illut
1788 4019 1958 4086 abeamus
1973 4020 2010 4085 et
2025 4015 2140 4103 pussi-

279 4167 428 4238 deamus
449 4217 460 4255 ,
483 4185 548 4236 nos
570 4167 772 4254 nostrisque
796 4165 961 4234 enodibus
984 4163 1224 4257 medietatem,
1248 4171 1284 4236 ot
1307 4166 1378 4235 illis
1401 4167 1569 4250 similiter
1593 4169 1819 4241 medietatem
1842 4169 1920 4256 ipsa
1944 4171 2060 4238 omnis
2082 4187 2141 4239 re-

281 4323 349 4390 bus
372 4341 441 4409 quo
465 4321 534 4392 suit
557 4321 754 4408 supradicti
778 4321 1004 4409 machonolfl,
1029 4322 1135 4390 sicuti
1151 4321 1312 4390 continet
1330 4339 1438 4409 supra
1463 4323 1502 4390 in
1526 4321 1595 4390 isto
1618 4323 1763 4391 brebem
1786 4323 2045 4392 combonientie
2072 4341 2139 4412 per

280 4476 490 4564 supradicta
511 4475 645 4564 guadio
666 4481 703 4544 et
729 4474 891 4562 obligata
913 4493 1020 4563 pena.
1047 4475 1092 4543 Et
1113 4476 1211 4544 hunc
1234 4475 1378 4545 brebem
1403 4474 1530 4562 scripsi
1554 4491 1619 4564 ego
1642 4475 1819 4546 iohannes
1843 4476 1995 4546 clericus
2018 4482 2054 4548 ot
2078 4496 2140 4546 no·

279 4630 399 4700 tarius
422 4631 484 4717 qui
507 4628 671 4698 interfui.

325 4758 357 4875 †
382 4785 457 4874 Ego
480 4785 543 4873 qui
567 4804 677 4872 supra
699 4783 842 4853 mirimo
866 4783 976 4854 iudex

325 4912 357 5029 †
380 4939 456 5028 Ego
479 4940 699 5028 guisonotsus

325 5063 356 5180 †
381 5091 456 5182 Ego
477 5099 628 5164 amatus.
