5466 7106
637 523 704 593 rm
898 623 902 632 Ι
1291 524 1460 596 ooonx
1504 523 1770 595 cavensis

569 769 637 822 sua
660 769 769 822 causa
792 751 937 821 movilia
960 755 996 820 et
1019 749 1166 840 pergad,
1191 750 1253 819 ubi
1275 749 1440 820 boluerit.
1466 749 1556 817 Etsi
1574 748 1634 817 ille
1657 747 1712 818 vel
1735 765 1816 816 suos
1839 747 1962 817 eredes
1986 747 2111 816 lecerit
2136 746 2295 840 culpam,
2320 749 2417 821 unde

568 859 710 994 legibus
732 907 771 974 in
794 905 967 993 palatium
991 904 1149 974 cecidere
1171 903 1345 990 debuerit,
1369 907 1432 973 aut
1453 902 1485 971 si
1508 904 1551 972 de
1575 921 1618 973 ac
1640 906 1741 972 terra
1763 902 2022 972 salernitanam
2045 902 2195 972 exsierit
2217 919 2281 988 pro
2298 901 2415 972 aliubi

568 1059 616 1128 ad
640 1059 841 1147 avitandu,
876 1063 949 1128 tota
978 1015 1185 1144 supradicta
1208 1075 1266 1124 res
1290 1059 1451 1126 rebertar
1476 1059 1515 1124 in
1538 1031 1748 1143 potestatem
1771 1052 1923 1142 predicti
1948 1054 2182 1140 monasterii,
2213 1053 2418 1124 faciendum

570 1211 665 1298 quod
689 1211 854 1280 voluerit.
879 1208 976 1278 Etsi
1000 1209 1098 1306 inira
1119 1213 1193 1277 tres
1217 1211 1305 1278 anni
1328 1210 1389 1278 ille
1412 1209 1467 1279 vel
1492 1210 1568 1278 eius
1591 1209 1712 1278 eredes
1747 1207 1880 1277 rebersi
1905 1208 1950 1278 ad
1981 1209 2193 1278 avitandum
2215 1209 2352 1297 fuerit,
2377 1213 2412 1276 et

569 1368 677 1434 rebus
702 1364 780 1450 ipsa
805 1363 877 1432 illis
899 1363 1064 1432 laborata
1086 1363 1278 1451 inbenerit,
1302 1363 1417 1432 licead
1440 1362 1563 1432 tollere
1586 1379 1664 1430 omo
1682 1359 1745 1450 qui
1761 1362 1840 1450 ipsa
1862 1365 1968 1430 rebus
1992 1361 2182 1450 laborabit,
2205 1365 2322 1431 totum
2338 1363 2419 1449 ipsu

565 1517 725 1586 trudium
749 1519 785 1586 et
808 1516 859 1584 sio
883 1518 990 1585 rebus
1012 1517 1092 1603 ipsa
1116 1516 1340 1586 remittamus
1354 1516 1399 1587 ad
1414 1519 1624 1603 potestatem
1642 1516 1754 1602 ipsius
1770 1513 1959 1603 grimoaldi
1983 1519 2019 1584 et
2041 1516 2085 1584 de
2107 1517 2185 1584 eius
2209 1514 2347 1602 eredes,
2373 1513 2418 1584 ad

566 1670 743 1740 abendum
768 1674 803 1740 et
826 1669 1023 1740 tenendum
1047 1667 1323 1756 omnitempore
1348 1668 1409 1737 ille
1432 1668 1487 1736 vel
1510 1669 1586 1737 eius
1617 1668 1739 1737 eredes
1773 1668 1811 1735 in
1838 1667 2046 1755 supradicta
2075 1667 2227 1736 ratione.
2251 1667 2351 1736 Unde
2374 1666 2414 1734 in

563 1842 606 1892 eo
632 1823 783 1891 hordine
807 1841 869 1908 per
893 1825 987 1890 bona
1010 1821 1273 1890 combenientia
1296 1821 1430 1908 guadia
1453 1821 1526 1907 ipse
1550 1819 1769 1906 grimoaldus
1792 1818 1890 1887 dedit
1912 1820 2022 1886 michi
2039 1823 2075 1888 et
2091 1819 2291 1907 predictum
2309 1819 2416 1890 adbo-

568 1983 741 2066 calorem,
766 1981 802 2046 et
823 1977 1054 2048 mediatorem
1078 1978 1181 2045 nobis
1203 1978 1321 2063 posuit
1344 1980 1465 2063 petrus
1488 1977 1584 2044 filius
1608 1977 1755 2045 rackisi:
1773 1981 1808 2046 et
1831 1995 1893 2063 per
1917 1976 1996 2063 ipsa
2018 1978 2154 2064 guadia
2177 1977 2354 2065 obligavit
2376 1995 2415 2046 se

564 2137 603 2202 et
626 2150 710 2226 suos
731 2132 868 2220 eredes3
893 2133 986 2218 quod
1011 2131 1041 2200 si
1065 2135 1129 2201 etc.
1155 2133 1303 2200 Stctntu
1326 2133 1460 2199 mulcta
1482 2131 1613 2215 atpintn‘
1636 2131 1721 2196 unni
1744 2130 1937 2198 solidorum
1963 2132 2203 2200 Constantini.
2222 2131 2422 2199 Verumta-

565 2305 649 2358 men
674 2286 717 2354 de
740 2289 817 2356 tota
841 2286 1047 2374 supradicta
1063 2286 1277 2356 tradictione
1292 2289 1433 2354 tantum
1450 2283 1514 2351 tibi
1528 2283 1735 2371 supradicto
1750 2282 1939 2371 grimoaldi
1957 2283 2042 2350 inde
2061 2282 2287 2372 tradidimus
2304 2302 2421 2370 quan·

569 2445 645 2510 tum
672 2443 830 2529 ‘pertinet
852 2442 891 2508 in
915 2443 1073 2530 predicto
1096 2442 1310 2510 monasterio
1333 2460 1356 2508 a
1378 2443 1479 2526 parte
1503 2439 1680 2524 quondam
1707 2431 1861 2525 guaiferi
1885 2436 1960 2504 filio
1982 2439 2151 2525 gualleri.
2169 2438 2259 2514 Quot
2283 2437 2412 2524 scripsi

564 2615 631 2685 ego
654 2601 778 2684 petrus
803 2597 978 2666 notarius.

610 2721 640 2836 †
666 2751 741 2837 ligo
764 2748 910 2818 alderisi
934 2748 1096 2816 notarius
1119 2765 1174 2814 me
1197 2745 1390 2834 subscripsi

608 2874 639 2990 †
666 2903 739 2989 Ego
763 2904 937 2971 iohannes
961 2900 1125 2969 notarius
1149 2918 1205 2967 me
1229 2900 1439 2985 subscripsi.

1269 3153 1663 3164 .-.--.--—-.-.—-—-—-

1341 3411 1614 3494 DCCGXI.

1335 3674 1390 3750 A.
1420 3671 1469 3750 D.
1499 3670 1627 3752 1029.

606 3916 708 4055 †ln
734 3967 879 4036 nomine
904 3967 1039 4033 domini
1064 3965 1249 4032 undecimo
1282 3983 1377 4032 anno
1400 3963 1624 4050 principatus
1659 3963 1779 4029 domni
1814 3962 1926 4029 nostri
1963 3963 2157 4050 guaimarii
2187 3963 2252 4032 filii
2285 3964 2411 4032 domni

564 4119 758 4210 guaimarii
764 4117 926 4206 ,gloriosi
940 4115 1176 4204 principibus
1186 4133 1306 4184 mense
1325 4114 1542 4201 februarius,
1560 4112 1767 4182 duodecima
1781 4111 1988 4182 indictione.
2003 4115 2294 4184 Memoratorium
2307 4117 2409 4186 sactu

558 4296 580 4344 a
604 4272 706 4342 nobis
729 4271 978 4360 maghenolsus
1001 4269 1176 4357 presbiter
1200 4275 1235 4338 et
1258 4272 1380 4357 petrus
1403 4268 1575 4338 diaconus
1598 4267 1661 4355 qui
1685 4267 1882 4338 officiamus
1905 4269 1944 4338 in
1967 4269 2118 4340 ecclesia
2150 4270 2265 4340 sancti
2295 4273 2412 4340 maxi-

557 4426 639 4512 mi,
671 4442 711 4492 eo
741 4425 832 4510 quod
856 4427 940 4493 ante
964 4423 1145 4510 presentia
1169 4421 1302 4490 maioni
1326 4422 1516 4508 presbiteri
1541 4427 1577 4492 et
1600 4424 1724 4492 abbati
1748 4423 1860 4510 ipsius
1883 4425 2043 4514 ecclesie,
2068 4426 2189 4514 ibique
2207 4431 2325 4496 essent
2346 4447 2406 4514 pe·

514 4547 519 4555 Ι
557 4586 638 4648 trus
662 4578 853 4648 adbocator
869 4578 982 4664 ipsius
997 4575 1144 4645 ecclesie
1160 4580 1196 4644 et
1210 4575 1401 4662 subscripti
1418 4579 1540 4664 tesleS,
1558 4595 1620 4664 per
1636 4578 1888 4647 convenientia
1905 4599 1968 4665 per
1983 4579 2260 4648 demandatione
2284 4579 2401 4666 ipsius

554 4733 679 4802 abbati
704 4731 917 4802 tradidimus
940 4730 986 4800 ad
1008 4729 1201 4798 tenendum
1225 4733 1261 4798 et
1283 4730 1515 4799 laborandum
1540 4729 1696 4816 iaquinti
1713 4733 1757 4800 de
1774 4734 1981 4800 munierum
1999 4733 2075 4804 filio
2091 4733 2185 4822 petri
2203 4737 2303 4802 terra
2325 4752 2407 4800 cum

557 4890 745 4956 arbustum
770 4889 806 4954 et
828 4885 1082 4956 abellanietum
1106 4884 1149 4953 de
1174 4883 1252 4971 ipso
1270 4883 1387 4952 locum
1402 4887 1622 4971 muniorum,
1640 4883 1701 4951 ubi
1718 4884 1854 4952 cirione
1870 4883 2015 4974 dicitur,
2031 4885 2271 4972 pertinentem
2294 4886 2407 4974 ipsius

556 5041 722 5128 ecclesie,
747 5040 841 5128 quod
864 5059 928 5108 nos
951 5039 989 5105 in
1013 5039 1223 5108 beneficium
1246 5043 1422 5125 tenemuS,
1447 5037 1508 5123 qui
1533 5039 1588 5104 est
1612 5037 1709 5105 insra
1732 5055 1772 5105 as
1795 5037 1896 5106 fines:
1921 5037 1964 5105 de
1992 5055 2098 5124 super
2121 5042 2225 5125 parte
2248 5041 2319 5109 fine
2342 5040 2403 5110 via

554 5193 648 5261 caba
672 5192 814 5260 antica:
840 5191 883 5260 de
905 5191 992 5277 pede
1014 5191 1085 5260 fine
1110 5189 1184 5260 alia
1208 5189 1269 5260 via
1292 5190 1532 5278 pertinentem
1556 5189 1670 5276 ipsius
1693 5190 1840 5259 ecclesie
1863 5209 1932 5278 que
1956 5191 2056 5260 ducit
2081 5193 2176 5262 inter
2200 5195 2269 5264 ista
2294 5197 2405 5263 rebus

556 5351 593 5414 et
617 5346 692 5414 alia
717 5345 832 5432 ipsius
854 5345 1016 5432 ecclesie,
1041 5347 1077 5412 et
1100 5344 1143 5412 de
1166 5343 1236 5412 alie
1260 5343 1327 5411 due
1351 5341 1466 5429 partis
1488 5345 1560 5410 line
1583 5343 1696 5429 ipsius
1719 5343 1866 5412 ecclesie
1882 5349 1919 5413 et
1934 5345 2076 5433 sepibus
2099 5349 2192 5416 hanc
2207 5351 2309 5416 curte
2333 5349 2404 5416 cir-

553 5501 703 5586 cundat,
728 5500 835 5568 etiam
852 5499 947 5568 etde
971 5517 1042 5566 uno
1065 5497 1177 5567 latere
1201 5497 1373 5566 termines
1398 5499 1480 5566 inde
1504 5498 1725 5566 discernunt.
1753 5499 1800 5566 De
1823 5502 1924 5567 curte
1948 5518 2031 5568 vero
2048 5501 2118 5570 ista
2134 5520 2197 5588 per
2214 5501 2403 5570 iamdictas

558 5653 649 5719 lines
673 5655 841 5737 quartam
865 5655 1002 5738 partem
1026 5649 1110 5719 inde
1133 5647 1245 5736 ipsius
1268 5647 1423 5734 iaquinti
1440 5650 1655 5718 tradidimus
1667 5651 1706 5718 in
1722 5668 1807 5738 pars
1818 5653 2097 5741 septemtrionis,
2122 5651 2161 5719 in
2184 5670 2224 5720 oc
2241 5651 2406 5754 hordine,

553 5812 592 5873 ut
617 5805 739 5874 amodo
763 5810 798 5874 et
820 5823 958 5890 semper
981 5821 1043 5889 per
1069 5805 1147 5889 ipsa
1170 5805 1339 5888 quartam
1362 5810 1504 5890 partem
1529 5803 1622 5890 quod
1645 5805 1678 5872 ei
1702 5803 1932 5893 tradidimuS,
1956 5806 2001 5876 ad
2019 5824 2085 5876 sua
2108 5809 2143 5876 et
2165 5806 2209 5876 de
2233 5806 2307 5874 suis
2329 5822 2409 5874 ere·
