5422 7102
1045 550 1440 626 lllPLOMATlOUS
2065 553 2131 626 all
2251 543 2254 552 ¹

323 781 388 864 pat
411 779 448 846 et
470 780 600 846 obruat
617 777 734 864 ipsum
757 777 942 866 molinum,
966 781 1002 848 et
1024 781 1221 870 arcaturis,
1245 785 1281 852 et
1302 784 1449 854 clusura
1472 803 1552 872 sua,
1577 788 1664 853 tunc
1686 801 1770 872 pars
1785 784 1897 872 ipsius
1920 785 2066 854 ecclesie
2091 803 2171 852 curn

318 929 394 1000 illis
417 930 461 1000 de
483 929 718 1000 communiter
741 930 823 999 illut
845 933 1048 1018 nunciaret,
1072 937 1109 1002 et
1131 935 1233 1002 stetit
1268 936 1344 1022 ipse
1366 936 1516 1004 domnus
1540 938 1652 1006 abbas
1674 935 1804 1025 cuique
1827 937 2091 1007 successoribus
2113 937 2174 1007 de·

319 1084 531 1168 sensandum
555 1083 698 1152 illorum
721 1084 845 1155 inclita
867 1086 947 1173 ipsa
968 1084 1220 1158 tradictionem
1242 1106 1323 1156 cum
1338 1087 1416 1158 vice
1438 1088 1482 1156 de
1498 1087 1559 1157 bia
1583 1107 1650 1158 sua
1672 1088 1797 1158 amodo
1818 1093 1854 1158 et
1870 1108 1982 1178 usque
1998 1089 2075 1178 ipso
2093 1108 2179 1160 con-

319 1236 500 1326 stitutum,
524 1237 633 1308 etiam
657 1241 693 1308 et
715 1239 812 1306 omni
836 1243 995 1327 tempore
1018 1242 1064 1308 ab
1087 1241 1251 1308 omnibus
1274 1239 1479 1309 hominibus
1503 1241 1671 1329 omnique
1693 1241 1881 1330 partibus,
1905 1247 1942 1312 et
1963 1243 2084 1312 omnia
2107 1262 2170 1329 per

321 1390 528 1478 supradicto
552 1389 702 1460 hordine
725 1391 869 1486 illorum
891 1391 1169 1479 adimplendum
1192 1395 1229 1459 et
1251 1395 1358 1479 quale
1380 1398 1537 1481 tempore
1569 1395 1617 1464 da
1647 1395 1722 1482 ipso
1745 1395 1977 1464 constitutum
2000 1395 2040 1462 in
2063 1399 2174 1464 antea

321 1541 404 1611 illut
426 1547 551 1612 tenere
573 1544 730 1613 noluerit
753 1545 792 1612 in
814 1545 1014 1632 predictum
1037 1544 1236 1631 hominem,
1261 1549 1347 1613 tunc
1370 1545 1536 1614 inclitum
1552 1547 1668 1634 ipsum
1691 1547 1864 1616 molinum
1879 1547 2073 1615 cumomni
2088 1550 2174 1615 hor·

324 1697 407 1767 dine
431 1701 468 1767 et
491 1699 654 1786 regimen
677 1717 794 1786 suum,
818 1699 974 1786 qualiter
997 1699 1151 1785 perfecte
1174 1700 1358 1768 macinare
1381 1698 1521 1786 debeat,
1546 1702 1584 1768 et
1606 1720 1687 1769 cum
1710 1701 1826 1768 redito
1847 1718 1911 1768 suo
1935 1701 2074 1769 clusum
2099 1721 2177 1769 coo·

321 1853 480 1938 perium,
504 1853 668 1944 remittat
691 1851 773 1922 illut
796 1851 835 1918 in
859 1871 944 1940 pars
967 1851 1079 1939 ipsius
1103 1851 1264 1940 ecclesie,
1287 1855 1325 1920 et
1339 1852 1447 1922 liceat
1470 1852 1543 1921 illis
1564 1873 1646 1924 cum
1663 1853 1784 1923 omnia
1807 1873 1873 1924 sua
1897 1853 2055 1940 mobilia,
2080 1855 2174 1941 quod

322 2005 374 2074 ibi
420 2007 572 2086 abuerit.
599 2005 737 2093 periere
761 2005 799 2092 ¹),
823 2007 885 2075 ubi
908 2005 1070 2074 voluerit.
1096 2006 1195 2075 Unde
1228 2007 1268 2074 in
1302 2024 1342 2075 eo
1366 2007 1491 2076 ordine
1512 2026 1575 2094 per
1599 2007 1898 2076 combenientiam
1923 2007 2058 2094 guadia
2085 2007 2182 2076 mihi

256 2219 265 2235 ,
322 2156 496 2225 dederunt
519 2159 588 2244 ipsi
612 2161 775 2246 germani
799 2159 955 2230 bassallu
977 2163 1013 2227 ei
1037 2161 1227 2246 iohannes,
1250 2163 1287 2226 et
1309 2157 1542 2228 mediatorem
1565 2157 1655 2226 mihi
1679 2163 1874 2245 posuerunt
1898 2161 1989 2227 citro
2012 2160 2171 2229 abitator

323 2311 366 2381 de
388 2311 504 2380 locum
527 2312 758 2398 mitilianum,
785 2313 846 2400 qui
870 2311 1004 2381 dicitur
1027 2311 1070 2378 de
1093 2310 1259 2396 dicanda,
1282 2313 1319 2378 et
1341 2313 1395 2376 est
1417 2310 1568 2395 cognato
1593 2306 1748 2394 illorum,
1774 2313 1814 2376 ut
1843 2307 1875 2374 si
1899 2309 2022 2378 taliter
2045 2311 2172 2378 omnia

325 2465 570 2554 suprascripta
592 2485 655 2552 per
679 2465 881 2552 supradicto
904 2463 1028 2532 ordine
1053 2464 1124 2532 illis
1146 2467 1182 2531 et
1206 2465 1279 2531 suis
1303 2463 1493 2531 heredibus
1529 2461 1569 2528 in
1597 2480 1682 2548 pars
1717 2461 1829 2547 ipsius
1864 2462 2012 2530 ecclesie
2036 2480 2108 2530 non
2132 2484 2171 2532 a·
2287 2547 2294 2564 .

325 2619 580 2704 dimpleberint
602 2622 638 2686 et
661 2616 791 2703 aliquit
814 2616 898 2684 inde
921 2614 1232 2701 contradixerint,
1256 2633 1319 2701 per
1347 2615 1427 2700 ipsa
1457 2614 1593 2700 guadia
1620 2630 1829 2698 componere
1852 2613 2107 2701 obligaberunt
2132 2633 2170 2684 se

279 2745 282 2758 ⁵
326 2770 396 2856 ipsi
420 2770 584 2858 germani
607 2773 643 2838 et
665 2769 741 2837 suis
765 2769 955 2837 heredibus
978 2787 1041 2855 per
1064 2767 1285 2836 absolutione
1309 2764 1422 2852 ipsius
1445 2764 1602 2850 genitori
1625 2781 1701 2849 suc,
1726 2768 1763 2832 et
1785 2765 1907 2851 ibique
1931 2765 2034 2831 illum
2050 2771 2174 2836 astan-

326 2927 398 2990 tem
419 2970 429 3007 ‚
453 2921 567 3008 ipsius
591 2921 739 2990 iohanni
764 2920 886 2990 abbati
912 2919 1037 3004 suique
1060 2917 1347 3004 successoribus,
1372 2917 1428 2984 vel
1453 2917 1491 2983 in
1515 2935 1601 3003 pars
1623 2915 1737 3004 ipsius
1759 2915 1907 2984 ecclesie
1937 2916 2071 3004 biginti
2095 2917 2178 2988 auri

326 3077 427 3145 solidi
453 3075 686 3146 constantini.
702 3078 962 3143 Verumtamen
977 3074 1043 3140 hoc
1059 3089 1309 3160 memoramus,
1326 3072 1425 3159 quia,
1442 3071 1583 3158 quando
1600 3072 1679 3158 ipsa
1693 3076 1808 3160 curto,
1827 3071 1885 3139 ubi
1902 3073 2038 3140 debunt
2055 3074 2174 3143 lacere

326 3209 443 3314 ipsum
466 3227 652 3313 molinum,
676 3227 744 3314 ipsi
768 3225 933 3313 germani
956 3225 1216 3312 comprehensit
1240 3227 1278 3292 at
1301 3223 1535 3292 laborandum
1560 3243 1584 3291 a
1606 3241 1691 3309 pars
1715 3224 1830 3310 ipsius
1855 3225 2003 3292 ecclesie
2020 3226 2097 3312 ipse
2121 3227 2178 3294 ia·

329 3381 477 3470 quintus
500 3381 642 3468 genitor
666 3379 808 3447 illorum
832 3397 914 3446 cum
937 3377 1110 3448 fratribus
1133 3376 1207 3444 suis
1230 3377 1429 3446 reserbabit
1451 3376 1518 3443 sivi
1544 3395 1628 3464 pars
1651 3377 1764 3464 ipsius
1788 3377 1934 3446 ecclesie
1963 3381 2176 3465 potestatem

327 3540 363 3604 et
388 3531 570 3602 licentiam
594 3533 638 3601 de
660 3532 777 3618 ipsum
801 3530 972 3597 molinum
996 3527 1046 3596 ibi
1071 3529 1283 3616 faciendum,
1308 3535 1344 3598 et
1366 3529 1448 3598 illut
1471 3531 1534 3616 qui
1557 3549 1668 3617 supra
1690 3531 1786 3598 inter
1813 3529 1972 3618 virgulos
2002 3532 2180 3619 scriptum

329 3691 382 3755 est
405 3685 505 3771 dicit,
529 3684 605 3752 sibe
628 3684 667 3750 in
690 3683 766 3770 ipso
789 3681 1019 3749 constitutum
1042 3685 1078 3748 ot
1101 3681 1141 3748 in
1164 3681 1236 3750 alie
1260 3681 1333 3749 looo
1357 3683 1445 3750 dicit
1468 3685 1564 3752 inter
1588 3683 1748 3771 virgulos
1776 3687 1898 3755 abbas.
1925 3684 2022 3762 Quod
2052 3685 2181 3771 scripsi

329 3859 394 3930 ego
417 3839 613 3925 myrandus
637 3836 813 3904 notarius

374 3967 404 4084 †
430 3996 506 4081 Ego
529 3991 677 4060 alferius
700 3991 864 4076 superius
887 3985 1096 4060 nominatus
1118 3991 1230 4058 abbas

374 4120 406 4237 †
430 4149 506 4235 Ego
529 4143 714 4214 dauferius
737 4142 899 4212 notarius
921 4159 979 4210 me
1002 4139 1197 4228 subscripsi

374 4273 405 4390 †
429 4302 504 4388 Ego
526 4298 712 4387 lequinius
734 4295 898 4366 notarius
921 4316 978 4366 me
1004 4293 1212 4380 subscripsi.

1070 4804 1438 4889 DCCGLVIII.

1109 5067 1164 5142 A.
1192 5067 1242 5143 D.
1271 5065 1400 5146 1033.

377 5317 479 5456 †ln
501 5367 646 5436 nomine
670 5365 804 5435 domini
840 5362 1080 5433 sextodecimo
1114 5377 1210 5429 anno
1239 5359 1461 5448 principatus
1490 5359 1610 5428 domni
1644 5359 1758 5429 nostri
1793 5359 1991 5449 guaimarii
2025 5358 2180 5447 glorioso

331 5523 508 5611 principe,
531 5521 598 5590 filii
623 5519 804 5609 quondam
827 5517 948 5586 domni
972 5514 1168 5606 guaimarii
1193 5513 1380 5601 principis,
1401 5530 1523 5582 mense
1555 5513 1759 5602 nobember,
1783 5513 1940 5584 secunda
1964 5512 2177 5583 indictione.

374 5830 397 5902 ¹)
419 5847 573 5908 pergere.

560 5974 627 6032 l'on.
650 5989 675 6030 v.
