5414 7098
1033 513 1483 592 lllPLtllldTlClJS
2097 528 2143 597 oo

332 740 395 804 etc.
422 737 571 804 statuta
585 739 635 806 est
650 737 799 824 melete,
825 755 913 825 puae
936 741 1086 808 minime
1107 743 1258 831 intelligi
1278 749 1405 830 potest.
1431 747 1476 815 Et
1499 749 1594 816 hunc
1608 750 1751 818 brebem
1768 751 1896 838 scripsi
1913 767 1979 840 ego
1995 754 2117 840 petrus
2131 771 2195 822 no·

334 887 464 956 tarius.

1112 1537 1425 1622 DCCXXV.

1119 1805 1172 1880 A.
1201 1801 1252 1881 D.
1282 1801 1410 1884 1020.

388 2043 423 2182 †
448 2095 488 2160 ln
520 2093 664 2162 nemine
693 2093 827 2162 domini
859 2092 1039 2163 tricesimo
1075 2093 1232 2162 seeundo
1264 2111 1359 2162 anne
1388 2091 1612 2180 principatus
1636 2095 1757 2162 domni
1781 2097 1896 2164 nostri
1921 2096 2135 2188 Guaimarii,
2160 2105 2197 2168 et

339 2253 447 2322 tertio
471 2267 567 2320 anno
590 2247 815 2335 principatus
839 2246 958 2313 domni
983 2245 1179 2331 guaimarii
1204 2246 1280 2313 eius
1304 2247 1404 2334 filie,
1428 2246 1572 2333 gloriosi
1598 2247 1848 2340 principibus,
1872 2267 1993 2317 mense
2023 2255 2196 2342 octuber,

343 2409 477 2496 quarta
500 2403 708 2472 indictione.
733 2403 772 2466 ln
797 2397 1038 2467 sacratissimo
1061 2397 1284 2468 salernitano
1307 2400 1444 2488 palatio
1459 2406 1543 2472 ante
1561 2422 1617 2473 me
1633 2406 1834 2474 romoaldus
1852 2407 1963 2478 iudex
1978 2411 2197 2478 Coniunctus

339 2563 396 2628 est
418 2558 513 2627 maio
536 2556 714 2644 presbiter
739 2557 775 2622 et
798 2556 909 2622 abbas
932 2553 1078 2620 ecclesie
1103 2553 1217 2621 sancti
1242 2550 1393 2620 maximi
1417 2571 1498 2620 curn
1523 2553 1696 2624 iohannes
1721 2557 1816 2625 lilius
1848 2561 2026 2646 quondam
2063 2561 2194 2647 rainl,

344 2715 488 2802 propter
512 2709 605 2798 quod
637 2709 708 2776 iam
733 2707 916 2794 preteritis
940 2726 1021 2774 curn
1044 2725 1125 2774 eum
1149 2710 1333 2774 causatum
1350 2708 1414 2792 est,
1432 2708 1471 2772 ut
1487 2705 1580 2774 malo
1603 2708 1790 2775 lrordinem
1814 2711 1997 2779 introisset
2021 2713 2060 2778 in
2085 2715 2197 2780 rebus

343 2866 585 2954 pertinentem
608 2863 767 2950 predicte
791 2861 938 2931 ecclesie
961 2861 1004 2929 de
1027 2861 1142 2926 locum
1167 2865 1202 2927 et
1225 2860 1317 2927 ulter
1341 2858 1447 2926 dubio
1464 2859 1592 2946 lorino,
1616 2861 1676 2928 ubi
1695 2859 1863 2930 mairano
1878 2863 2028 2951 dicitur,
2044 2870 2081 2934 et
2099 2866 2197 2935 sebee

341 3017 393 3087 ibi
417 3017 558 3086 lecisset
572 3067 582 3104 ,
618 3020 654 3084 et
676 3017 742 3084 viti
767 3019 802 3084 et
827 3017 945 3084 arbori
971 3019 1007 3082 et
1027 3015 1100 3102 sepi
1125 3014 1208 3082 inde
1231 3012 1462 3100 abscidisset,
1486 3019 1522 3081 et
1545 3012 1703 3079 srudium
1729 3014 1811 3082 inde
1835 3017 2004 3106 tulisset,
2029 3023 2065 3086 et
2090 3021 2196 3088 rebus

341 3171 420 3256 ipsa
443 3170 488 3240 ad
510 3187 596 3256 pars
619 3167 776 3256 predicte
801 3166 972 3236 aecclesie
997 3169 1219 3252 contrasset,
1244 3165 1378 3253 etipse
1402 3167 1576 3233 iohannes
1600 3165 1753 3234 dederad
1778 3170 1830 3256 ¹),
1868 3171 1968 3238 utin
1993 3171 2194 3258 predictum

341 3323 460 3392 locum
484 3323 606 3410 plures
630 3327 737 3391 rebus
761 3324 897 3408 aberet,
922 3323 978 3390 set
1000 3321 1156 3388 nesciret
1179 3319 1221 3387 de
1246 3318 1352 3404 quale
1375 3338 1456 3385 cum
1480 3337 1560 3385 eum
1585 3323 1751 3388 causaret
1774 3321 1996 3411 roderisius,
2020 3325 2084 3410 qui
2108 3329 2194 3396 tunc

339 3478 427 3548 erad
451 3477 643 3548 advocator
667 3476 778 3563 ipsius
802 3473 962 3544 ecclesie.
986 3474 1133 3559 Exque
1157 3471 1379 3559 supradictus
1403 3473 1552 3540 domnus
1567 3475 1733 3560 princeps
1751 3477 1846 3544 inter
1863 3476 1936 3544 illis
1954 3481 2107 3565 positum
2124 3481 2194 3549 luit

340 3631 525 3717 iudicium,
541 3636 577 3701 et
600 3631 775 3718 guadiare
799 3629 878 3698 illos
901 3628 997 3714 lecit,
1022 3632 1062 3695 ut
1084 3627 1160 3714 ipsc
1185 3626 1359 3696 iohannes
1384 3647 1464 3694 curn
1487 3649 1571 3716 pars
1596 3629 1755 3715 predicte
1778 3632 1927 3702 ecclesie
1951 3636 2089 3718 pariter
2113 3655 2196 3704 cum

339 3787 491 3856 iudicem
515 3793 551 3857 et
573 3787 755 3856 notarium
778 3788 969 3873 pergerent
990 3784 1134 3871 ibidem,
1158 3790 1194 3854 et
1216 3804 1299 3870 pars
1322 3785 1478 3871 predicte
1502 3786 1649 3854 ecclesie
1673 3791 1903 3875 monstraret,
1928 3789 1971 3856 de
1987 3770 2094 3875 guern
2115 3791 2194 3877 ipse

339 3944 530 4012 advocator
554 3942 710 4030 predicte
733 3943 881 4012 ecclesie
905 3959 987 4009 cum
1011 3943 1129 4026 ipsum
1153 3939 1325 4008 iohannes
1349 3945 1534 4025 causaret,
1559 3943 1595 4008 et
1618 3959 1702 4027 pars
1726 3941 1884 4027 predicte
1907 3941 2058 4010 ecclesie
2082 3944 2197 4030 plica·

340 4103 449 4167 retse
465 4116 546 4168 cum
562 4085 836 4183 sperationem,
852 4096 977 4184 etipse
1001 4095 1175 4164 iohannes
1198 4113 1280 4161 curn
1304 4095 1584 4183 suarationem,
1608 4099 1644 4162 et
1666 4095 1762 4164 iusta
1786 4094 1900 4181 legem
1925 4095 2020 4165 inter
2044 4117 2081 4166 se
2108 4099 2194 4168 inde

341 4253 450 4320 finem
473 4252 642 4323 facerent.
667 4253 767 4319 Modo
791 4255 911 4320 autem
933 4301 942 4339 ,
966 4211 1160 4335 antequam
1183 4266 1291 4334 super
1314 4251 1420 4316 rebus
1443 4252 1636 4337 pergerent
1659 4247 1739 4336 ipsa
1763 4253 1798 4318 et
1820 4269 1884 4336 per
1910 4250 2026 4338 legem
2049 4254 2093 4322 de
2118 4254 2193 4342 ipse

339 4405 606 4477 causationibus
630 4405 783 4475 invicem
807 4423 845 4472 se
869 4404 1043 4490 finirent,
1073 4403 1373 4471 Gonbenientibus
1397 4404 1493 4473 inter
1518 4405 1592 4472 illis
1615 4409 1698 4475 ante
1722 4423 1803 4492 me,
1829 4411 1869 4474 ut
1892 4406 2079 4495 diximus,
2105 4415 2198 4479 sunt

338 4562 535 4631 coniuncti.
566 4563 633 4638 Qui
667 4561 790 4630 statim
823 4579 886 4648 per
909 4559 1025 4645 ipsum
1048 4559 1215 4627 abbatem
1238 4560 1420 4624 ostensum
1443 4561 1496 4626 est
1520 4576 1630 4625 unum
1655 4557 1829 4645 scripturn
1852 4562 2095 4630 continentem
2114 4586 2121 4632 :
2140 4567 2191 4633 -ln

338 4717 483 4785 nomine
506 4715 640 4786 domini
666 4733 761 4785 anuo
784 4715 965 4783 tricesimo
988 4714 1142 4782 secundo
1165 4711 1389 4800 principatus
1413 4710 1533 4778 domni
1558 4711 1673 4779 nestri
1703 4713 1928 4802 guaimarii,
1964 4720 2000 4784 et
2037 4713 2193 4788 secundo

338 4893 434 4945 anno
458 4874 678 4962 principatus
700 4873 819 4944 domni
845 4871 1041 4960 guaimarii
1065 4872 1143 4939 eius
1167 4869 1257 4956 tilii,
1283 4867 1428 4956 gloriosi
1452 4869 1643 4958 principes,
1668 4888 1788 4938 mense
1812 4874 1968 4960 magius,
1994 4875 2105 4945 tertia
2135 4879 2192 4945 in-

338 5030 508 5098 dictione.
533 5031 626 5097 Ante
649 5047 705 5096 me
722 5026 923 5096 romoaldus
947 5027 1056 5094 iudex
1079 5023 1296 5091 Coniunctus
1314 5028 1368 5093 est
1385 5023 1483 5092 maio
1506 5023 1682 5110 presbiter
1706 5029 1741 5092 et
1764 5027 1875 5094 abbas
1898 5028 2046 5097 ecclesie
2070 5031 2191 5100 saneti

338 5183 505 5270 maximi,
530 5201 603 5253 una
628 5203 708 5251 cum
732 5201 814 5251 eum
837 5181 976 5250 adesset
999 5178 1191 5248 roderisius
1215 5179 1461 5247 advocatorem
1484 5175 1577 5264 eiuS,
1602 5197 1681 5246 cum
1706 5177 1779 5247 riso
1796 5179 1871 5248 filio
1887 5181 2065 5268 quondam
2083 5187 2192 5274 aghi-

339 5338 394 5423 ni,
417 5338 463 5406 ad
487 5335 690 5406 iaciendum
713 5355 794 5404 cum
816 5353 897 5403 eum
920 5333 1028 5400 finem
1052 5331 1094 5400 de
1119 5333 1224 5400 rebus
1246 5330 1289 5398 de
1313 5332 1387 5398 loeo
1410 5331 1525 5399 forino
1551 5331 1647 5401 ultra
1670 5332 1776 5401 dubio
1800 5333 1928 5424 senine,
1952 5337 2014 5404 ubi
2039 5343 2074 5407 et
2098 5339 2192 5409 mai·

339 5507 432 5562 ranu
447 5489 593 5576 dicitur;
610 5489 703 5558 unde
727 5492 810 5559 ante
833 5506 871 5556 os
893 5493 1032 5575 tempus
1055 5487 1141 5554 ante
1164 5503 1220 5552 me
1235 5482 1417 5552 coniuncti
1435 5484 1581 5552 fuerunt
1602 5487 1638 5551 et
1661 5502 1726 5552 sua
1749 5486 1947 5556 monimina
1963 5493 2084 5575 partes
2102 5510 2201 5584 par3

381 5826 403 5906 ¹)
426 5827 582 5889 dedered:
605 5827 748 5890 dicebat.
