5414 7098
1026 593 1432 669 DIPLOMATICUS
2067 603 2110 673 dt

304 843 329 896 a
352 827 389 892 te
411 821 542 892 exinde
566 821 605 888 in
628 811 817 906 presentis
831 817 923 888 idest
944 817 1026 888 auri
1050 819 1179 888 solidos
1202 823 1376 907 quartuor
1401 819 1445 890 de
1469 819 1551 892 auri
1575 838 1647 890 ana
1670 821 1844 910 quartuor
1858 820 1940 892 euri
1955 838 2020 910 per
2036 823 2166 898 solidos

312 976 353 1046 in
377 991 516 1044 ornnem
540 971 719 1042 decisione
740 991 804 1041 seu
826 970 1096 1060 deliberatione,
1113 971 1204 1049 Quia
1229 971 1283 1042 ita
1307 973 1402 1042 inter
1418 974 1521 1042 nobis
1537 975 1728 1044 combenit.
1746 975 1782 1043 Si
1799 977 1921 1045 autem
1936 993 2004 1065 ego
2024 981 2090 1048 aut
2105 981 2168 1052 he-

310 1127 414 1198 redes
436 1125 527 1196 meis
552 1126 679 1214 quobis
702 1129 859 1214 tempore
883 1127 1010 1193 contra
1033 1127 1128 1193 hanc
1150 1125 1354 1196 chartulam
1378 1126 1622 1215 benditionis,
1654 1129 1697 1196 ut
1729 1145 1834 1216 super
1858 1129 1993 1216 legitur
2006 1179 2017 1217 ,
2041 1129 2167 1202 benire

312 1279 620 1370 presumserimus,
644 1283 681 1348 et
704 1279 742 1348 in
765 1276 901 1364 aliquid
925 1276 1075 1346 hoffensi
1100 1276 1275 1346 fuerimus
1290 1298 1353 1366 per
1370 1280 1497 1366 quobis
1512 1279 1654 1348 modum
1671 1283 1737 1350 aut
1751 1281 1941 1354 sumissam
1963 1299 2167 1371 personam,

312 1437 399 1503 tunc
422 1449 593 1521 compono
616 1448 683 1520 ego
706 1435 742 1501 et
765 1430 913 1500 heredes
936 1429 1025 1500 mois
1047 1430 1114 1500 tibi
1137 1431 1263 1518 tuique
1285 1431 1478 1502 heredibus
1494 1435 1578 1504 auri
1594 1432 1724 1502 solidos
1739 1431 1925 1502 duodecim
1948 1435 2168 1524 bytianteos,

318 1592 356 1659 et
379 1590 445 1656 hec
468 1585 636 1655 chartula
659 1583 889 1672 venditionis,
914 1589 955 1654 ut
977 1601 1083 1672 super
1107 1581 1252 1672 legitur,
1274 1580 1322 1650 sit
1338 1583 1444 1653 firma
1460 1583 1595 1670 scripta
1617 1601 1681 1671 per
1704 1602 1761 1652 me
1777 1583 1971 1654 iohannem
1994 1584 2168 1656 curialem

313 1740 473 1810 scribere
496 1737 620 1826 rogavi
644 1756 707 1824 per
731 1734 977 1824 suprascripta
1002 1734 1110 1806 tertia
1133 1733 1343 1806 indictione.
1367 1735 1433 1802 hoo
1449 1733 1594 1821 signum
1610 1733 1650 1801 in
1668 1735 1914 1824 suprascripta
1933 1736 2051 1807 maria
2067 1738 2171 1805 heres

317 1895 379 1984 qui
403 1894 576 1966 marenda
599 1894 791 1980 clamatur,
808 1891 900 1980 quod
915 1907 981 1980 ego
1004 1889 1068 1978 qui
1092 1888 1353 1977 suprascriptor
1379 1891 1425 1960 ab
1450 1909 1529 1961 earn
1553 1859 1701 1978 rogatus
1724 1910 1788 1980 pro
1813 1911 1893 1963 eam
1916 1893 2110 1982 subscripsi
2135 1897 2171 1962 et

313 2049 578 2138 suprascriptos
601 2047 730 2116 solidos
753 2045 905 2115 traditos
929 2043 1031 2114 bidit.

362 2175 394 2291 †
418 2203 494 2290 Ego
518 2201 660 2289 sergius
682 2198 779 2268 filius
802 2195 920 2268 domni
937 2194 1098 2284 gregorii
1116 2197 1281 2266 monachi
1297 2193 1377 2265 testi
1395 2195 1591 2283 subscripsi
1616 2199 1653 2265 et
1668 2195 1928 2284 suprascriptos
1952 2197 2082 2268 solidos
2099 2201 2173 2270 tra·

315 2357 507 2431 otiosum
533 2330 564 2446 †

364 2503 394 2618 †
419 2538 496 2605 nro
519 2535 775 2603 nnrrnrnoru
797 2532 957 2599 onroro
983 2505 1040 2598 un
1062 2530 1242 2598 suornm
1274 2534 1396 2599 rnen
1418 2507 1522 2600 o'o‘rs
1545 2535 1599 2598 nr
1629 2511 1759 2600 od'r‘oo
1781 2534 1952 2602 comooo
1974 2537 2178 2604 rrnnrroc

318 2687 401 2758 mor
427 2659 455 2776 †

365 2815 396 2931 †
420 2845 529 2929 (Epo
556 2842 747 2928 Aligeruus
770 2839 865 2922 fitius
888 2837 1011 2906 domur·
1034 2836 1201 2920 spurcat
1224 2839 1305 2905 testi
1328 2837 1522 2922 subscripsi
1546 2841 1579 2906 ci
1613 2838 1877 2924 suprosatptos
1906 2837 2032 2907 solidos
2062 2839 2181 2908 tradi·

319 3002 373 3067 tos
395 2995 503 3079 didi).

367 3127 398 3244 †
422 3172 489 3246 ego
514 3153 691 3222 iohannes
714 3151 810 3219 filius
833 3145 954 3216 domni
972 3144 1065 3234 petri
1083 3144 1166 3213 testi
1183 3141 1376 3230 subscripsi
1400 3147 1436 3211 et
1458 3141 1719 3230 suprascriptos
1743 3142 1873 3211 solidos
1891 3141 2039 3214 traditos
2056 3117 2181 3232 bidi†

367 3283 397 3398 †
422 3311 498 3398 Ego
522 3307 696 3378 iohannes
720 3299 870 3373 curialis
894 3297 1066 3387 complevi
1090 3299 1126 3366 et
1149 3295 1284 3366 absolvi
1309 3313 1372 3382 per
1396 3295 1643 3384 suprascripta
1668 3296 1776 3366 tertia
1800 3295 2007 3368 indictione.

1041 3581 1447 3596 m-—n—u--n

1118 3903 1401 3990 DCCXIX·

1121 4169 1175 4251 A.
1203 4165 1254 4246 D.
1281 4158 1410 4248 1020.

371 4443 407 4582 †
433 4493 474 4559 Ιιι
497 4486 642 4557 nomine
672 4475 807 4549 domini
830 4489 926 4545 anno
948 4463 1129 4538 tricesimo
1154 4460 1271 4550 primo
1294 4457 1520 4547 principatus
1543 4451 1664 4522 domni
1688 4450 1800 4520 nostri
1825 4451 2041 4540 guaimari,
2072 4457 2109 4522 et
2132 4473 2188 4525 se.

327 4645 446 4719 cundo
476 4658 572 4714 anno
606 4631 726 4706 domni
757 4623 940 4719 guaimari
966 4621 1043 4692 eius
1064 4617 1170 4705 filio,
1195 4611 1342 4702 gloriosi
1366 4605 1607 4697 principibus,
1629 4621 1751 4674 mense
1773 4603 1977 4693 ianuarius,
1991 4605 2103 4677 tertia
2127 4607 2184 4678 in·

329 4797 495 4873 dictione.
521 4785 811 4865 Memoratorium
835 4780 932 4851 factu
956 4771 1106 4847 anobis
1131 4772 1253 4857 guttus
1276 4765 1484 4836 atrianense
1507 4759 1604 4830 filius
1635 4759 1800 4846 iohanni,
1831 4762 1867 4844 et
1890 4758 2066 4830 iohannes
2091 4759 2187 4831 idem

307 4941 538 5028 'atrianense
561 4946 657 5014 filius
681 4940 789 5028 leoni,
813 4935 875 5026 qui
901 4948 1024 5002 sumus
1048 4921 1253 4996 consobrini
1277 4916 1398 5004 tratri,
1416 4933 1456 4986 eo
1471 4912 1564 5003 quod
1580 4915 1664 4982 ante
1680 4909 1875 4997 subscripti
1889 4913 1997 4980 testes
2013 4928 2081 5000 ego
2097 4913 2188 4983 iam·

333 5111 451 5182 dictus
467 5106 584 5196 guito,
601 5101 678 5170 vice
701 5114 782 5166 mea
805 5097 841 5162 et
863 5091 940 5158 vice
961 5082 1095 5156 marini
1119 5085 1155 5151 et
1177 5077 1295 5148 mauri
1319 5072 1484 5162 germani
1508 5069 1593 5156 mei,
1616 5070 1652 5135 et
1674 5083 1741 5154 ego
1757 5065 1985 5153 supradictus
2008 5067 2184 5140 iohannes

334 5263 413 5332 vice
436 5277 517 5328 mea
541 5259 578 5325 et
600 5250 676 5320 vice
698 5246 793 5336 gutti
815 5245 852 5313 et
874 5239 951 5309 ursi
973 5240 1010 5306 et
1032 5230 1151 5306 mauri
1174 5225 1408 5319 germanibus
1431 5221 1533 5311 meis,
1558 5238 1622 5308 per
1645 5236 1739 5288 vona
1761 5217 2026 5290 combonientia
2048 5220 2185 5308 guadia

335 5415 440 5488 nobis
464 5405 849 5494 dederuntiaquintus
872 5397 968 5468 iilius
991 5392 1109 5482 petri,
1132 5391 1168 5455 ct
1190 5381 1422 5452 mediatorem
1445 5375 1547 5444 nobis
1570 5373 1689 5462 posuit
1711 5372 1886 5442 iohannes
1910 5373 2119 5443 atrianense
2144 5375 2187 5443 fi-

334 5575 406 5644 tius
430 5569 568 5659 lupeni,
591 5564 655 5653 qui
678 5561 810 5631 dicitur
833 5555 877 5624 de
899 5543 1133 5629 maurisculu3
1157 5542 1195 5610 et
1216 5554 1279 5624 per
1302 5535 1381 5622 ipsa
1402 5527 1535 5619 guadio
1550 5525 1723 5614 obligavit
1737 5542 1785 5598 se.
1812 5527 1854 5592 ut
1876 5523 2002 5594 amodo
2023 5529 2188 5616 eiusque
2222 5585 2226 5590 .

335 5745 402 5800 sex
419 5723 508 5798 anni
525 5716 691 5807 completi
713 5717 837 5783 tenere
860 5723 924 5776 suo
946 5695 1131 5792 potestatis
1153 5697 1253 5762 terra
1275 5706 1357 5756 oum
1379 5681 1503 5772 gripta
1525 5684 1561 5750 et
1583 5681 1683 5748 terra
1704 5677 1832 5747 vaciba
1854 5675 1976 5765 ibique
1999 5683 2084 5748 anto
2107 5679 2188 5767 ipsa

330 5884 486 5975 gripta,
509 5893 616 5967 quem
640 5868 743 5941 nobis
766 5868 820 5936 est
843 5858 1063 5950 pertinentes
1086 5850 1219 5920 habere
1242 5844 1282 5915 in
1308 5841 1422 5911 locum
1446 5835 1558 5907 beteri
1581 5833 1678 5902 circe
1701 5829 1805 5900 litore
1828 5829 1969 5921 maris,
1997 5836 2033 5903 et
2056 5831 2189 5904 ibidem
