5414 7098
958 621 968 652 ,
1025 545 1428 621 nvnuonnvrous
2063 546 2109 621 to

299 767 468 840 dictione.
493 771 642 858 Ideoque
670 789 736 860 ego
759 772 953 861 drogooaro
975 771 1071 842 lilius
1095 742 1241 842 landoni
1265 772 1401 859 comiti,
1425 754 1517 842 siout
1540 770 1650 840 michi
1674 789 1874 859 congruum
1896 774 1963 860 est,
1986 789 2066 841 mea
2089 787 2149 839 vo·

297 941 385 993 nam
420 923 606 995 voluntate
640 929 724 996 ante
760 925 950 1012 subscripti
973 929 1081 996 testes
1103 945 1167 1014 per
1190 943 1258 995 ane
1282 927 1458 998 cartulam
1480 926 1771 996 venumdabimus
1795 925 1862 1028 tivi
1885 926 2048 997 maranci
2072 945 2155 1014 pre·

298 1077 424 1146 sbiteri
447 1077 521 1146 illio
543 1077 636 1165 petri
666 1097 739 1148 una
768 1079 871 1167 pecia
894 1080 937 1148 de
959 1083 1059 1148 terra
1082 1097 1224 1167 vacua,
1258 1080 1350 1166 quod
1377 1065 1464 1149 aveo
1487 1080 1526 1148 in
1550 1079 1665 1148 locum
1690 1081 1787 1148 intus
1811 1079 1956 1150 castello
1979 1081 2023 1149 de
2047 1099 2154 1149 mun·

297 1235 415 1298 torum
450 1233 591 1298 rotense
624 1231 780 1318 finibus,
804 1229 868 1318 qui
904 1234 958 1298 est
992 1249 1056 1318 per
1086 1251 1126 1300 ec
1151 1231 1233 1299 finis
1256 1237 1291 1300 et
1313 1233 1517 1302 mensurio:
1542 1234 1588 1304 da
1610 1253 1695 1322 pars
1718 1234 1912 1303 occidentis
1936 1235 2007 1304 fine
2030 1235 2150 1308 media

300 1382 486 1469 strectola‚
516 1383 599 1452 inde
623 1388 707 1452 sunt
729 1383 835 1471 pedes
858 1384 989 1472 viginti
1008 1431 1221 1452 ........
1246 1385 1549 1472 septemtrionalis
1571 1387 1642 1454 fine
1665 1389 1801 1473 tuaque
1825 1389 1986 1456 maranci
2012 1388 2151 1474 presbi-

299 1537 385 1625 teri,
409 1536 493 1605 inde
517 1541 597 1606 avet
619 1537 725 1625 pedes
730 1587 992 1606 ..........
1018 1558 1040 1606 a
1062 1557 1146 1626 pars
1168 1537 1317 1606 orientis
1332 1538 1403 1605 fine
1420 1539 1537 1607 media
1554 1539 1736 1625 strectola,
1757 1543 1842 1610 sunt
1867 1539 1950 1608 inde
1973 1540 2080 1627 pedes
2103 1543 2159 1610 vi-

303 1691 398 1778 ginti
405 1740 677 1760 ..........
703 1692 851 1760 meridie
873 1691 944 1758 fine
967 1691 1060 1778 petri
1085 1691 1150 1758 filii
1175 1691 1249 1778 isi,
1274 1691 1357 1759 inde
1379 1695 1461 1760 avet
1484 1694 1590 1778 pedes
1613 1692 1752 1780 sideni,
1777 1697 1855 1760 totu
1879 1693 1924 1760 ad
1950 1692 2043 1761 iusto
2069 1694 2157 1781 pede

307 1859 454 1913 manum
479 1843 588 1912 omini
613 1848 871 1930 mensuratum3
897 1864 937 1912 ec
961 1862 1044 1912 vero
1067 1848 1167 1914 terra
1191 1844 1304 1932 ipsam
1327 1863 1389 1930 per
1412 1844 1581 1912 iamdicte
1603 1845 1687 1911 finis
1711 1848 1746 1912 et
1772 1846 1951 1914 mensurie
1985 1849 2100 1915 totum
2123 1850 2160 1916 et

303 1996 495 2088 inclitum,
525 2019 605 2067 oum
629 2001 749 2068 omnia
773 2000 869 2068 intro
892 2019 930 2070 se
953 2005 1079 2069 avente
1103 1999 1336 2086 omnibusque
1360 1999 1435 2068 suis
1457 1997 1710 2087 pertinentiis,
1744 2003 1780 2067 et
1812 2018 1893 2066 cum
1922 2003 2000 2070 bice
2031 2002 2074 2070 de
2097 2001 2158 2070 via

304 2169 401 2238 sua,
427 2153 508 2219 illut
530 2152 596 2220 tivi
621 2151 771 2238 predicti
795 2153 957 2221 maranci
980 2150 1169 2238 presbiteri
1193 2151 1509 2238 venumdedimus3
1543 2151 1787 2220 tantummodo
1810 2152 1971 2220 dedimus
1994 2154 2061 2222 tivi
2085 2153 2159 2240 via,

306 2311 349 2377 ut
374 2306 469 2373 omni
495 2311 651 2394 tempore
673 2306 813 2376 intrare
836 2306 987 2394 possatis
1010 2307 1050 2374 in
1074 2305 1145 2374 ista
1167 2305 1328 2393 predicta
1351 2309 1474 2374 nostra
1497 2303 1728 2390 venditione,
1761 2305 1854 2392 quod
1881 2310 1935 2374 est
1958 2306 1997 2373 in
2021 2311 2160 2394 partem

311 2462 375 2533 illa
398 2464 445 2532 da
467 2461 649 2530 occidente
672 2460 718 2528 da
741 2463 820 2546 ipsa
843 2460 962 2546 platea
985 2480 1055 2546 que
1077 2461 1197 2547 pergit
1220 2460 1266 2528 ad
1288 2479 1432 2528 murum
1462 2459 1621 2528 eiusdem
1645 2459 1809 2546 castellu‚
1843 2465 1917 2530 tam
1948 2465 1984 2529 et
2007 2461 2160 2534 ecclesia

278 2697 279 2701 Ἴ
308 2617 425 2686 sancti
449 2616 594 2704 stefani,
612 2633 680 2702 que
703 2619 756 2682 est
780 2633 867 2702 erga
890 2614 960 2680 fine
983 2614 1027 2681 de
1050 2613 1173 2682 eredes
1195 2613 1290 2698 mili,
1315 2614 1407 2681 siout
1422 2632 1506 2681 crea
1524 2613 1604 2700 ipsu
1619 2613 1777 2700 plescum
1800 2613 1986 2702 discernit,
2006 2619 2046 2683 ut
2072 2615 2156 2686 inde

307 2770 526 2860 ingrediatis
550 2775 585 2838 et
609 2767 822 2857 regrediatis
845 2787 925 2835 cum
949 2784 1070 2834 omnes
1094 2772 1214 2837 vestra
1236 2772 1494 2856 congruetate‚
1526 2767 1571 2837 ad
1601 2770 1774 2836 securiter
1797 2771 1833 2837 et
1859 2770 2011 2838 firmiter
2035 2768 2152 2840 amodi

307 2944 445 3012 semper
469 2943 530 2992 vos
553 2927 590 2992 et
614 2923 743 2992 vestris
766 2921 931 2998 eredibus
956 2922 1037 2989 illut
1060 2921 1252 3008 abendum‚
1276 2921 1543 3008 dominandum,
1568 2921 1829 3008 possidendum,
1854 2921 1976 2990 omnia
1999 2922 2082 2990 inde
2106 2922 2161 2992 sa-

309 3077 475 3146 ciendum
499 3076 591 3164 quod
614 3076 713 3143 vobis
736 3075 924 3162 placuerit.
951 3075 995 3141 Et
1016 3091 1081 3160 pro
1104 3074 1348 3143 confirmanda
1371 3078 1407 3142 et
1430 3073 1683 3143 stavilisoenda
1708 3093 1776 3143 ane
1799 3079 1924 3142 nostra
1951 3073 2159 3144 venditione

307 3251 377 3302 nuc
401 3251 424 3300 a
446 3232 621 3318 presentis
637 3230 834 3317 recepimus
850 3248 873 3297 a
887 3231 922 3294 te
937 3227 1093 3314 predicto
1115 3228 1274 3296 maranoi
1299 3229 1493 3315 presbitero
1515 3230 1585 3298 duo
1608 3228 1686 3299 auri
1712 3227 1785 3297 tari
1810 3230 1893 3296 voni
1917 3228 1956 3295 in
1979 3247 2082 3297 omne
2095 3230 2157 3298 de·

307 3385 534 3473 liveratione‚
558 3383 731 3470 finitoque
756 3383 831 3470 ipso
854 3381 1009 3468 pretium
1032 3385 1120 3467 aput
1142 3398 1225 3468 nos,
1249 3381 1292 3448 de
1316 3400 1388 3467 qua
1411 3401 1474 3468 per
1497 3399 1626 3450 vonam
1657 3381 1908 3453 convenientia
1933 3383 2066 3472 guadia
2090 3384 2160 3452 tivi

311 3537 477 3609 maranci
501 3537 692 3625 presbiteri
717 3535 892 3621 dedimuS,
909 3538 945 3601 et
968 3531 1197 3602 mediatorem
1220 3532 1286 3601 tivi
1310 3533 1491 3620 posuimus
1508 3533 1671 3621 iaquintu
1687 3535 1862 3623 presbiter
1883 3537 1979 3605 fflius
1996 3536 2162 3623 maraldi;

312 3701 347 3762 et
370 3711 434 3780 per
457 3693 536 3780 ipsa
559 3689 695 3777 guadia
717 3691 782 3756 etc.
809 3689 956 3756 statuta
978 3687 1110 3754 marleio
1135 3687 1221 3753 ouri
1243 3687 1436 3754 solidorum
1457 3689 1588 3774 capiate·
1610 3692 1998 3758 constantinwaoruna.
2019 3691 2063 3756 Et
2080 3688 2164 3758 tali-

311 3855 367 3916 ter
390 3845 546 3915 scrivere
568 3841 774 3930 rogabimus
798 3844 833 3908 te
856 3839 1059 3907 dumnando
1082 3839 1251 3908 clericum
1274 3842 1310 3907 et
1332 3838 1526 3927 notarium,
1550 3847 1633 3909 actu
1655 3847 1821 3911 muntoru
1844 3842 2010 3912 feliciter.

356 3970 388 4088 †
412 4000 488 4085 Ego
510 3995 654 4066 Dauferi

356 4123 388 4240 †
412 4153 488 4239 Ego
512 4149 697 4218 iohannes.

1041 4681 1452 4766 DCCXXXVII.

1090 4939 1144 5015 A.
1173 4937 1223 5015 D.
1251 4935 1379 5016 1022.

357 5188 394 5329 †
419 5241 458 5308 ln
482 5239 625 5306 nomine
647 5233 782 5304 domini
798 5233 980 5303 tricesimo
996 5234 1122 5318 quarto
1138 5247 1233 5299 anno
1249 5229 1472 5317 principatus
1495 5227 1614 5296 domni
1630 5224 1742 5295 nostri
1760 5227 1956 5316 guaimari,
1973 5229 2018 5296 Et
2032 5231 2161 5314 quarto

311 5413 407 5464 anno
429 5393 654 5481 principatus
677 5388 795 5458 domni
819 5385 1000 5476 guaimari
1023 5385 1100 5453 eius
1124 5385 1226 5470 filio,
1250 5382 1396 5470 gloriosi
1420 5380 1666 5469 principibus,
1695 5397 1814 5447 mense
1838 5379 1999 5466 aprelis,
2024 5381 2155 5466 quinta

311 5547 521 5618 indictione.
545 5546 695 5631 Ideoque
719 5561 785 5630 ego
808 5559 891 5610 urso
914 5539 1010 5606 filius
1034 5536 1214 5624 quondam
1236 5536 1319 5606 citri
1343 5536 1546 5623 clarefacio,
1569 5536 1740 5622 quoniam
1763 5533 1872 5602 michi
1896 5537 1950 5602 est
1973 5533 2160 5623 pertinen·

312 5710 368 5774 tes
391 5704 498 5774 abere
521 5718 585 5787 per
609 5695 864 5766 successionem
884 5693 922 5761 in
941 5691 1186 5760 commitatum
1208 5690 1367 5777 nuceria,
1384 5692 1428 5758 Et
1444 5707 1643 5777 congruum
1655 5693 1708 5757 est
1721 5689 1812 5756 mihi
1836 5687 1963 5758 inclita
1987 5689 2065 5776 ipsa
2082 5708 2162 5760 mea

311 5858 482 5944 sortione,
500 5858 618 5942 saepto
641 5871 755 5922 unum
777 5849 890 5920 ortale
915 5848 1008 5936 quod
1031 5847 1163 5915 retinet
1186 5845 1341 5914 simeone
1365 5845 1462 5913 filius
1486 5843 1668 5930 adelermi‚
1683 5843 1764 5912 illut
1787 5843 2005 5913 benumdare
2029 5841 2160 5912 sesami

502 6011 573 6070 Τοι.
593 6025 620 6068 v.
2030 5993 2046 6050 'l
