5422 7102
1276 548 1453 619 Cdbbx
1495 547 1751 620 bttbnsls

1364 1081 1653 1164 DCCCLII.

1359 1375 1413 1450 A.
1441 1373 1490 1449 D.
1520 1371 1650 1450 1033.

623 1617 659 1755 †
684 1671 723 1734 ln
746 1667 889 1734 nomine
912 1667 1047 1735 domini
1072 1667 1345 1754 quadragesimo
1368 1665 1514 1751 septimo
1538 1683 1633 1732 anno
1658 1664 1882 1751 principatus
1905 1665 2024 1732 domni
2070 1663 2217 1734 landold
2257 1666 2434 1754 gloriosus

577 1827 757 1914 princeps,
782 1829 818 1892 et
839 1823 1007 1892 vicesimo
1032 1824 1136 1891 tertio
1160 1839 1256 1890 anno
1278 1821 1503 1909 principatus
1525 1820 1643 1887 domni
1667 1819 1813 1906 paldoltl
1835 1819 1901 1888 filii
1924 1823 2016 1908 eius,
2041 1839 2163 1890 mense
2191 1822 2328 1910 iunius,
2352 1823 2426 1909 pri-

577 1999 636 2048 ma
661 1976 867 2046 indictione.
893 1979 962 2044 Nes
985 1975 997 2041 i
1023 1995 1146 2042 sumus
1168 1981 1290 2062 petrus
1313 1975 1489 2061 presbiter
1513 1973 1608 2042 filius
1630 1976 1735 2062 genci
1762 1981 1798 2044 et
1831 1977 2003 2046 iohannes
2039 1975 2135 2045 filius
2168 1977 2331 2047 marandi
2354 2028 2365 2066 ,
2388 1997 2429 2046 eo

577 2131 671 2216 quod
695 2132 779 2198 ante
803 2127 1018 2196 nobiliorum
1041 2127 1321 2214 subscriptorum
1344 2127 1490 2196 testium
1514 2125 1736 2197 declaramus
1759 2146 1824 2196 nos
1846 2131 1953 2197 abere
1977 2147 2050 2198 una
2073 2129 2175 2216 pecie
2197 2128 2241 2196 de
2263 2130 2371 2196 rebus
2389 2129 2429 2194 in

579 2281 654 2350 loco
679 2285 805 2367 baneo,
829 2285 865 2348 et
888 2297 1085 2366 congruum
1109 2283 1162 2346 est
1184 2277 1286 2344 nobis
1309 2278 1388 2346 illos
1410 2279 1544 2348 donare
1568 2280 1716 2349 iohanni
1740 2285 1776 2349 et
1801 2283 1949 2352 simeoni
1973 2282 2137 2370 germani
2162 2281 2227 2349 filii
2264 2281 2428 2350 iohanni.

580 2434 806 2518 Quapropter
830 2449 893 2498 nos
916 2429 1198 2516 supradictorum
1223 2433 1345 2515 petrus
1368 2433 1544 2517 presbiter
1568 2437 1604 2502 et
1628 2437 1828 2522 iohannes,
1854 2437 1946 2504 sicut
1975 2435 2076 2502 nobis
2111 2451 2309 2521 congruum
2344 2439 2428 2520 est,
2459 2471 2469 2487 ·

578 2606 670 2656 rona
694 2587 828 2655 etenim
851 2588 970 2652 nostre
995 2582 1190 2651 voluntatis
1214 2588 1249 2652 61
1273 2603 1335 2670 per
1358 2586 1479 2654 eadem
1503 2585 1644 2655 cartula
1666 2587 1840 2656 donamus
1863 2587 1960 2653 vobis
1983 2585 2129 2654 iohanni
2159 2587 2196 2650 et
2211 2585 2360 2652 simeoni
2378 2583 2434 2649 in-

577 2746 718 2828 tegram
743 2739 822 2825 ipsa
846 2739 947 2824 pecie
970 2738 1013 2806 de
1037 2739 1156 2822 rebus,
1183 2736 1416 2824 indiximus,
1440 2738 1532 2806 sicut
1557 2739 1697 2806 violetur
1721 2757 1796 2806 esse
1821 2739 1916 2806 infra
1939 2757 1978 2805 ec
2002 2737 2085 2805 finis
2109 2743 2144 2806 et
2168 2739 2360 2805 mensurio:
2378 2737 2422 2805 de

581 2913 656 2962 una
679 2898 784 2981 parte
807 2897 877 2958 llne
900 2893 993 2978 petri
1017 2893 1136 2958 socer'o
1161 2895 1291 2977 tuoque
1316 2890 1478 2977 iohanni,
1502 2892 1595 2958 siout
1619 2892 1720 2958 badii
1736 2897 1772 2958 et
1788 2891 1953 2978 revolbit,
1970 2896 2005 2962 et
2021 2891 2179 2976 qualiter
2196 2890 2297 2958 badit
2314 2909 2428 2978 usque

578 3050 615 3116 in
640 3048 698 3114 via
721 3047 814 3133 quod
838 3045 883 3114 ad
907 3064 1092 3113 comunem
1117 3049 1265 3114 abemus
1288 3043 1480 3129 nobiscum,
1505 3048 1588 3110 sunt
1611 3060 1731 3128 passos
1755 3047 1954 3132 nonaginta
1977 3044 2116 3112 tribus:
2142 3044 2185 3112 de
2209 3044 2284 3113 alia
2318 3049 2424 3130 parte

578 3197 649 3262 llne
675 3195 754 3282 ipsa
777 3195 849 3271 via,
875 3195 1031 3282 qualiter
1055 3195 1153 3263 badit
1177 3214 1287 3281 usque
1311 3196 1349 3261 in
1374 3194 1584 3280 aqueducto,
1602 3198 1687 3260 sunt
1711 3213 1832 3280 passos
1847 3196 1967 3263 decern
1983 3219 1990 3261 :
2008 3196 2134 3263 deinde
2156 3195 2427 3265 descendentem

578 3371 641 3436 por
667 3351 786 3418 oedem
811 3350 1025 3436 aqueductos
1049 3368 1158 3436 usque
1183 3349 1221 3415 in
1246 3350 1345 3416 ribus
1368 3349 1411 3415 de
1434 3348 1652 3415 cirasulum:
1677 3349 1721 3414 de
1745 3350 1900 3417 subtana
1923 3351 2024 3434 parte
2055 3348 2126 3415 fine
2161 3349 2237 3434 ipso
2271 3349 2348 3415 ribo
2382 3347 2426 3413 de

577 3503 786 3588 cirasulum,
812 3507 896 3568 sunt
919 3521 1039 3587 passos
1064 3501 1326 3588 quinquaginta
1349 3504 1385 3567 61
1408 3503 1512 3567 octo:
1538 3500 1580 3567 de
1605 3501 1678 3568 alia
1702 3505 1805 3586 parte
1829 3501 1901 3567 line
1917 3499 1959 3567 de
1975 3499 2079 3568 erede
2096 3501 2214 3568 mauri
2230 3500 2426 3570 ascenden-

579 3663 648 3726 tem
675 3677 786 3744 usque
810 3658 849 3724 in
873 3659 943 3725 line
967 3657 1164 3743 supradicti
1189 3658 1281 3742 petri
1306 3673 1426 3723 socero
1450 3659 1579 3740 tuoque
1604 3655 1883 3750 iohannipunde
1900 3655 2015 3722 tinem
2040 3657 2299 3724 inchoabimus.
2326 3657 2426 3725 lnlra

577 3829 698 3879 omnes
724 3812 890 3880 iamdicte
913 3811 994 3878 finis
1018 3816 1052 3878 et
1075 3810 1255 3876 mensurio
1278 3812 1391 3876 totum
1415 3813 1451 3876 et
1475 3809 1656 3894 integram
1681 3807 1759 3893 ipsa
1783 3808 1884 3894 pecia
1909 3809 1952 3875 de
1976 3811 2080 3876 rebus
2115 3809 2213 3875 vobis
2250 3813 2428 3896 prenomi-

577 3964 660 4033 nati
681 3964 828 4032 iohanni
853 3967 888 4031 et
912 3964 1060 4030 simeoni
1085 3961 1294 4030 donabimus
1319 3979 1495 4028 unacum
1520 3961 1669 4027 inferius
1692 3961 1939 4048 superiusque,
1963 3979 2043 4027 cum
2066 3960 2178 4029 viaet
2194 3961 2321 4030 andita
2344 3981 2425 4047 sua,

577 4140 656 4186 cum
682 4121 785 4205 aquis
808 4124 843 4186 et
867 4137 946 4184 curn
971 4117 1205 4202 omnibusque
1229 4117 1302 4182 suis
1326 4115 1566 4202 pertinentiiS‚
1591 4115 1637 4182 ad
1661 4133 1800 4200 semper
1824 4114 2002 4182 abendum
2026 4118 2061 4182 et
2085 4115 2333 4200 possidendum
2367 4135 2427 4183 vos

577 4291 683 4357 quam
707 4275 744 4337 et
766 4270 894 4337 restris
918 4267 1105 4356 6161111111,
1130 4275 1164 4336 61
1189 4267 1390 4336 laciendum
1414 4267 1544 4334 exinde
1567 4266 1688 4332 omnia
1712 4265 1804 4350 quod
1829 4265 2043 4353 volueritis,
2068 4267 2145 4335 sine
2172 4269 2428 4337 contradictio-

577 4441 659 4490 nem
684 4429 842 4490 nostram
867 4423 966 4490 etde
990 4423 1120 4489 nostris
1144 4423 1307 4486 eredibns
1332 4422 1453 4506 aliqua
1477 4418 1768 4504 requisitionem·
1784 4423 1820 4484 et
1839 4418 2023 4486 licentiam
2039 4426 2075 4486 et
2091 4425 2302 4505 potestatem
2319 4425 2423 4492 abea-

577 4581 623 4648 tis
647 4583 742 4648 omni
767 4585 924 4666 tempore
949 4597 1011 4646 vos
1033 4585 1068 4646 et
1091 4578 1216 4646 vestris
1239 4577 1402 4644 eredibus
1421 4579 1457 4643 et
1480 4574 1591 4641 omini
1616 4574 1724 4641 vestri
1750 4579 1785 4641 et
1808 4573 1918 4640 omini
1943 4625 1951 4659 ‚
1976 4575 2038 4660 qui
2062 4575 2108 4642 ad
2132 4576 2213 4661 ipsa
2246 4579 2348 4662 pecia
2382 4579 2427 4646 dc

577 4737 682 4802 rebus
705 4732 851 4818 vadunt,
879 4731 930 4799 ire
954 4737 989 4800 61
1013 4731 1128 4798 redire
1152 4749 1214 4815 per
1240 4728 1316 4814 ipsa
1341 4730 1401 4795 via
1425 4746 1493 4813 que
1518 4729 1616 4794 benit
1639 4728 1684 4794 da
1709 4728 1785 4814 ipsa
1809 4729 1969 4812 fontana,
1986 4735 2022 4795 et
2039 4727 2134 4796 vadit
2160 4748 2222 4816 per
2247 4731 2351 4797 rebus
2375 4731 2419 4798 de

576 4888 679 4955 oredo
704 4885 833 4969 mauri,
858 4885 951 4970 quod
973 4903 1037 4950 nos
1059 4901 1244 4950 comunem
1268 4884 1413 4948 abemus
1438 4899 1519 4947 cum
1542 4881 1664 4948 eredes
1689 4883 1821 4967 mauri,
1840 4883 1890 4950 ita
1906 4887 1942 4950 et
1959 4901 2018 4950 vos
2035 4883 2166 4950 exinde
2181 4883 2340 4952 debeatis
2364 4885 2418 4950 irc

575 5043 612 5106 et
635 5039 752 5106 redire
776 5056 857 5104 cum
881 5037 1005 5104 vestris
1030 5035 1246 5103 utilitatibus
1273 5053 1383 5119 usque
1408 5033 1447 5098 in
1473 5031 1531 5100 via
1555 5031 1697 5120 puplica
1721 5052 1789 5118 que
1816 5033 1913 5100 badit
1938 5036 1975 5101 in
1999 5033 2166 5121 abellino,
2192 5055 2273 5102 cum
2297 5038 2423 5105 vestris

577 5194 864 5281 congruitatibus
887 5211 949 5278 per
973 5194 1131 5258 nostram
1155 5188 1255 5256 etde
1279 5187 1408 5254 nostris
1432 5185 1596 5253 aradibus
1620 5184 1885 5252 defensionem:
1913 5182 2059 5270 proinde
2086 5185 2232 5252 lecimus
2257 5188 2356 5253 vobis
2381 5205 2420 5254 ec

576 5348 782 5436 supradicta
811 5347 968 5433 donatio,
993 5365 1056 5432 pro
1080 5364 1149 5430 quo
1173 5363 1232 5410 ros
1256 5342 1391 5410 debetis
1414 5340 1514 5406 nobis
1538 5341 1721 5426 pastinare
1757 5354 1829 5405 una
1864 5339 1966 5424 pecia
2000 5338 2043 5405 de
2077 5337 2282 5406 nucillitum
2304 5343 2340 5406 et
2364 5357 2424 5407 ca-

576 5501 774 5568 stanietum
798 5506 902 5567 trans
925 5498 1000 5583 ipso
1024 5497 1235 5581 aquadocia
1261 5496 1355 5561 sicut
1380 5495 1523 5559 brebem
1546 5494 1709 5556 nostrum
1727 5491 1895 5557 continet.
1914 5490 1960 5555 Et
1976 5507 2121 5574 proauo
2137 5496 2297 5561 nostram
2315 5493 2425 5562 dona-

577 5653 708 5718 tionem
733 5649 1015 5718 confirmandum
1045 5647 1160 5733 adque
1186 5644 1541 5712 constabiliscendum
1561 5693 1571 5730 ,
1595 5645 1763 5712 continuo
1787 5645 1988 5729 recepimus
2012 5645 2056 5713 ad
2085 5663 2145 5714 vos
2180 5647 2276 5717 iusta
2311 5649 2425 5734 legem

584 5805 761 5892 launegilt
785 5793 995 5872 mantellum
1022 5820 1132 5868 unum
1155 5821 1224 5887 que
1250 5801 1344 5868 inter
1361 5799 1462 5866 nobis
1477 5799 1655 5884 conbenit,
1674 5796 1775 5866 llnita
1791 5803 1844 5868 est
1863 5802 1939 5886 ipsa
1956 5805 2076 5870 nostra
2094 5802 2250 5872 donatio.
2269 5806 2313 5870 Et
2331 5803 2424 5874 unde
