5422 7102
485 549 489 556 ·
608 529 680 602 242
1248 529 1419 600 cobsx
1463 531 1729 607 CAVENSIS

563 753 856 822 Memoratorium
880 751 1012 821 lactum
1036 773 1059 821 a
1082 770 1138 820 me
1161 752 1253 820 miro
1276 754 1452 840 quondam
1479 756 1602 844 iudex,
1627 757 1724 844 filius
1748 760 1928 848 quondam
1951 760 2039 830 miri
2065 763 2207 832 diaconi
2231 765 2274 854 de
2303 767 2418 837 locum

559 902 733 991 nucerio,
756 921 798 973 eo
820 902 913 991 quod
935 905 1021 971 ante
1045 903 1237 992 subscripti
1261 908 1370 974 testes
1392 926 1456 994 per
1491 927 1583 979 vona
1618 913 1880 985 combenientia
1911 915 2063 984 tradidit
2091 936 2158 1006 ego
2190 920 2284 988 mari
2310 919 2408 991 fllius

560 1054 738 1142 quondam
762 1053 913 1125 martini
936 1072 1011 1124 una
1033 1053 1135 1142 pecia
1158 1056 1201 1126 de
1224 1061 1323 1127 terra
1347 1078 1426 1128 mea
1449 1060 1492 1128 de
1517 1058 1633 1130 locum
1654 1063 1863 1152 domenum,
1888 1065 1949 1152 qui
1968 1069 2021 1136 est
2037 1070 2136 1138 terra
2156 1069 2234 1157 ipsa
2257 1090 2339 1141 oum
2353 1092 2414 1144 ar-

562 1209 681 1278 bustis
705 1210 831 1279 vitatis
846 1213 882 1278 et
896 1209 1081 1297 pomiferis
1096 1229 1160 1298 per
1177 1212 1242 1280 hec
1257 1211 1352 1279 finis:
1370 1231 1393 1282 a
1408 1231 1492 1299 pars
1509 1213 1772 1301 septemtrionis
1787 1215 1858 1282 line
1874 1217 1933 1284 via
1948 1215 2103 1304 puplica:
2122 1238 2145 1286 a
2160 1237 2245 1305 pars
2260 1219 2409 1288 orientis

563 1364 634 1432 fine
657 1363 848 1451 grimoaldi
869 1386 876 1431 :
900 1384 923 1434 a
945 1383 1029 1451 pars
1053 1365 1201 1434 meridie
1224 1366 1295 1432 fine
1320 1363 1497 1452 lamberti,
1522 1369 1558 1434 et
1582 1365 1763 1434 exientem
1787 1365 1826 1431 in
1849 1366 1921 1434 fine
1943 1365 1986 1434 de
2009 1366 2154 1435 heredes
2179 1366 2336 1454 iaquinti
2362 1369 2410 1437 da

563 1519 723 1605 copercle
748 1521 887 1606 iterum,
904 1517 1143 1588 revolventem
1168 1519 1207 1586 in
1223 1537 1307 1607 pars
1331 1519 1525 1588 occidentis
1549 1539 1612 1607 per
1634 1521 1758 1590 eadem
1781 1521 1888 1590 finem
1912 1521 2025 1608 ipsius
2054 1523 2207 1609 iaquinti
2238 1525 2411 1610 usquead

562 1667 642 1757 ipsa
665 1671 727 1741 via
748 1671 868 1758 priore
892 1670 976 1760 flne;
1001 1674 1066 1740 hec
1090 1689 1175 1741 vero
1197 1671 1372 1761 clausum,
1398 1671 1552 1760 qualiter
1575 1674 1740 1760 superius
1762 1673 1845 1740 linis
1868 1673 1980 1762 posite
2005 1678 2088 1742 sunt
2113 1675 2191 1762 ipsa
2216 1676 2413 1765 procurrit,

561 1842 643 1892 cum
665 1825 787 1892 omnia
810 1822 906 1892 intro
920 1843 967 1893 se
989 1825 1180 1894 abentibus
1204 1828 1240 1892 et
1262 1844 1344 1892 cum
1367 1825 1443 1894 vioe
1466 1827 1509 1894 de
1532 1824 1592 1895 via
1609 1844 1686 1913 sua,
1704 1826 1871 1896 inclitum
1897 1828 1980 1896 illut
2002 1848 2067 1916 ego
2092 1829 2203 1916 ipsius
2225 1828 2319 1899 mari
2335 1835 2414 1900 tra·

562 1976 654 2045 didit
675 1976 778 2046 talim
801 1975 954 2062 ordine,
978 1980 1020 2046 ut
1042 1975 1165 2045 amodo
1189 1981 1224 2044 et
1248 1995 1358 2064 usque
1382 1982 1515 2084 septem
1539 1981 1628 2048 anni
1651 1980 1816 2068 completi
1841 2001 1863 2050 a
1887 1999 1951 2051 sua
1985 1985 2022 2050 et
2046 1953 2090 2051 de
2119 1981 2195 2050 suis
2217 1983 2409 2052 heredibus

563 2131 637 2200 sint
659 2133 870 2218 potestatem
894 2129 976 2199 illut
999 2149 1058 2199 eos
1081 2131 1273 2200 tenendum
1297 2135 1334 2198 et
1357 2130 1625 2220 dominandum,
1649 2137 1685 2201 et
1708 2134 1808 2202 sobee
1832 2137 1868 2202 et
1891 2135 2005 2202 omnis
2030 2153 2093 2204 sue
2116 2133 2290 2204 utilitatis
2307 2137 2404 2204 iusta
2482 2201 2487 2213 ,

506 2307 508 2311 ·
561 2283 700 2352 ratione
724 2282 854 2352 ibidem
878 2283 1027 2370 saciant,
1051 2286 1087 2350 et
1110 2283 1149 2349 in
1172 2283 1251 2371 ipsa
1274 2301 1356 2352 casa
1379 2302 1447 2371 que
1470 2289 1524 2354 est
1547 2283 1647 2354 intus
1670 2285 1749 2374 ipsa
1765 2290 1884 2373 rebus,
1903 2286 2036 2355 ibidem
2052 2288 2195 2355 mittere
2219 2287 2336 2356 omine
2361 2288 2407 2356 ad

561 2435 790 2505 residendum
814 2439 850 2504 et
872 2435 1148 2522 gubernandum
1172 2433 1253 2522 ipsa
1276 2435 1448 2506 iamdicta
1471 2441 1587 2526 rebus,
1604 2445 1640 2508 et
1656 2443 1718 2510 ubi
1734 2441 1920 2528 meruerit,
1935 2458 2078 2509 arvores
2094 2444 2130 2508 et
2145 2441 2236 2510 vites
2252 2441 2326 2509 illis
2343 2440 2411 2509 ibi-

563 2587 641 2656 dem
664 2589 885 2676 plantarent,
909 2590 1203 2676 propaginarent,
1229 2589 1408 2656 cultarent
1430 2589 1473 2657 de
1496 2609 1602 2678 super
1626 2597 1661 2661 et
1683 2592 1726 2661 de
1749 2594 1884 2680 subter,
1901 2593 1994 2662 sicut
2010 2592 2106 2660 locus
2121 2593 2196 2680 ipse
2220 2596 2412 2681 meruerit,

562 2745 740 2829 quatenus
762 2729 952 2830 proficiant
974 2747 1010 2811 et
1033 2760 1105 2811 non
1129 2743 1362 2829 dispereant,
1387 2746 1424 2810 et
1447 2747 1623 2829 quantum
1646 2745 1729 2813 vino
1752 2749 1787 2814 et
1810 2763 1915 2832 poma
1938 2746 2062 2814 amodo
2094 2765 2204 2832 usque
2230 2746 2304 2834 ipso
2327 2765 2408 2815 con·

559 2898 726 2964 stitutum
750 2897 833 2965 inde
855 2897 1004 2985 exierit,
1031 2897 1104 2965 illis
1127 2901 1163 2965 et
1187 2899 1261 2964 suis
1284 2897 1475 2966 heredibus
1498 2895 1627 2966 tollant
1650 2897 1781 2966 exinde
1804 2899 2042 2987 medietatem,
2066 2904 2103 2968 et
2126 2919 2190 2968 nos
2216 2905 2251 2970 et
2273 2901 2409 2971 nostris

560 3047 751 3116 heredibus
776 3047 941 3118 tollamus
964 3048 1047 3116 inde
1071 3049 1146 3117 alia
1170 3047 1375 3117 medietate.
1395 3049 1440 3114 Et
1455 3067 1519 3135 per
1542 3055 1698 3134 tempore
1721 3049 1764 3117 de
1787 3049 1966 3118 vindemie
1990 3051 2125 3122 iaciant
2147 3051 2219 3120 illis
2235 3053 2337 3120 nobis
2352 3055 2408 3122 vel

557 3201 689 3267 nostris
713 3201 916 3288 heredibus,
940 3206 981 3268 ut
1003 3219 1193 3288 pergamus
1217 3206 1281 3271 aut
1304 3201 1504 3289 dirigamus
1528 3200 1660 3269 ibidem
1683 3201 1832 3268 missum
1855 3206 2016 3270 nostrum
2040 3221 2103 3289 pro
2126 3205 2353 3293 vigilandum
2368 3213 2405 3275 et

557 3353 803 3440 recipiendum
827 3353 905 3440 ipsa
927 3356 1051 3422 nostra
1073 3353 1229 3421 sortione
1252 3354 1295 3422 de
1320 3353 1396 3440 ipso
1419 3354 1530 3442 vino,
1556 3358 1591 3422 et
1616 3353 1688 3421 illis
1711 3353 1765 3423 vel
1799 3352 1942 3420 illorum
1977 3353 2098 3422 eredes
2132 3357 2214 3423 abto
2246 3359 2406 3443 tempore

481 3523 486 3532 ·
555 3505 636 3572 illut
659 3505 878 3574 vindemiare
902 3507 948 3575 ad
969 3506 1190 3594 palmentum
1213 3512 1249 3575 et
1272 3525 1376 3593 poma
1399 3524 1463 3574 suo
1486 3511 1646 3596 tempore
1669 3503 1850 3594 colligere,
1874 3509 1909 3574 et
1933 3503 1984 3572 sic
2000 3504 2083 3572 illut
2097 3523 2160 3593 per
2176 3507 2402 3578 medietatem

555 3658 651 3725 inter
675 3674 739 3725 nos
762 3656 975 3746 dividamus
999 3658 1091 3727 sicut
1114 3659 1278 3745 superius
1301 3659 1475 3746 diximus,
1500 3658 1573 3726 illis
1595 3659 1822 3729 medietatem
1844 3665 1881 3729 et
1903 3677 1967 3726 nos
2000 3658 2237 3745 medietatem,
2263 3661 2298 3726 et
2327 3657 2405 3744 ipsa

553 3817 677 3882 nostra
700 3813 856 3882 sortione
879 3813 961 3881 illut
983 3830 1047 3880 nos
1070 3818 1265 3900 portemus,
1290 3813 1447 3908 qualiter
1470 3809 1571 3878 nobis
1595 3809 1798 3898 placuerit,
1826 3789 1975 3878 'missum
1998 3813 2158 3878 nostrum
2181 3807 2244 3894 qui
2270 3805 2402 3876 ibidem

554 3967 695 4035 steterit
719 3965 792 4034 illis
814 3965 916 4033 nobis
938 3966 1080 4035 nutrire
1104 3965 1299 4034 secundum
1323 3983 1425 4034 suam
1448 3964 1710 4052 possivilitate,
1733 3965 1769 4031 et
1791 3963 1899 4032 deant
1923 3961 2055 4030 exinde
2077 3959 2178 4028 nobis
2203 3960 2405 4048 palmento·

553 4117 624 4186 tico
647 4119 742 4189 iusta
764 4119 901 4189 ratione
920 4140 931 4206 ;
955 4119 999 4188 dc
1022 4119 1117 4206 quod
1140 4118 1271 4187 ibidem
1295 4115 1564 4204 seminaberint‚
1600 4115 1707 4186 deant
1730 4115 1812 4184 inde
1842 4115 1945 4183 nobis
1969 4115 2177 4186 terraticum
2208 4113 2401 4181 secundum

552 4272 809 4341 consuetudine
833 4271 902 4340 loci
926 4271 1038 4340 illius.
1065 4271 1120 4339 Ad
1142 4268 1308 4357 completi
1332 4287 1416 4337 vero
1440 4269 1510 4356 ipsi
1533 4271 1667 4356 septem
1692 4265 1781 4336 anni
1805 4265 1971 4336 inclitum
1996 4265 2077 4334 illut
2101 4266 2180 4352 ipsa
2209 4268 2317 4334 rebus
2338 4285 2401 4354 per

554 4424 759 4512 supradicte
783 4423 866 4492 finis
889 4428 1088 4512 operatum,
1113 4429 1149 4493 et
1171 4424 1360 4510 cultetum,
1384 4425 1420 4490 et
1443 4419 1595 4508 elusum,
1620 4423 1656 4488 et
1674 4419 1752 4505 ipsa
1768 4436 1853 4487 casa
1870 4417 1969 4490 clusa
1984 4422 2020 4486 et
2035 4421 2199 4504 cooperta
2217 4417 2400 4506 remittere

553 4576 600 4645 ad
624 4580 748 4646 nostra
771 4576 873 4645 etde
896 4577 1025 4644 nostris
1046 4547 1238 4644 heredibus
1260 4577 1481 4661 potestatem.
1501 4573 1545 4639 Et
1567 4573 1598 4640 si
1622 4570 1694 4640 illis
1718 4571 1843 4640 diebus
1870 4589 1981 4640 causa
2003 4589 2068 4640 sua
2092 4565 2236 4640 mobilia
2266 4570 2398 4641 ibidem

554 4730 735 4818 abuerint,
762 4728 876 4798 licead
900 4727 974 4796 illis
998 4727 1082 4796 inde
1105 4733 1269 4796 excotere
1285 4731 1322 4796 et
1339 4729 1481 4814 portare
1505 4727 1566 4792 ubi
1592 4723 1783 4812 voluerint,
1800 4744 1911 4812 esque
1933 4725 2049 4792 omnis
2064 4730 2186 4796 nostra
2201 4725 2397 4796 contrarie·

552 4887 640 4953 tate.
666 4885 765 4954 Unde
789 4886 828 4952 in
852 4883 974 4952 eodem
996 4882 1121 4950 ordine
1142 4900 1206 4968 per
1229 4900 1322 4949 vona
1345 4877 1608 4947 combenientia
1629 4876 1764 4966 guadia
1786 4875 1895 4944 michi
1921 4875 1995 4963 ipse
2030 4879 2124 4946 mari
2147 4875 2244 4946 dedit
2270 4880 2305 4946 et
2327 4895 2401 4946 me·

552 5035 725 5106 diatorem
749 5038 838 5105 mihi
863 5037 980 5123 posuit
1004 5033 1192 5104 radoaldus
1216 5031 1310 5099 filius
1333 5029 1513 5118 quondam
1536 5029 1645 5098 ciceri
1669 5031 1713 5098 de
1736 5029 1853 5118 ipsum
1877 5029 1993 5097 locum
2022 5029 2243 5116 fioccanum3
2273 5032 2310 5098 et
2332 5049 2395 5117 per

552 5188 633 5276 ipsa
656 5187 791 5277 guadia
813 5187 985 5276 obligavit
1008 5206 1046 5255 se
1068 5189 1104 5254 et
1127 5186 1201 5253 suis
1224 5183 1428 5270 heredibus,
1452 5186 1494 5250 ut
1515 5181 1547 5249 si
1571 5179 1693 5250 taliter
1726 5185 1790 5250 etc.
1816 5183 1967 5251 Statutc
1994 5185 2128 5252 mrdcto
2160 5183 2278 5252 decem
2310 5183 2396 5251 curt

553 5343 749 5412 solidorum
774 5341 1014 5412 Constantini.
1040 5342 1076 5409 et
1099 5358 1170 5408 unc
1193 5338 1337 5406 brebem
1360 5333 1489 5421 scripsi
1512 5350 1579 5422 ego
1601 5331 1773 5402 iohannes
1794 5333 1960 5404 notarius
1982 5337 2045 5424 qui
2069 5336 2235 5406 interluit

594 5462 626 5581 †
650 5493 726 5579 Ego
747 5495 870 5580 petrus
892 5491 1043 5585 clericus
1066 5494 1101 5559 et
1123 5488 1288 5558 notarius
1309 5501 1366 5554 me
1389 5483 1584 5570 subscripsi

595 5615 626 5732 †
650 5646 726 5733 Ego
748 5642 902 5714 deuteri.

1288 5825 1658 5842 m
