5466 7106
1040 526 1451 604 DlPLOMATIOUS
2057 527 2123 604 123

318 759 396 847 ipse
420 753 493 826 alie
516 753 633 824 tribus
656 755 824 823 sortionis
847 753 894 824 da
917 752 996 842 ipsa
1019 753 1203 822 mensuris
1224 751 1264 820 in
1286 771 1391 840 super
1415 751 1554 823 remisit
1577 755 1616 822 in
1639 771 1826 824 commune
1859 754 1905 824 ad
1939 753 2169 854 dibidendum

319 909 405 981 illut
426 909 466 977 in
489 907 559 976 due
581 910 689 978 sortis
712 909 808 978 iusta
830 907 986 995 ratione,
1009 924 1084 974 una
1107 905 1147 973 in
1169 903 1319 974 meridie
1342 908 1379 1009 et
1401 905 1477 987 alia
1500 904 1539 974 in
1563 905 1830 996 septemtrione,
1850 911 1890 978 ¹et
1905 909 2170 982 reserbabimus

319 1065 459 1134 duobus
482 1062 540 1131 bie
562 1078 749 1130 commune
771 1058 867 1128 omni
890 1065 1048 1146 tempore
1069 1056 1166 1128 inter
1188 1074 1253 1124 nos
1276 1061 1312 1126 et
1335 1058 1469 1126 nostris
1492 1058 1657 1132 eredibns
1691 1059 1736 1130 da
1769 1080 1869 1131 mare
1897 1066 2071 1151 pergente
2105 1063 2167 1134 bie

318 1219 395 1308 ipse
417 1235 481 1306 per
504 1218 584 1304 ipsa
609 1218 741 1304 quarta
763 1218 800 1284 et
822 1233 885 1302 per
911 1213 987 1302 ipse
1010 1212 1128 1282 tribus
1150 1211 1319 1280 sortionis
1341 1229 1452 1299 usque
1475 1211 1515 1280 in
1538 1213 1612 1301 bia,
1631 1213 1766 1300 quiesi
1788 1235 1812 1284 a
1832 1233 1918 1303 pars
1942 1218 2170 1304 septemtrio·

315 1370 398 1458 nis-3
424 1370 476 1440 sic
497 1373 644 1457 nmen,
682 1371 721 1436 nt
754 1383 829 1434 una
852 1365 895 1435 de
918 1365 992 1453 ipse
1022 1363 1081 1433 bie
1104 1364 1202 1436 siant
1226 1365 1290 1438 illa
1312 1367 1375 1456 qui
1397 1367 1498 1435 modo
1520 1371 1574 1436 est
1598 1369 1797 1458 propinquo
1832 1369 1908 1458 ipso
1941 1373 2104 1442 tusciano
2127 1377 2164 1441 et

318 1527 380 1612 ipa
401 1521 503 1596 haiia
525 1522 586 1593 bia
608 1523 805 1592 habeamus
827 1519 874 1590 da
896 1535 981 1606 pars
1003 1517 1155 1588 orientis
1179 1519 1241 1589 ubi
1280 1573 1622 1592 ..........
1658 1525 1790 1594 dicitur
1812 1525 1988 1596 deriotnm
2011 1527 2162 1600 saliente

318 1677 367 1748 da
388 1695 488 1747 mare
510 1693 622 1764 usque
645 1675 685 1743 in
708 1676 768 1745 bia
790 1675 837 1744 da
859 1673 1147 1761 septemtrionis,
1171 1678 1213 1742 ut
1235 1693 1299 1763 per
1323 1675 1399 1763 ipse
1422 1677 1479 1745 bie
1504 1694 1567 1744 nos
1590 1681 1626 1745 et
1648 1677 1781 1746 nostris
1804 1679 1970 1749 eredibus
1993 1699 2057 1768 per
2081 1701 2167 1770 par-

315 1835 370 1898 tes
391 1849 472 1898 cum
495 1833 616 1898 nostre
632 1827 870 1916 congruitatis
886 1825 1132 1914 ingrediamus
1154 1829 1191 1895 et
1212 1825 1471 1914 regrediamus.
1489 1829 1583 1898 unde
1600 1829 1640 1898 in
1656 1847 1697 1900 eo
1710 1831 1864 1916 hordine
1886 1835 2057 1922 perbona
2073 1853 2171 1904 com-

319 1986 502 2057 benientia
525 1986 660 2075 guadia
681 1984 785 2054 nobis
809 1983 878 2072 ipsi
903 1983 1102 2071 iaquintus,
1119 1982 1292 2062 otiando,
1309 1983 1481 2073 etdisiio,
1504 1988 1541 2054 et
1563 1985 1633 2074 ipsi
1655 1985 1722 2057 filii
1746 1988 1905 2080 poteirit,
1929 1994 1965 2060 et
1980 1994 2118 2080 petrus,
2138 1997 2175 2064 et

317 2139 472 2226 danseri,
497 2143 619 2208 tamen
643 2140 719 2228 ipse
741 2137 883 2208 danseri
906 2155 971 2226 pro
993 2137 1072 2206 bice
1095 2155 1161 2206 sua
1183 2141 1219 2206 et
1241 2135 1285 2204 de
1308 2137 1384 2224 ipso
1404 2153 1577 2225 germano
1599 2155 1663 2206 sno
1677 2137 1863 2228 dederunt,
1881 2145 1918 2210 et
1934 2142 2170 2216 mediatorem

317 2291 420 2361 nobis
442 2295 639 2381 posuerunt
661 2290 805 2361 alfanus
827 2309 943 2360 comes
966 2289 1063 2359 filius
1085 2288 1264 2377 quondam
1286 2287 1432 2358 atenolfi
1455 2287 1576 2357 comiti
1595 2307 1606 2376 3
1630 2293 1667 2358 et
1689 2307 1752 2378 per
1776 2293 1854 2380 ipsa
1877 2295 2013 2381 guadia
2028 2297 2170 2390 obliga-

317 2446 449 2514 berunt
471 2465 508 2515 se
532 2449 568 2516 et
590 2445 665 2516 suis
688 2443 867 2531 eredibns
892 2447 931 2512 ut
953 2443 1160 2530 supradicte
1182 2447 1319 2532 sortes,
1343 2443 1436 2530 quod
1459 2443 1533 2512 illis
1555 2443 1721 2532 superius
1745 2457 2088 2542 compreenserunt,
2112 2473 2169 2526 re-

316 2603 458 2671 mobere
480 2605 545 2672 aut
567 2601 787 2688 disrumpere
810 2598 995 2687 quesierit,
1018 2617 1082 2685 per
1104 2597 1183 2685 ipsa
1204 2595 1340 2685 guadia
1362 2616 1426 2686 per
1449 2600 1544 2668 bona
1565 2581 1831 2670 combenientia
1845 2620 2055 2690 componere
2074 2609 2167 2677 obli·
2200 2692 2206 2714 Ι

315 2755 495 2842 gaberunt
518 2773 556 2823 se
579 2757 616 2823 et
639 2751 715 2822 suis
737 2751 901 2821 eredibns
923 2753 1027 2821 nobis
1049 2752 1252 2838 nostrisque
1274 2750 1440 2860 eredibns
1465 2749 1637 2822 tricentos
1663 2757 1747 2825 auri
1772 2755 1902 2825 solidos
1925 2760 2172 2832 constantines

321 2910 357 2975 et
379 2905 587 2994 supradicta
610 2910 703 2975 sorte
726 2905 824 2973 omni
848 2861 1007 2993 tempore
1030 2903 1261 2992 permanead,
1285 2902 1380 2973 sicut
1402 2903 1568 2992 superius
1592 2904 1741 2995 legitur,
1765 2909 1858 2994 quod
1881 2911 2008 3002 scripsi
2031 2931 2098 3000 ego
2120 2917 2172 2988 ia-

325 3058 473 3144 qnintus
495 3057 659 3128 notarius
681 3057 744 3145 qni
768 3055 930 3126 interfui.

363 3183 395 3298 †
420 3211 496 3299 Ego
519 3209 581 3297 qui
605 3229 714 3297 supra
736 3207 1021 3298 regemprandus
1044 3209 1170 3279 iudex.
1273 3225 1277 3232 ·

1034 3429 1441 3442 fl———u—

1030 3691 1442 3775 DCCLXXXV.

1088 3924 1142 4000 A.
1170 3921 1220 3998 D.
1250 3917 1377 4002 1026.

451 4154 702 4222 Sammarturn
717 4173 728 4216 .·

357 4251 396 4391 †
418 4302 610 4372 'tricesimo
625 4304 750 4373 octavo
765 4318 862 4371 anno
877 4300 1104 4390 principatus
1119 4299 1332 4388 (mainerii,
1349 4305 1386 4370 ot
1400 4315 1493 4368 nono
1509 4316 1605 4370 anno
1627 4299 1830 4371 Guaimarii
1854 4299 1932 4371 eius
1948 4299 2030 4390 filii,
2047 4320 2169 4372 mense

314 4457 471 4547 Octobri,
494 4455 634 4529 decima
655 4454 853 4526 Indictione

362 4634 382 4676 a
407 4611 602 4682 conventio
616 4610 713 4680 inter
727 4609 933 4699 Iaquintum
948 4612 984 4680 ct
997 4610 1145 4680 Petrum
1160 4607 1253 4678 filios
1266 4607 1447 4698 quondam
1460 4609 1560 4679 Petri
1576 4627 1625 4679 ex
1640 4625 1715 4680 una
1729 4612 1846 4697 parte,
1858 4614 1896 4679 ct
1908 4609 2074 4708 abbatem
2089 4626 2165 4676 mo·

316 4791 334 4832 «
359 4765 512 4836 nasterii
537 4765 688 4836 Sanctae
710 4763 859 4852 Sophiae
873 4763 917 4833 de
940 4762 1087 4834 Salerno
1102 4781 1149 4833 ex
1163 4761 1251 4852 adia,
1267 4779 1332 4851 pro
1345 4763 1447 4833 terra
1462 4761 1503 4831 in
1519 4761 1594 4831 loeo
1616 4763 1897 4853 Marano,quam
1921 4782 1945 4833 a
1967 4762 2063 4832 dicto
2087 4781 2163 4832 mo·

285 4934 286 4938 ¹
315 4941 334 4982 «
359 4916 518 4988 nasterio
539 4919 686 4988 tenebat
707 4913 908 5007 Bysantius,
931 4919 973 4988 nt
994 4935 1122 5006 nempe
1144 4915 1233 4987 dicti
1256 4915 1387 4988 fratres
1409 4933 1491 4988 eam
1513 4919 1650 4986 terram
1673 4913 1837 4987 laborent
1866 4921 1903 4987 et
1925 4915 2152 4987 medictatem

312 5093 331 5134 «
359 5069 504 5160 frugum
526 5069 612 5142 dent
635 5068 791 5160 singulis
813 5069 922 5140 annis
944 5069 1149 5159 supradicto
1171 5068 1333 5140 Raidolio
1356 5073 1394 5139 et
1416 5065 1648 5141 Monasterio.
1677 5085 1701 5134 ›.

364 5224 472 5293 Finis
496 5229 617 5293 temtus
639 5229 673 5294 ct
696 5225 969 5312 coemptiones
992 5225 1137 5293 testium
1156 5243 1175 5287 »

360 5377 406 5447 Et
426 5379 524 5448 huno
546 5379 689 5447 brebem
713 5375 839 5464 scripsi
862 5394 929 5464 ego
951 5375 1110 5446 ademari
1136 5373 1301 5446 notarius
1323 5394 1392 5463 que
1415 5393 1522 5464 super
1546 5379 1582 5444 ot
1605 5373 1769 5444 interfui.

357 5503 389 5620 †
412 5531 488 5618 Ego
510 5529 714 5600 romoaldus
736 5547 794 5599 me
816 5527 1009 5617 subscripsi

356 5652 387 5772 †
411 5683 488 5772 Ego
510 5682 670 5754 ademari
693 5699 751 5752 me
774 5683 981 5770 subscripsi.

1006 5836 1456 5848 w
