5370 7104
652 551 695 623 12
1269 558 1379 628 asor
1408 562 1462 630 na
1491 564 1770 642 rsirronrnos

649 774 806 868 aggiunti
833 775 845 844 l
873 798 891 846 c
918 775 990 861 llll;
1019 775 1137 846 sioche
1163 777 1220 848 nel
1239 787 1357 851 nostro
1383 781 1506 856 Codice
1532 785 1560 856 si
1587 797 1730 864 trovano
1757 817 1871 868 essere
1897 820 1966 869 non
1995 801 2051 886 70,
2082 822 2179 872 come
2209 800 2384 872 nell'Edir..
2414 803 2445 874 di

650 935 739 1018 Col,
770 959 823 1006 ma
851 934 923 1005 nti
952 934 1089 1030 capitoli
1118 934 1173 1005 del
1201 935 1288 1009 libro
1315 913 1348 1006 di
1377 937 1412 1009 S.
1443 942 1535 1015 Beda
1560 946 1601 1016 dc
1626 954 1756 1024 rationo
1786 955 1994 1050 Tornpornnc.

535 1079 560 1111 δ

603 1195 655 1204 ..-
781 1195 791 1200 -
820 1192 1028 1202 -v-—-——-

520 1395 526 1416 ·
607 1386 725 1432 uncem
750 1367 930 1448 appellent.
955 1368 990 1428 Si
1015 1369 1049 1427 in
1072 1386 1130 1428 sex
1145 1369 1293 1448 partiriS,
1311 1377 1405 1431 sexta
1420 1387 1509 1450 pare,
1546 1373 1702 1438 Sextulae
1719 1380 1814 1454 duae,
1833 1394 1885 1446 est
1900 1395 1971 1450 octo
1989 1392 2161 1473 scrupulo-

608 1534 750 1596 sextans,
777 1526 923 1604 quinque
947 1524 1101 1603 relique,
1133 1526 1290 1597 dextans,
1316 1526 1408 1588 velut
1431 1526 1510 1600 alii,
1731 1536 1833 1610 [rum‚
1859 1547 1893 1602 et
1916 1543 2076 1606 formatur
2100 1546 2156 1606 ita.
2181 1547 2292 1626 (Seque
2308 1548 2448 1627 ilscpno)

608 1669 738 1728 dixtans
761 1669 959 1728 vocitantur.
986 1666 1019 1726 Si
1045 1665 1079 1724 in
1102 1673 1267 1743 quattuor,
1292 1673 1408 1743 quarta
1423 1684 1512 1744 pars,
1547 1677 1722 1755 sicilicus,
1748 1693 1798 1746 est
1821 1707 1879 1751 sex
1903 1693 2158 1772 scrupulorum,

611 1825 804 1906 quadrantis
827 1828 973 1896 nomine,
992 1825 1127 1884 residue
1151 1830 1220 1884 tres
1237 1824 1405 1882 dodrantis
1429 1825 1514 1884 acci·
1875 1847 1920 1922 [ee
1942 1847 1991 1908 550
2015 1853 2157 1910 notatur·
2311 1874 2325 1906 „

607 1984 714 2062 piunt,
734 1988 767 2042 et
790 1983 890 2041 huius
908 1981 1106 2061 disciplinae
1124 1981 1238 2058 regule
1257 1981 1408 2053 solvitur,
1427 1981 1512 2058 quod
1548 1992 1694 2064 sextula,
1719 1999 1788 2058 sive
1812 1999 2158 2080 gegcla‚eseq,1atuop

606 2133 784 2214 plerosque
820 2133 931 2192 turbat
954 2133 1127 2212 inperitos.
1160 2132 1242 2204 Quia
1263 2132 1452 2211 philippuS,
1479 2133 1511 2190 in
1582 2151 1838 2231 [scrupulosum
1865 2162 1897 2215 et
1919 2156 1967 2216 sic
1991 2158 2163 2217 formam
2304 2153 2330 2215 ⁴„

607 2284 816 2364 expositione
839 2284 927 2343 beati
953 2285 1018 2356 iob,
1044 2291 1135 2344 estus
1159 2287 1260 2344 maris
1287 2286 1435 2357 occeani,
1461 2304 1514 2347 co·
1548 2311 1726 2372 Dimidium
1750 2314 1923 2386 sextulae,
1949 2321 2000 2375 est
2023 2315 2161 2376 duorum

607 2443 688 2503 tidie
713 2443 764 2502 bis
781 2443 895 2502 venire
914 2441 1108 2502 describens
1126 2443 1394 2503 adiuncxithunc
1412 2444 1510 2502 unius
1569 2463 1823 2542 [scrupulorum
1846 2472 1880 2525 ep
1896 2469 1944 2527 sic
1960 2468 2162 2548 depingitur,
2316 2491 2331 2526 ‚,

606 2599 864 2678 aequinoctialis
888 2599 982 2669 hore,
997 2598 1155 2658 dodrante
1173 2600 1366 2659 transmisso
1383 2599 1508 2658 tardius
1548 2614 1742 2694 gemmulus,
1767 2617 1837 2677 sive
1851 2617 2036 2697 scripulus,
2062 2617 2163 2678 hahet

605 2753 679 2811 sine
704 2752 967 2823 intermissione,
993 2752 1062 2811 sive
1086 2751 1138 2810 die
1163 2752 1292 2820 venire,
1311 2752 1380 2812 sive
1399 2759 1508 2812 nocte.
1623 2770 1693 2844 [sex
1717 2767 1868 2844 siliquas,
1894 2775 1927 2827 ee
1950 2769 1995 2828 ηδ
2018 2774 2159 2838 efflatur,
2312 2790 2326 2822 ‚,
2411 2797 2414 2804 .

607 2901 708 2962 Porro
732 2900 759 2959 si
788 2919 848 2978 per
877 2901 942 2960 tria
969 2901 1046 2978 quid
1076 2901 1223 2961 dividere
1255 2903 1348 2980 cupis
1379 2905 1509 2963 tertiam
1548 2916 1717 2986 Sinuque,
1736 2917 1902 2978 insjcqja
1924 2917 2161 2997 psimoinven.

605 3059 743 3130 partem,
769 3053 869 3123 trien,
894 3052 987 3122 duas,
1013 3049 1176 3120 residuae,
1193 3049 1326 3110 bessem
1343 3017 1514 3128 nuncupa-¹
1604 3065 1681 3147 [tus.
1700 3066 1839 3143 Siliqua,
1859 3083 1963 3140 genus
1980 3072 2030 3125 ese
2048 3065 2160 3125 safris,

606 3205 669 3264 bis·
694 3205 729 3266 Si
753 3225 813 3284 rer
835 3205 910 3277 duo,
930 3205 1104 3266 dimidium
1120 3204 1222 3264 semis
1240 3202 1436 3282 appellatur.
1457 3203 1511 3263 Sic
1587 3225 1675 3284 irase
1699 3222 1858 3302 (inquam)
1880 3221 2062 3301 ponderum
2086 3217 2276 3288 voeabula,
2298 3215 2446 3304 verena-

606 3365 641 3416 θῑ
658 3367 780 3419 celera·
799 3359 889 3430 Quae
906 3359 1007 3420 VesbO
1025 3357 1144 3418 mellus
1161 3358 1394 3435 ⁰⁰l¹⁰lll¹e¹¹¹l⁵r
1412 3376 1508 3434 (luam
1550 3383 1706 3445 ractereS,
1734 3393 1797 3434 non
1821 3371 1914 3432 modo
1931 3371 1970 3430 ad
1984 3369 2158 3450 pecuniam
2176 3364 2443 3429 mensurandum,

608 3517 790 3577 scribentis
813 3519 903 3589 stilo,
929 3517 1012 3578 disci
1036 3519 1162 3598 pariter
1185 3524 1218 3578 et
1241 3518 1353 3578 doceri
1371 3525 1510 3596 queunt.
1552 3547 1665 3588 verum
1688 3525 1886 3602 aequaevis
1911 3539 2058 3600 corma,
2084 3521 2153 3578 sive
2178 3524 2328 3595 tempora
2344 3515 2449 3575 deme.

608 3667 692 3727 ltem
716 3667 756 3746 de
781 3670 993 3750 corporibus,
1019 3673 1088 3732 sive
1120 3671 1323 3744 miliarium,
1352 3673 1421 3732 sive
1449 3677 1514 3731 sta·
1553 3678 1663 3738 tienda
1685 3674 1896 3738 conveniunt.
1920 3671 2013 3733 Unde
2038 3675 2071 3729 et
2094 3668 2176 3727 ratio
2199 3665 2252 3726 vel
2277 3683 2348 3726 mos
2370 3663 2448 3725 obti-

609 3825 712 3897 dium,
737 3829 805 3887 sive
830 3827 994 3903 iugerum,
1017 3829 1087 3888 sive
1111 3829 1283 3907 perticam,
1308 3830 1377 3888 sive
1404 3828 1504 3888 etiem
1553 3837 1640 3903 nuit,
1665 3831 1758 3892 utin
1781 3829 1932 3891 cantione
1957 3830 2203 3904 computorum,
2227 3821 2327 3900 pueri
2351 3835 2446 3878 unum

610 3985 771 4057 cubitum,
795 3987 955 4066 pedemve
979 3995 1035 4048 aut
1056 3987 1199 4067 palmum
1223 3989 1341 4067 partiri
1358 4005 1438 4067 opus
1457 3987 1514 4046 ha·
1552 3991 1583 4044 at
1605 3982 1679 4054 duo,
1698 3980 1830 4060 saepius
1848 3995 1921 4037 asse
1945 3981 1979 4034 et
1994 3969 2149 4052 dipondio
2169 3973 2350 4030 mutentur:
2374 3969 2448 4025 item

610 4132 682 4204 bes,
707 4135 887 4213 praephata
910 4135 1038 4196 ratione
1063 4137 1176 4198 facies.
1201 4139 1352 4217 Denique
1374 4145 1408 4200 et
1423 4140 1458 4199 in
1474 4142 1515 4200 E»
1553 4146 1679 4214 tressis,
1703 4137 1901 4218 quartussis,
1919 4131 2116 4214 quintussiS,
2132 4129 2309 4201 sextussis,
2327 4131 2449 4207 septus·

609 4278 691 4337 xodo
705 4275 1008 4351 dim'idiumcubiti,
1022 4281 1122 4340 semis
1139 4281 1334 4362 appellatur,
1356 4290 1512 4344 narrante
1552 4298 1619 4367 eje,
1651 4301 1685 4354 et
1707 4300 1840 4354 caetera
1861 4287 2097 4369 hujusmondi,
2123 4286 2217 4364 quasi
2240 4291 2312 4344 tres
2335 4297 2446 4350 asseS,

608 4432 716 4511 Moyse
740 4431 825 4510 quod
847 4432 1003 4493 habuerit
1025 4451 1122 4507 arca,
1147 4434 1227 4494 duos
1262 4437 1362 4494 semis
1391 4435 1513 4498 cubitis
1551 4459 1690 4531 quatuor
1712 4468 1804 4510 esses
1826 4450 2013 4528 profertur:
2039 4453 2072 4508 et
2095 4448 2128 4507 iu
2151 4444 2297 4506 eundem
2321 4439 2444 4504 modum

611 4587 848 4664 longitudinis,
874 4593 907 4648 et
930 4589 1079 4649 cubitum
1103 4607 1139 4650 ac
1162 4591 1338 4652 semissem
1365 4591 1516 4654 altitudi-
1551 4603 1726 4679 sequentia
1742 4619 1954 4662 numerorum
1971 4617 2068 4678 quam
2084 4598 2243 4678 plurima.
2263 4598 2338 4658 Sive
2353 4595 2448 4672 igitur

612 4741 676 4799 nis.
701 4741 742 4800 Et
765 4743 800 4799 in
817 4742 1001 4819 evangelio,
1018 4751 1134 4821 quarta
1147 4763 1222 4824 pars
1239 4747 1339 4804 totius
1357 4749 1513 4807 mundani
1552 4763 1665 4822 herem
1688 4779 1797 4832 unam,
1822 4760 1892 4821 sive
1910 4760 1996 4821 diem
2014 4760 2189 4835 integrum,
2205 4759 2275 4818 sive
2293 4773 2445 4820 mensem,

611 4903 772 4980 corporis,
792 4901 989 4975 idestterra,
1006 4906 1155 4982 mystice,
1174 4905 1366 4983 quadrantis
1380 4909 1513 4969 nomine
1551 4913 1620 4974 sive
1644 4932 1778 4984 annum,
1799 4931 1859 4972 seu
1883 4917 1974 4974 certe
1998 4910 2089 4970 aliud
2112 4909 2243 4988 aliquod
2268 4910 2372 4987 majus
2395 4904 2448 4965 mi·

612 5068 779 5129 censetur,
805 5080 879 5121 cum
903 5061 1062 5122 mittendo
1080 5063 1114 5122 in
1130 5081 1267 5142 paenam
1283 5067 1447 5144 peccatori
1467 5065 1514 5124 di·
1554 5087 1653 5128 nusve
1677 5071 1835 5147 temporis
1852 5068 1997 5147 spatium
2016 5065 2049 5123 in
2066 5063 2240 5127 duodecim
2258 5063 2374 5145 partiri
2390 5061 2445 5122 vis.

610 5211 710 5280 citur,
737 5227 800 5268 non
824 5208 914 5269 exies
932 5208 1021 5282 inde,
1039 5210 1143 5272 donec
1159 5213 1275 5274 reddas
1294 5217 1509 5278 novissimum
1554 5222 1623 5298 ipsa
1646 5217 1840 5279 duodecima
1863 5235 1937 5296 pars
1962 5219 2061 5279 uncia
2085 5225 2157 5278 est:
2183 5219 2332 5296 reliquas
2354 5214 2448 5277 unde·

610 5357 840 5436 quadrantem,
865 5358 962 5430 idest,
988 5359 1092 5422 donec
1115 5361 1186 5422 luas
1210 5368 1343 5422 terrena
1365 5373 1511 5442 peccata,
1552 5375 1628 5447 eim,
1654 5375 1814 5435 deuncem
1839 5370 2018 5452 appellant.
2047 5372 2081 5432 Si
2107 5372 2139 5430 in
2163 5389 2222 5431 sex
2244 5373 2369 5450 partire
2392 5369 2447 5438 ris,

610 5507 646 5562 ut
667 5501 883 5564 beatissimus
898 5507 1093 5582 augustinus
1111 5511 1254 5589 exponit.
1271 5512 1338 5572 Hoc
1356 5514 1445 5574 enim
1464 5517 1515 5574 in·
1551 5534 1643 5588 sexta
1665 5545 1740 5606 pers
1763 5531 1917 5586 sextans:
1943 5526 2089 5604 quinque
2114 5524 2277 5603 reliquae.
2307 5524 2446 5590 dextans,

608 5658 689 5735 quid
712 5667 745 5720 et
767 5669 923 5741 peccator
944 5665 1079 5738 audivit,
1105 5674 1195 5726 terra
1219 5687 1266 5740 οε,
1286 5675 1318 5730 et
1337 5671 1510 5736 interram
1552 5682 1603 5745 vel
1625 5685 1672 5762 (ut
1689 5680 1755 5760 alii)
1778 5679 1879 5740 distas
1892 5686 2062 5744 vocantur.
2088 5679 2122 5740 Si
2140 5680 2173 5738 in
2189 5685 2344 5756 quatuor,
2358 5691 2447 5753 quar-

610 5811 686 5872 ibis.
712 5815 834 5887 Quarta
857 5817 1020 5896 siquidem
1044 5837 1118 5899 pars
1149 5821 1380 5887 distinctorum
1412 5851 1514 5892 mem·
1553 5843 1583 5895 ta
1597 5853 1685 5916 pars,
1704 5832 1895 5912 quadrantis
1913 5832 2181 5894 nomenobtinet:
2201 5833 2355 5892 residuae
2374 5836 2446 5896 tres,
