<?xml version="1.0" encoding="UTF-8"?>
<!DOCTYPE html PUBLIC "-//W3C//DTD XHTML 1.0 Transitional//EN"
    "http://www.w3.org/TR/xhtml1/DTD/xhtml1-transitional.dtd">
<html xmlns="http://www.w3.org/1999/xhtml" xml:lang="en" lang="en">
 <head>
  <title>
</title>
<meta http-equiv="Content-Type" content="text/html;charset=utf-8" />
  <meta name='ocr-system' content='tesseract 3.04.00' />
  <meta name='ocr-capabilities' content='ocr_page ocr_carea ocr_par ocr_line ocrx_word'/>
</head>
<body>
  <div class='ocr_page' id='page_1' title='image "./codexdiplomatic03aragoog_0155.png"; bbox 0 0 5466 7106; ppageno 0'>
   <div class='ocr_carea' id='block_1_1' title="bbox 1012 553 1452 635">
    <p class='ocr_par' dir='ltr' id='par_1_1' title="bbox 1012 553 1452 635">
     <span class='ocr_line' id='line_1_1' title="bbox 1012 553 1452 635; baseline 0.018 -8"><span class='ocrx_word' id='word_1_1' title='bbox 1012 553 1407 635; x_wconf 76' lang='lat' dir='ltr'>DIPLOMATICUS</span> <span class='ocrx_word' id='word_1_2' title='bbox 1449 627 1452 634; x_wconf 88' lang='lat'><em>.</em></span> 
     </span>
    </p>
   </div>
   <div class='ocr_carea' id='block_1_2' title="bbox 1029 997 1385 1082">
    <p class='ocr_par' dir='ltr' id='par_1_2' title="bbox 1029 997 1385 1082">
     <span class='ocr_line' id='line_1_2' title="bbox 1029 997 1385 1082; baseline 0 -2"><span class='ocrx_word' id='word_1_3' title='bbox 1029 997 1385 1082; x_wconf 84' lang='lat' dir='ltr'>DCGLXXV.</span> 
     </span>
    </p>
   </div>
   <div class='ocr_carea' id='block_1_3' title="bbox 1070 1261 1358 1344">
    <p class='ocr_par' dir='ltr' id='par_1_3' title="bbox 1070 1261 1358 1344">
     <span class='ocr_line' id='line_1_3' title="bbox 1070 1261 1358 1344; baseline -0.014 -3"><span class='ocrx_word' id='word_1_4' title='bbox 1070 1263 1123 1341; x_wconf 85' lang='lat' dir='ltr'><strong>A.</strong></span> <span class='ocrx_word' id='word_1_5' title='bbox 1151 1261 1201 1340; x_wconf 92' lang='lat' dir='ltr'><strong>D.</strong></span> <span class='ocrx_word' id='word_1_6' title='bbox 1230 1261 1358 1344; x_wconf 82' lang='lat'><strong>1025.</strong></span> 
     </span>
    </p>
   </div>
   <div class='ocr_carea' id='block_1_4' title="bbox 341 1485 2147 1632">
    <p class='ocr_par' dir='ltr' id='par_1_4' title="bbox 341 1485 2147 1632">
     <span class='ocr_line' id='line_1_4' title="bbox 341 1485 2147 1632; baseline 0.004 -28"><span class='ocrx_word' id='word_1_7' title='bbox 341 1485 443 1626; x_wconf 83' lang='lat' dir='ltr'><strong>†in</strong></span> <span class='ocrx_word' id='word_1_8' title='bbox 466 1537 611 1608; x_wconf 91' lang='lat' dir='ltr'><strong>nomine</strong></span> <span class='ocrx_word' id='word_1_9' title='bbox 634 1538 771 1609; x_wconf 92' lang='lat' dir='ltr'><strong>domini</strong></span> <span class='ocrx_word' id='word_1_10' title='bbox 800 1558 896 1610; x_wconf 88' lang='lat' dir='ltr'><strong>anno</strong></span> <span class='ocrx_word' id='word_1_11' title='bbox 918 1541 1099 1611; x_wconf 89' lang='lat' dir='ltr'><strong>tricesimo</strong></span> <span class='ocrx_word' id='word_1_12' title='bbox 1122 1541 1272 1630; x_wconf 91' lang='lat' dir='ltr'><strong>septimo</strong></span> <span class='ocrx_word' id='word_1_13' title='bbox 1306 1541 1531 1632; x_wconf 78' lang='lat' dir='ltr'><strong>principatus</strong></span> <span class='ocrx_word' id='word_1_14' title='bbox 1564 1545 1686 1613; x_wconf 92' lang='lat' dir='ltr'><strong>domni</strong></span> <span class='ocrx_word' id='word_1_15' title='bbox 1715 1544 1831 1613; x_wconf 79' lang='lat' dir='ltr'><strong>nostri</strong></span> <span class='ocrx_word' id='word_1_16' title='bbox 1864 1544 2076 1632; x_wconf 81' lang='lat' dir='ltr'><strong>guaimari,</strong></span> <span class='ocrx_word' id='word_1_17' title='bbox 2110 1553 2147 1613; x_wconf 86' lang='lat' dir='ltr'><strong>et</strong></span> 
     </span>
    </p>
   </div>
   <div class='ocr_carea' id='block_1_5' title="bbox 295 1681 2169 4710">
    <p class='ocr_par' dir='ltr' id='par_1_5' title="bbox 295 1681 2169 4710">
     <span class='ocr_line' id='line_1_5' title="bbox 295 1681 2141 1790; baseline 0.004 -33"><span class='ocrx_word' id='word_1_18' title='bbox 295 1693 422 1762; x_wconf 84' lang='lat' dir='ltr'><strong>octabu</strong></span> <span class='ocrx_word' id='word_1_19' title='bbox 446 1710 543 1762; x_wconf 89' lang='lat' dir='ltr'><strong>anno</strong></span> <span class='ocrx_word' id='word_1_20' title='bbox 565 1693 789 1784; x_wconf 71' lang='lat' dir='ltr'><strong>principatus</strong></span> <span class='ocrx_word' id='word_1_21' title='bbox 812 1695 934 1766; x_wconf 93' lang='lat' dir='ltr'><strong>domni</strong></span> <span class='ocrx_word' id='word_1_22' title='bbox 957 1681 1139 1788; x_wconf 83' lang='lat' dir='ltr'><strong>guaimari</strong></span> <span class='ocrx_word' id='word_1_23' title='bbox 1161 1698 1240 1766; x_wconf 88' lang='lat' dir='ltr'><strong>eius</strong></span> <span class='ocrx_word' id='word_1_24' title='bbox 1263 1697 1344 1784; x_wconf 85' lang='lat' dir='ltr'><strong>filii,</strong></span> <span class='ocrx_word' id='word_1_25' title='bbox 1367 1696 1514 1786; x_wconf 85' lang='lat' dir='ltr'><strong>gloriosi</strong></span> <span class='ocrx_word' id='word_1_26' title='bbox 1537 1697 1773 1786; x_wconf 90' lang='lat' dir='ltr'><strong>principibus,</strong></span> <span class='ocrx_word' id='word_1_27' title='bbox 1789 1715 1910 1768; x_wconf 91' lang='lat' dir='ltr'><strong>mense</strong></span> <span class='ocrx_word' id='word_1_28' title='bbox 1926 1699 2141 1790; x_wconf 85' lang='lat' dir='ltr'><strong>september,</strong></span> 
     </span>
     <span class='ocr_line' id='line_1_6' title="bbox 296 1851 2146 1943; baseline 0.002 -25"><span class='ocrx_word' id='word_1_29' title='bbox 296 1866 393 1921; x_wconf 89' lang='lat' dir='ltr'><strong>nona</strong></span> <span class='ocrx_word' id='word_1_30' title='bbox 415 1851 623 1922; x_wconf 82' lang='lat' dir='ltr'><strong>indictione.</strong></span> <span class='ocrx_word' id='word_1_31' title='bbox 648 1853 939 1923; x_wconf 88' lang='lat' dir='ltr'><strong>memoratorium</strong></span> <span class='ocrx_word' id='word_1_32' title='bbox 962 1854 1098 1923; x_wconf 81' lang='lat' dir='ltr'><strong>factum</strong></span> <span class='ocrx_word' id='word_1_33' title='bbox 1120 1872 1143 1923; x_wconf 90' lang='lat' dir='ltr'><strong>a</strong></span> <span class='ocrx_word' id='word_1_34' title='bbox 1165 1853 1267 1922; x_wconf 91' lang='lat' dir='ltr'><strong>uobis</strong></span> <span class='ocrx_word' id='word_1_35' title='bbox 1290 1852 1344 1921; x_wconf 92' lang='lat' dir='ltr'><strong>leo</strong></span> <span class='ocrx_word' id='word_1_36' title='bbox 1366 1857 1403 1923; x_wconf 88' lang='lat' dir='ltr'><strong>et</strong></span> <span class='ocrx_word' id='word_1_37' title='bbox 1425 1873 1571 1942; x_wconf 89' lang='lat' dir='ltr'><strong>amoru,</strong></span> <span class='ocrx_word' id='word_1_38' title='bbox 1601 1853 1765 1943; x_wconf 88' lang='lat' dir='ltr'><strong>germani</strong></span> <span class='ocrx_word' id='word_1_39' title='bbox 1795 1851 1864 1922; x_wconf 87' lang='lat' dir='ltr'><strong>fflii</strong></span> <span class='ocrx_word' id='word_1_40' title='bbox 1893 1853 2073 1940; x_wconf 87' lang='lat' dir='ltr'><strong>quondam</strong></span> <span class='ocrx_word' id='word_1_41' title='bbox 2096 1855 2146 1922; x_wconf 94' lang='lat' dir='ltr'><strong>io-</strong></span> 
     </span>
     <span class='ocr_line' id='line_1_7' title="bbox 297 2005 2150 2095; baseline 0 -20"><span class='ocrx_word' id='word_1_42' title='bbox 297 2005 438 2094; x_wconf 89' lang='lat' dir='ltr'><strong>hanni,</strong></span> <span class='ocrx_word' id='word_1_43' title='bbox 462 2005 712 2078; x_wconf 84' lang='lat' dir='ltr'><strong>clareiacimus</strong></span> <span class='ocrx_word' id='word_1_44' title='bbox 735 2011 820 2079; x_wconf 90' lang='lat' dir='ltr'><strong>ante</strong></span> <span class='ocrx_word' id='word_1_45' title='bbox 842 2025 881 2076; x_wconf 92' lang='lat' dir='ltr'><strong>os</strong></span> <span class='ocrx_word' id='word_1_46' title='bbox 903 2023 1017 2080; x_wconf 88' lang='lat' dir='ltr'><strong>annos</strong></span> <span class='ocrx_word' id='word_1_47' title='bbox 1042 2007 1081 2076; x_wconf 92' lang='lat' dir='ltr'><strong>in</strong></span> <span class='ocrx_word' id='word_1_48' title='bbox 1103 2007 1305 2094; x_wconf 88' lang='lat' dir='ltr'><strong>partionem</strong></span> <span class='ocrx_word' id='word_1_49' title='bbox 1328 2006 1374 2078; x_wconf 89' lang='lat' dir='ltr'><strong>ad</strong></span> <span class='ocrx_word' id='word_1_50' title='bbox 1397 2006 1663 2095; x_wconf 88' lang='lat' dir='ltr'><strong>pastenandum</strong></span> <span class='ocrx_word' id='word_1_51' title='bbox 1685 2005 1836 2076; x_wconf 90' lang='lat' dir='ltr'><strong>tulimus</strong></span> <span class='ocrx_word' id='word_1_52' title='bbox 1858 2007 1906 2076; x_wconf 89' lang='lat' dir='ltr'><strong>da</strong></span> <span class='ocrx_word' id='word_1_53' title='bbox 1932 2011 2056 2095; x_wconf 91' lang='lat' dir='ltr'><strong>petrus</strong></span> <span class='ocrx_word' id='word_1_54' title='bbox 2078 2005 2150 2077; x_wconf 88' lang='lat' dir='ltr'><strong>cle-</strong></span> 
     </span>
     <span class='ocr_line' id='line_1_8' title="bbox 300 2159 2149 2250; baseline 0.002 -23"><span class='ocrx_word' id='word_1_55' title='bbox 300 2159 400 2230; x_wconf 92' lang='lat' dir='ltr'><strong>ricus</strong></span> <span class='ocrx_word' id='word_1_56' title='bbox 421 2159 519 2230; x_wconf 89' lang='lat' dir='ltr'><strong>filius</strong></span> <span class='ocrx_word' id='word_1_57' title='bbox 541 2159 667 2230; x_wconf 90' lang='lat' dir='ltr'><strong>mundi</strong></span> <span class='ocrx_word' id='word_1_58' title='bbox 691 2160 735 2232; x_wconf 89' lang='lat' dir='ltr'><strong>de</strong></span> <span class='ocrx_word' id='word_1_59' title='bbox 758 2164 866 2231; x_wconf 91' lang='lat' dir='ltr'><strong>rebus</strong></span> <span class='ocrx_word' id='word_1_60' title='bbox 887 2179 955 2232; x_wconf 90' lang='lat' dir='ltr'><strong>sua</strong></span> <span class='ocrx_word' id='word_1_61' title='bbox 977 2161 1021 2230; x_wconf 90' lang='lat' dir='ltr'><strong>de</strong></span> <span class='ocrx_word' id='word_1_62' title='bbox 1045 2161 1162 2230; x_wconf 92' lang='lat' dir='ltr'><strong>locum</strong></span> <span class='ocrx_word' id='word_1_63' title='bbox 1186 2159 1258 2230; x_wconf 93' lang='lat' dir='ltr'><strong>iobi</strong></span> <span class='ocrx_word' id='word_1_64' title='bbox 1282 2180 1305 2229; x_wconf 90' lang='lat' dir='ltr'><strong>a</strong></span> <span class='ocrx_word' id='word_1_65' title='bbox 1328 2179 1435 2249; x_wconf 91' lang='lat' dir='ltr'><strong>super</strong></span> <span class='ocrx_word' id='word_1_66' title='bbox 1450 2160 1587 2229; x_wconf 91' lang='lat' dir='ltr'><strong>duobus</strong></span> <span class='ocrx_word' id='word_1_67' title='bbox 1602 2161 1725 2230; x_wconf 88' lang='lat' dir='ltr'><strong>ribora</strong></span> <span class='ocrx_word' id='word_1_68' title='bbox 1738 2179 1802 2250; x_wconf 89' lang='lat' dir='ltr'><strong>per</strong></span> <span class='ocrx_word' id='word_1_69' title='bbox 1818 2161 1902 2230; x_wconf 87' lang='lat' dir='ltr'><strong>finis</strong></span> <span class='ocrx_word' id='word_1_70' title='bbox 1917 2165 1953 2232; x_wconf 90' lang='lat' dir='ltr'><strong>et</strong></span> <span class='ocrx_word' id='word_1_71' title='bbox 1967 2161 2149 2233; x_wconf 88' lang='lat' dir='ltr'><strong>mensurie</strong></span> 
     </span>
     <span class='ocr_line' id='line_1_9' title="bbox 298 2272 2153 2405; baseline 0.001 -21"><span class='ocrx_word' id='word_1_72' title='bbox 298 2272 336 2384; x_wconf 89' lang='lat' dir='ltr'><strong>et</strong></span> <span class='ocrx_word' id='word_1_73' title='bbox 360 2313 400 2384; x_wconf 89' lang='lat' dir='ltr'><strong>in</strong></span> <span class='ocrx_word' id='word_1_74' title='bbox 423 2314 485 2383; x_wconf 91' lang='lat' dir='ltr'><strong>illo</strong></span> <span class='ocrx_word' id='word_1_75' title='bbox 508 2315 682 2403; x_wconf 90' lang='lat' dir='ltr'><strong>hordine,</strong></span> <span class='ocrx_word' id='word_1_76' title='bbox 705 2317 799 2385; x_wconf 89' lang='lat' dir='ltr'><strong>sicut</strong></span> <span class='ocrx_word' id='word_1_77' title='bbox 821 2315 980 2385; x_wconf 90' lang='lat' dir='ltr'><strong>continet</strong></span> <span class='ocrx_word' id='word_1_78' title='bbox 1001 2317 1145 2385; x_wconf 77' lang='lat' dir='ltr'><strong>brebem</strong></span> <span class='ocrx_word' id='word_1_79' title='bbox 1168 2277 1261 2401; x_wconf 67' lang='lat' dir='ltr'><strong>quod</strong></span> <span class='ocrx_word' id='word_1_80' title='bbox 1283 2313 1327 2382; x_wconf 89' lang='lat' dir='ltr'><strong>de</strong></span> <span class='ocrx_word' id='word_1_81' title='bbox 1350 2311 1430 2401; x_wconf 88' lang='lat' dir='ltr'><strong>ipsa</strong></span> <span class='ocrx_word' id='word_1_82' title='bbox 1452 2312 1703 2401; x_wconf 87' lang='lat' dir='ltr'><strong>pastenatione</strong></span> <span class='ocrx_word' id='word_1_83' title='bbox 1724 2315 1902 2404; x_wconf 87' lang='lat' dir='ltr'><strong>continet,</strong></span> <span class='ocrx_word' id='word_1_84' title='bbox 1934 2319 1970 2386; x_wconf 91' lang='lat' dir='ltr'><strong>et</strong></span> <span class='ocrx_word' id='word_1_85' title='bbox 2002 2322 2153 2405; x_wconf 90' lang='lat' dir='ltr'><strong>postmo-</strong></span> 
     </span>
     <span class='ocr_line' id='line_1_10' title="bbox 300 2465 2154 2557; baseline 0.002 -21"><span class='ocrx_word' id='word_1_86' title='bbox 300 2467 388 2537; x_wconf 92' lang='lat' dir='ltr'><strong>dum</strong></span> <span class='ocrx_word' id='word_1_87' title='bbox 412 2469 492 2557; x_wconf 90' lang='lat' dir='ltr'><strong>ipsa</strong></span> <span class='ocrx_word' id='word_1_88' title='bbox 513 2471 613 2538; x_wconf 91' lang='lat' dir='ltr'><strong>terra</strong></span> <span class='ocrx_word' id='word_1_89' title='bbox 636 2485 718 2536; x_wconf 93' lang='lat' dir='ltr'><strong>cum</strong></span> <span class='ocrx_word' id='word_1_90' title='bbox 741 2467 847 2537; x_wconf 85' lang='lat' dir='ltr'><strong>vinea</strong></span> <span class='ocrx_word' id='word_1_91' title='bbox 870 2465 914 2536; x_wconf 91' lang='lat' dir='ltr'><strong>de</strong></span> <span class='ocrx_word' id='word_1_92' title='bbox 937 2465 1016 2555; x_wconf 90' lang='lat' dir='ltr'><strong>ipsa</strong></span> <span class='ocrx_word' id='word_1_93' title='bbox 1037 2465 1286 2554; x_wconf 86' lang='lat' dir='ltr'><strong>pastenatione</strong></span> <span class='ocrx_word' id='word_1_94' title='bbox 1309 2484 1389 2535; x_wconf 90' lang='lat' dir='ltr'><strong>cum</strong></span> <span class='ocrx_word' id='word_1_95' title='bbox 1414 2465 1531 2552; x_wconf 91' lang='lat' dir='ltr'><strong>ipsum</strong></span> <span class='ocrx_word' id='word_1_96' title='bbox 1553 2469 1677 2554; x_wconf 86' lang='lat' dir='ltr'><strong>petrus</strong></span> <span class='ocrx_word' id='word_1_97' title='bbox 1699 2465 1850 2537; x_wconf 90' lang='lat' dir='ltr'><strong>clericus</strong></span> <span class='ocrx_word' id='word_1_98' title='bbox 1872 2467 2002 2539; x_wconf 85' lang='lat' dir='ltr'><strong>dividit</strong></span> <span class='ocrx_word' id='word_1_99' title='bbox 2022 2473 2059 2540; x_wconf 87' lang='lat' dir='ltr'><strong>et</strong></span> <span class='ocrx_word' id='word_1_100' title='bbox 2080 2488 2154 2539; x_wconf 89' lang='lat' dir='ltr'><strong>sor-</strong></span> 
     </span>
     <span class='ocr_line' id='line_1_11' title="bbox 303 2618 2152 2712; baseline 0.001 -20"><span class='ocrx_word' id='word_1_101' title='bbox 303 2627 360 2692; x_wconf 86' lang='lat' dir='ltr'><strong>tes</strong></span> <span class='ocrx_word' id='word_1_102' title='bbox 385 2621 468 2693; x_wconf 92' lang='lat' dir='ltr'><strong>inde</strong></span> <span class='ocrx_word' id='word_1_103' title='bbox 491 2619 792 2708; x_wconf 90' lang='lat' dir='ltr'><strong>compreensimus</strong></span> <span class='ocrx_word' id='word_1_104' title='bbox 815 2638 878 2708; x_wconf 91' lang='lat' dir='ltr'><strong>per</strong></span> <span class='ocrx_word' id='word_1_105' title='bbox 901 2618 985 2688; x_wconf 85' lang='lat' dir='ltr'><strong>finis</strong></span> <span class='ocrx_word' id='word_1_106' title='bbox 1007 2622 1044 2688; x_wconf 85' lang='lat' dir='ltr'><strong>et</strong></span> <span class='ocrx_word' id='word_1_107' title='bbox 1066 2620 1258 2708; x_wconf 84' lang='lat' dir='ltr'><strong>mensurio,</strong></span> <span class='ocrx_word' id='word_1_108' title='bbox 1283 2619 1377 2688; x_wconf 91' lang='lat' dir='ltr'><strong>sicut</strong></span> <span class='ocrx_word' id='word_1_109' title='bbox 1401 2619 1559 2690; x_wconf 88' lang='lat' dir='ltr'><strong>continet</strong></span> <span class='ocrx_word' id='word_1_110' title='bbox 1581 2620 1681 2690; x_wconf 89' lang='lat' dir='ltr'><strong>brebi</strong></span> <span class='ocrx_word' id='word_1_111' title='bbox 1704 2621 1749 2689; x_wconf 86' lang='lat' dir='ltr'><strong>do</strong></span> <span class='ocrx_word' id='word_1_112' title='bbox 1770 2621 1849 2710; x_wconf 90' lang='lat' dir='ltr'><strong>ipsa</strong></span> <span class='ocrx_word' id='word_1_113' title='bbox 1872 2621 2062 2712; x_wconf 90' lang='lat' dir='ltr'><strong>dibisione,</strong></span> <span class='ocrx_word' id='word_1_114' title='bbox 2084 2643 2152 2712; x_wconf 92' lang='lat' dir='ltr'><strong>que</strong></span> 
     </span>
     <span class='ocr_line' id='line_1_12' title="bbox 301 2773 2156 2866; baseline 0.002 -22"><span class='ocrx_word' id='word_1_115' title='bbox 301 2795 365 2866; x_wconf 91' lang='lat' dir='ltr'><strong>per</strong></span> <span class='ocrx_word' id='word_1_116' title='bbox 388 2779 511 2865; x_wconf 89' lang='lat' dir='ltr'><strong>partes</strong></span> <span class='ocrx_word' id='word_1_117' title='bbox 536 2775 621 2845; x_wconf 91' lang='lat' dir='ltr'><strong>inde</strong></span> <span class='ocrx_word' id='word_1_118' title='bbox 643 2775 777 2845; x_wconf 88' lang='lat' dir='ltr'><strong>firmati</strong></span> <span class='ocrx_word' id='word_1_119' title='bbox 803 2777 950 2844; x_wconf 84' lang='lat' dir='ltr'><strong>abemus</strong></span> <span class='ocrx_word' id='word_1_120' title='bbox 972 2778 1008 2843; x_wconf 95' lang='lat' dir='ltr'><strong>et</strong></span> <span class='ocrx_word' id='word_1_121' title='bbox 1031 2775 1069 2840; x_wconf 90' lang='lat' dir='ltr'><strong>in</strong></span> <span class='ocrx_word' id='word_1_122' title='bbox 1094 2774 1169 2861; x_wconf 93' lang='lat' dir='ltr'><strong>ipso</strong></span> <span class='ocrx_word' id='word_1_123' title='bbox 1193 2775 1335 2842; x_wconf 88' lang='lat' dir='ltr'><strong>brebem</strong></span> <span class='ocrx_word' id='word_1_124' title='bbox 1357 2773 1545 2861; x_wconf 85' lang='lat' dir='ltr'><strong>continet,</strong></span> <span class='ocrx_word' id='word_1_125' title='bbox 1578 2776 1712 2841; x_wconf 90' lang='lat' dir='ltr'><strong>utnon</strong></span> <span class='ocrx_word' id='word_1_126' title='bbox 1734 2775 1921 2843; x_wconf 83' lang='lat' dir='ltr'><strong>aberamus</strong></span> <span class='ocrx_word' id='word_1_127' title='bbox 1947 2780 2156 2862; x_wconf 88' lang='lat' dir='ltr'><strong>potestatem</strong></span> 
     </span>
     <span class='ocr_line' id='line_1_13' title="bbox 304 2924 2158 3022; baseline 0 -20"><span class='ocrx_word' id='word_1_128' title='bbox 304 2935 385 3022; x_wconf 90' lang='lat' dir='ltr'><strong>ipsa</strong></span> <span class='ocrx_word' id='word_1_129' title='bbox 410 2935 537 3002; x_wconf 90' lang='lat' dir='ltr'><strong>nostra</strong></span> <span class='ocrx_word' id='word_1_130' title='bbox 562 2931 719 3000; x_wconf 88' lang='lat' dir='ltr'><strong>sortione</strong></span> <span class='ocrx_word' id='word_1_131' title='bbox 741 2930 784 2999; x_wconf 90' lang='lat' dir='ltr'><strong>de</strong></span> <span class='ocrx_word' id='word_1_132' title='bbox 808 2930 887 3016; x_wconf 90' lang='lat' dir='ltr'><strong>ipsa</strong></span> <span class='ocrx_word' id='word_1_133' title='bbox 909 2931 1016 2998; x_wconf 89' lang='lat' dir='ltr'><strong>rebus</strong></span> <span class='ocrx_word' id='word_1_134' title='bbox 1039 2929 1127 2998; x_wconf 89' lang='lat' dir='ltr'><strong>dare</strong></span> <span class='ocrx_word' id='word_1_135' title='bbox 1142 2931 1207 2996; x_wconf 89' lang='lat' dir='ltr'><strong>aut</strong></span> <span class='ocrx_word' id='word_1_136' title='bbox 1221 2925 1454 3012; x_wconf 86' lang='lat' dir='ltr'><strong>venumdare,</strong></span> <span class='ocrx_word' id='word_1_137' title='bbox 1477 2928 1597 3013; x_wconf 90' lang='lat' dir='ltr'><strong>preter</strong></span> <span class='ocrx_word' id='word_1_138' title='bbox 1621 2924 1733 3014; x_wconf 88' lang='lat' dir='ltr'><strong>ipsius</strong></span> <span class='ocrx_word' id='word_1_139' title='bbox 1748 2928 1842 3014; x_wconf 91' lang='lat' dir='ltr'><strong>petri</strong></span> <span class='ocrx_word' id='word_1_140' title='bbox 1858 2929 1912 2998; x_wconf 91' lang='lat' dir='ltr'><strong>vel</strong></span> <span class='ocrx_word' id='word_1_141' title='bbox 1928 2930 1973 3000; x_wconf 90' lang='lat' dir='ltr'><strong>ad</strong></span> <span class='ocrx_word' id='word_1_142' title='bbox 1988 2929 2067 3000; x_wconf 88' lang='lat' dir='ltr'><strong>eius</strong></span> <span class='ocrx_word' id='word_1_143' title='bbox 2082 2951 2158 3004; x_wconf 80' lang='lat' dir='ltr'><strong>ere</strong></span> 
     </span>
     <span class='ocr_line' id='line_1_14' title="bbox 302 3076 2158 3172; baseline -0.001 -18"><span class='ocrx_word' id='word_1_144' title='bbox 302 3085 365 3154; x_wconf 92' lang='lat' dir='ltr'><strong>des</strong></span> <span class='ocrx_word' id='word_1_145' title='bbox 399 3086 445 3156; x_wconf 94' lang='lat' dir='ltr'><strong>ad</strong></span> <span class='ocrx_word' id='word_1_146' title='bbox 480 3086 574 3155; x_wconf 90' lang='lat' dir='ltr'><strong>iusto</strong></span> <span class='ocrx_word' id='word_1_147' title='bbox 608 3083 795 3172; x_wconf 89' lang='lat' dir='ltr'><strong>pretium,</strong></span> <span class='ocrx_word' id='word_1_148' title='bbox 819 3081 913 3150; x_wconf 89' lang='lat' dir='ltr'><strong>siout</strong></span> <span class='ocrx_word' id='word_1_149' title='bbox 935 3081 1002 3168; x_wconf 90' lang='lat' dir='ltr'><strong>ipsi</strong></span> <span class='ocrx_word' id='word_1_150' title='bbox 1027 3078 1129 3148; x_wconf 87' lang='lat' dir='ltr'><strong>brebi</strong></span> <span class='ocrx_word' id='word_1_151' title='bbox 1152 3079 1334 3164; x_wconf 84' lang='lat' dir='ltr'><strong>continet3</strong></span> <span class='ocrx_word' id='word_1_152' title='bbox 1365 3076 1466 3145; x_wconf 91' lang='lat' dir='ltr'><strong>modo</strong></span> <span class='ocrx_word' id='word_1_153' title='bbox 1488 3080 1612 3160; x_wconf 89' lang='lat' dir='ltr'><strong>autem</strong></span> <span class='ocrx_word' id='word_1_154' title='bbox 1632 3077 1780 3148; x_wconf 83' lang='lat' dir='ltr'><strong>fecimus</strong></span> <span class='ocrx_word' id='word_1_155' title='bbox 1808 3079 1892 3150; x_wconf 91' lang='lat' dir='ltr'><strong>inde</strong></span> <span class='ocrx_word' id='word_1_156' title='bbox 1920 3081 2012 3151; x_wconf 90' lang='lat' dir='ltr'><strong>scire</strong></span> <span class='ocrx_word' id='word_1_157' title='bbox 2041 3084 2158 3172; x_wconf 92' lang='lat' dir='ltr'><strong>ipsum</strong></span> 
     </span>
     <span class='ocr_line' id='line_1_15' title="bbox 304 3231 2160 3329; baseline -0.003 -15"><span class='ocrx_word' id='word_1_158' title='bbox 304 3246 432 3329; x_wconf 86' lang='lat' dir='ltr'><strong>petrus</strong></span> <span class='ocrx_word' id='word_1_159' title='bbox 454 3260 519 3329; x_wconf 90' lang='lat' dir='ltr'><strong>per</strong></span> <span class='ocrx_word' id='word_1_160' title='bbox 544 3239 801 3325; x_wconf 88' lang='lat' dir='ltr'><strong>constitutum,</strong></span> <span class='ocrx_word' id='word_1_161' title='bbox 825 3237 918 3306; x_wconf 88' lang='lat' dir='ltr'><strong>sicut</strong></span> <span class='ocrx_word' id='word_1_162' title='bbox 941 3235 1011 3322; x_wconf 89' lang='lat' dir='ltr'><strong>ipsi</strong></span> <span class='ocrx_word' id='word_1_163' title='bbox 1034 3235 1134 3304; x_wconf 90' lang='lat' dir='ltr'><strong>brebi</strong></span> <span class='ocrx_word' id='word_1_164' title='bbox 1168 3235 1387 3320; x_wconf 79' lang='lat' dir='ltr'><strong>continuat,</strong></span> <span class='ocrx_word' id='word_1_165' title='bbox 1412 3237 1452 3302; x_wconf 92' lang='lat' dir='ltr'><strong>ut</strong></span> <span class='ocrx_word' id='word_1_166' title='bbox 1474 3231 1558 3302; x_wconf 86' lang='lat' dir='ltr'><strong>illut</strong></span> <span class='ocrx_word' id='word_1_167' title='bbox 1580 3252 1604 3302; x_wconf 90' lang='lat' dir='ltr'><strong>a</strong></span> <span class='ocrx_word' id='word_1_168' title='bbox 1626 3251 1690 3302; x_wconf 92' lang='lat' dir='ltr'><strong>nos</strong></span> <span class='ocrx_word' id='word_1_169' title='bbox 1714 3253 1858 3324; x_wconf 82' lang='lat' dir='ltr'><strong>emere3</strong></span> <span class='ocrx_word' id='word_1_170' title='bbox 1882 3236 1943 3306; x_wconf 89' lang='lat' dir='ltr'><strong>ille</strong></span> <span class='ocrx_word' id='word_1_171' title='bbox 1966 3242 2086 3308; x_wconf 89' lang='lat' dir='ltr'><strong>autem</strong></span> <span class='ocrx_word' id='word_1_172' title='bbox 2109 3240 2160 3308; x_wconf 91' lang='lat' dir='ltr'><strong>di·</strong></span> 
     </span>
     <span class='ocr_line' id='line_1_16' title="bbox 304 3355 2160 3485; baseline -0.002 -19"><span class='ocrx_word' id='word_1_173' title='bbox 304 3400 390 3485; x_wconf 82' lang='lat' dir='ltr'><strong>xit,</strong></span> <span class='ocrx_word' id='word_1_174' title='bbox 427 3399 469 3465; x_wconf 91' lang='lat' dir='ltr'><strong>ut</strong></span> <span class='ocrx_word' id='word_1_175' title='bbox 492 3395 575 3464; x_wconf 88' lang='lat' dir='ltr'><strong>illut</strong></span> <span class='ocrx_word' id='word_1_176' title='bbox 597 3355 715 3464; x_wconf 84' lang='lat' dir='ltr'><strong>emere</strong></span> <span class='ocrx_word' id='word_1_177' title='bbox 737 3410 809 3461; x_wconf 91' lang='lat' dir='ltr'><strong>non</strong></span> <span class='ocrx_word' id='word_1_178' title='bbox 832 3391 979 3478; x_wconf 88' lang='lat' dir='ltr'><strong>bolere,</strong></span> <span class='ocrx_word' id='word_1_179' title='bbox 1015 3393 1052 3458; x_wconf 89' lang='lat' dir='ltr'><strong>et</strong></span> <span class='ocrx_word' id='word_1_180' title='bbox 1073 3405 1219 3476; x_wconf 91' lang='lat' dir='ltr'><strong>presens</strong></span> <span class='ocrx_word' id='word_1_181' title='bbox 1240 3385 1339 3456; x_wconf 85' lang='lat' dir='ltr'><strong>dedit</strong></span> <span class='ocrx_word' id='word_1_182' title='bbox 1361 3387 1463 3454; x_wconf 88' lang='lat' dir='ltr'><strong>nobis</strong></span> <span class='ocrx_word' id='word_1_183' title='bbox 1491 3385 1667 3457; x_wconf 87' lang='lat' dir='ltr'><strong>solutione</strong></span> <span class='ocrx_word' id='word_1_184' title='bbox 1691 3387 1770 3475; x_wconf 89' lang='lat' dir='ltr'><strong>ipsa</strong></span> <span class='ocrx_word' id='word_1_185' title='bbox 1792 3393 1914 3460; x_wconf 89' lang='lat' dir='ltr'><strong>nostra</strong></span> <span class='ocrx_word' id='word_1_186' title='bbox 1938 3393 2094 3463; x_wconf 85' lang='lat' dir='ltr'><strong>sortione</strong></span> <span class='ocrx_word' id='word_1_187' title='bbox 2117 3393 2160 3463; x_wconf 89' lang='lat' dir='ltr'><strong>de</strong></span> 
     </span>
     <span class='ocr_line' id='line_1_17' title="bbox 308 3539 2161 3640; baseline -0.003 -20"><span class='ocrx_word' id='word_1_188' title='bbox 308 3553 389 3640; x_wconf 87' lang='lat' dir='ltr'><strong>ipsa</strong></span> <span class='ocrx_word' id='word_1_189' title='bbox 411 3549 520 3619; x_wconf 87' lang='lat' dir='ltr'><strong>rebus</strong></span> <span class='ocrx_word' id='word_1_190' title='bbox 543 3547 701 3617; x_wconf 89' lang='lat' dir='ltr'><strong>dandum</strong></span> <span class='ocrx_word' id='word_1_191' title='bbox 724 3544 783 3613; x_wconf 92' lang='lat' dir='ltr'><strong>cui</strong></span> <span class='ocrx_word' id='word_1_192' title='bbox 808 3541 1052 3627; x_wconf 75' lang='lat' dir='ltr'><strong>miserimus,</strong></span> <span class='ocrx_word' id='word_1_193' title='bbox 1086 3544 1123 3608; x_wconf 85' lang='lat' dir='ltr'><strong>et</strong></span> <span class='ocrx_word' id='word_1_194' title='bbox 1145 3541 1267 3608; x_wconf 89' lang='lat' dir='ltr'><strong>omnia</strong></span> <span class='ocrx_word' id='word_1_195' title='bbox 1289 3539 1372 3608; x_wconf 92' lang='lat' dir='ltr'><strong>inde</strong></span> <span class='ocrx_word' id='word_1_196' title='bbox 1395 3539 1598 3609; x_wconf 83' lang='lat' dir='ltr'><strong>faciendum</strong></span> <span class='ocrx_word' id='word_1_197' title='bbox 1624 3540 1717 3628; x_wconf 91' lang='lat' dir='ltr'><strong>quod</strong></span> <span class='ocrx_word' id='word_1_198' title='bbox 1751 3541 1997 3634; x_wconf 90' lang='lat' dir='ltr'><strong>boluerimus,</strong></span> <span class='ocrx_word' id='word_1_199' title='bbox 2028 3546 2161 3634; x_wconf 91' lang='lat' dir='ltr'><strong>absque</strong></span> 
     </span>
     <span class='ocr_line' id='line_1_18' title="bbox 307 3691 2163 3788; baseline -0.003 -14"><span class='ocrx_word' id='word_1_200' title='bbox 307 3704 554 3788; x_wconf 89' lang='lat' dir='ltr'><strong>cuiuscunque</strong></span> <span class='ocrx_word' id='word_1_201' title='bbox 577 3695 833 3767; x_wconf 86' lang='lat' dir='ltr'><strong>contrarietate</strong></span> <span class='ocrx_word' id='word_1_202' title='bbox 857 3693 912 3763; x_wconf 90' lang='lat' dir='ltr'><strong>vel</strong></span> <span class='ocrx_word' id='word_1_203' title='bbox 937 3691 1184 3780; x_wconf 87' lang='lat' dir='ltr'><strong>requisitione.</strong></span> <span class='ocrx_word' id='word_1_204' title='bbox 1209 3692 1255 3761; x_wconf 84' lang='lat' dir='ltr'><strong>Et</strong></span> <span class='ocrx_word' id='word_1_205' title='bbox 1276 3708 1339 3777; x_wconf 90' lang='lat' dir='ltr'><strong>per</strong></span> <span class='ocrx_word' id='word_1_206' title='bbox 1362 3692 1454 3761; x_wconf 88' lang='lat' dir='ltr'><strong>bona</strong></span> <span class='ocrx_word' id='word_1_207' title='bbox 1476 3692 1739 3764; x_wconf 90' lang='lat' dir='ltr'><strong>combenientia</strong></span> <span class='ocrx_word' id='word_1_208' title='bbox 1760 3695 1934 3784; x_wconf 84' lang='lat' dir='ltr'><strong>obligavit</strong></span> <span class='ocrx_word' id='word_1_209' title='bbox 1956 3715 1994 3767; x_wconf 90' lang='lat' dir='ltr'><strong>se</strong></span> <span class='ocrx_word' id='word_1_210' title='bbox 2011 3697 2087 3785; x_wconf 91' lang='lat' dir='ltr'><strong>ipse</strong></span> <span class='ocrx_word' id='word_1_211' title='bbox 2103 3719 2163 3787; x_wconf 92' lang='lat' dir='ltr'><strong>pe-</strong></span> 
     </span>
     <span class='ocr_line' id='line_1_19' title="bbox 310 3841 2163 3942; baseline -0.001 -20"><span class='ocrx_word' id='word_1_212' title='bbox 310 3859 394 3922; x_wconf 88' lang='lat' dir='ltr'><strong>trus</strong></span> <span class='ocrx_word' id='word_1_213' title='bbox 416 3853 570 3924; x_wconf 91' lang='lat' dir='ltr'><strong>clericus</strong></span> <span class='ocrx_word' id='word_1_214' title='bbox 591 3854 628 3919; x_wconf 89' lang='lat' dir='ltr'><strong>et</strong></span> <span class='ocrx_word' id='word_1_215' title='bbox 649 3866 731 3917; x_wconf 90' lang='lat' dir='ltr'><strong>suos</strong></span> <span class='ocrx_word' id='word_1_216' title='bbox 753 3847 903 3934; x_wconf 85' lang='lat' dir='ltr'><strong>ered&#39;es,</strong></span> <span class='ocrx_word' id='word_1_217' title='bbox 930 3849 971 3915; x_wconf 87' lang='lat' dir='ltr'><strong>ut</strong></span> <span class='ocrx_word' id='word_1_218' title='bbox 993 3845 1026 3912; x_wconf 89' lang='lat' dir='ltr'><strong>si</strong></span> <span class='ocrx_word' id='word_1_219' title='bbox 1048 3841 1241 3932; x_wconf 87' lang='lat' dir='ltr'><strong>aliquando</strong></span> <span class='ocrx_word' id='word_1_220' title='bbox 1263 3847 1421 3931; x_wconf 90' lang='lat' dir='ltr'><strong>tempore</strong></span> <span class='ocrx_word' id='word_1_221' title='bbox 1442 3844 1625 3913; x_wconf 91' lang='lat' dir='ltr'><strong>nobiscum</strong></span> <span class='ocrx_word' id='word_1_222' title='bbox 1642 3851 1707 3916; x_wconf 89' lang='lat' dir='ltr'><strong>aut</strong></span> <span class='ocrx_word' id='word_1_223' title='bbox 1722 3865 1805 3915; x_wconf 93' lang='lat' dir='ltr'><strong>cum</strong></span> <span class='ocrx_word' id='word_1_224' title='bbox 1828 3849 1961 3918; x_wconf 89' lang='lat' dir='ltr'><strong>nostris</strong></span> <span class='ocrx_word' id='word_1_225' title='bbox 1983 3849 2163 3942; x_wconf 88' lang='lat' dir='ltr'><strong>eredibus,</strong></span> 
     </span>
     <span class='ocr_line' id='line_1_20' title="bbox 312 3997 2165 4092; baseline -0.001 -14"><span class='ocrx_word' id='word_1_226' title='bbox 312 4025 417 4078; x_wconf 89' lang='lat' dir='ltr'><strong>seum</strong></span> <span class='ocrx_word' id='word_1_227' title='bbox 440 4025 524 4076; x_wconf 92' lang='lat' dir='ltr'><strong>cum</strong></span> <span class='ocrx_word' id='word_1_228' title='bbox 546 4005 608 4074; x_wconf 91' lang='lat' dir='ltr'><strong>ille</strong></span> <span class='ocrx_word' id='word_1_229' title='bbox 631 4021 709 4072; x_wconf 94' lang='lat' dir='ltr'><strong>omo</strong></span> <span class='ocrx_word' id='word_1_230' title='bbox 732 4003 791 4072; x_wconf 90' lang='lat' dir='ltr'><strong>cui</strong></span> <span class='ocrx_word' id='word_1_231' title='bbox 813 4019 877 4092; x_wconf 89' lang='lat' dir='ltr'><strong>per</strong></span> <span class='ocrx_word' id='word_1_232' title='bbox 900 4017 965 4070; x_wconf 89' lang='lat' dir='ltr'><strong>nos</strong></span> <span class='ocrx_word' id='word_1_233' title='bbox 987 3999 1094 4069; x_wconf 91' lang='lat' dir='ltr'><strong>rebus</strong></span> <span class='ocrx_word' id='word_1_234' title='bbox 1116 4000 1196 4086; x_wconf 90' lang='lat' dir='ltr'><strong>ipsa</strong></span> <span class='ocrx_word' id='word_1_235' title='bbox 1219 3997 1305 4067; x_wconf 90' lang='lat' dir='ltr'><strong>data</strong></span> <span class='ocrx_word' id='word_1_236' title='bbox 1328 3997 1459 4086; x_wconf 87' lang='lat' dir='ltr'><strong>suerit,</strong></span> <span class='ocrx_word' id='word_1_237' title='bbox 1482 3997 1539 4068; x_wconf 87' lang='lat' dir='ltr'><strong>vel</strong></span> <span class='ocrx_word' id='word_1_238' title='bbox 1562 4015 1643 4067; x_wconf 89' lang='lat' dir='ltr'><strong>cum</strong></span> <span class='ocrx_word' id='word_1_239' title='bbox 1664 4000 1742 4069; x_wconf 90' lang='lat' dir='ltr'><strong>eius</strong></span> <span class='ocrx_word' id='word_1_240' title='bbox 1764 3999 1902 4091; x_wconf 90' lang='lat' dir='ltr'><strong>eredes,</strong></span> <span class='ocrx_word' id='word_1_241' title='bbox 1925 4020 2077 4074; x_wconf 89' lang='lat' dir='ltr'><strong>causare</strong></span> <span class='ocrx_word' id='word_1_242' title='bbox 2100 4010 2165 4077; x_wconf 89' lang='lat' dir='ltr'><strong>aut</strong></span> 
     </span>
     <span class='ocr_line' id='line_1_21' title="bbox 314 4151 2168 4248; baseline -0.002 -14"><span class='ocrx_word' id='word_1_243' title='bbox 314 4163 532 4234; x_wconf 88' lang='lat' dir='ltr'><strong>contendere</strong></span> <span class='ocrx_word' id='word_1_244' title='bbox 554 4158 775 4248; x_wconf 91' lang='lat' dir='ltr'><strong>presubserit</strong></span> <span class='ocrx_word' id='word_1_245' title='bbox 797 4173 860 4244; x_wconf 90' lang='lat' dir='ltr'><strong>per</strong></span> <span class='ocrx_word' id='word_1_246' title='bbox 883 4155 963 4242; x_wconf 88' lang='lat' dir='ltr'><strong>ipsa</strong></span> <span class='ocrx_word' id='word_1_247' title='bbox 984 4153 1143 4240; x_wconf 91' lang='lat' dir='ltr'><strong>tingna,</strong></span> <span class='ocrx_word' id='word_1_248' title='bbox 1167 4156 1230 4222; x_wconf 88' lang='lat' dir='ltr'><strong>aut</strong></span> <span class='ocrx_word' id='word_1_249' title='bbox 1252 4151 1284 4220; x_wconf 90' lang='lat' dir='ltr'><strong>si</strong></span> <span class='ocrx_word' id='word_1_250' title='bbox 1308 4151 1543 4240; x_wconf 90' lang='lat' dir='ltr'><strong>quodcunque</strong></span> <span class='ocrx_word' id='word_1_251' title='bbox 1565 4153 1789 4225; x_wconf 89' lang='lat' dir='ltr'><strong>causationes</strong></span> <span class='ocrx_word' id='word_1_252' title='bbox 1812 4154 1896 4226; x_wconf 91' lang='lat' dir='ltr'><strong>inde</strong></span> <span class='ocrx_word' id='word_1_253' title='bbox 1918 4157 2020 4226; x_wconf 88' lang='lat' dir='ltr'><strong>nobis</strong></span> <span class='ocrx_word' id='word_1_254' title='bbox 2041 4159 2098 4228; x_wconf 88' lang='lat' dir='ltr'><strong>vel</strong></span> <span class='ocrx_word' id='word_1_255' title='bbox 2121 4159 2168 4230; x_wconf 90' lang='lat' dir='ltr'><strong>ad</strong></span> 
     </span>
     <span class='ocr_line' id='line_1_22' title="bbox 312 4304 2168 4398; baseline -0.001 -15"><span class='ocrx_word' id='word_1_256' title='bbox 312 4317 450 4385; x_wconf 88' lang='lat' dir='ltr'><strong>nostris</strong></span> <span class='ocrx_word' id='word_1_257' title='bbox 473 4312 637 4384; x_wconf 87' lang='lat' dir='ltr'><strong>eredibus</strong></span> <span class='ocrx_word' id='word_1_258' title='bbox 663 4307 896 4398; x_wconf 87' lang='lat' dir='ltr'><strong>presubserit,</strong></span> <span class='ocrx_word' id='word_1_259' title='bbox 919 4325 982 4394; x_wconf 92' lang='lat' dir='ltr'><strong>per</strong></span> <span class='ocrx_word' id='word_1_260' title='bbox 1007 4305 1086 4393; x_wconf 86' lang='lat' dir='ltr'><strong>ipsa</strong></span> <span class='ocrx_word' id='word_1_261' title='bbox 1108 4304 1371 4375; x_wconf 89' lang='lat' dir='ltr'><strong>combenientia</strong></span> <span class='ocrx_word' id='word_1_262' title='bbox 1394 4322 1602 4392; x_wconf 91' lang='lat' dir='ltr'><strong>componere</strong></span> <span class='ocrx_word' id='word_1_263' title='bbox 1624 4307 1799 4395; x_wconf 88' lang='lat' dir='ltr'><strong>obligavit</strong></span> <span class='ocrx_word' id='word_1_264' title='bbox 1821 4325 1860 4379; x_wconf 91' lang='lat' dir='ltr'><strong>se</strong></span> <span class='ocrx_word' id='word_1_265' title='bbox 1882 4312 1919 4377; x_wconf 87' lang='lat' dir='ltr'><strong>et</strong></span> <span class='ocrx_word' id='word_1_266' title='bbox 1940 4327 2021 4378; x_wconf 89' lang='lat' dir='ltr'><strong>suos</strong></span> <span class='ocrx_word' id='word_1_267' title='bbox 2045 4313 2168 4384; x_wconf 91' lang='lat' dir='ltr'><strong>eredes</strong></span> 
     </span>
     <span class='ocr_line' id='line_1_23' title="bbox 309 4458 2169 4558; baseline -0.004 -17"><span class='ocrx_word' id='word_1_268' title='bbox 309 4471 413 4541; x_wconf 89' lang='lat' dir='ltr'><strong>nobis</strong></span> <span class='ocrx_word' id='word_1_269' title='bbox 436 4473 475 4542; x_wconf 88' lang='lat' dir='ltr'><strong>ct</strong></span> <span class='ocrx_word' id='word_1_270' title='bbox 497 4472 557 4541; x_wconf 89' lang='lat' dir='ltr'><strong>cui</strong></span> <span class='ocrx_word' id='word_1_271' title='bbox 580 4487 643 4558; x_wconf 92' lang='lat' dir='ltr'><strong>per</strong></span> <span class='ocrx_word' id='word_1_272' title='bbox 660 4484 725 4536; x_wconf 91' lang='lat' dir='ltr'><strong>nos</strong></span> <span class='ocrx_word' id='word_1_273' title='bbox 741 4464 865 4535; x_wconf 91' lang='lat' dir='ltr'><strong>datum</strong></span> <span class='ocrx_word' id='word_1_274' title='bbox 887 4463 1062 4551; x_wconf 88' lang='lat' dir='ltr'><strong>paruerit,</strong></span> <span class='ocrx_word' id='word_1_275' title='bbox 1079 4461 1136 4530; x_wconf 91' lang='lat' dir='ltr'><strong>vel</strong></span> <span class='ocrx_word' id='word_1_276' title='bbox 1152 4458 1198 4530; x_wconf 90' lang='lat' dir='ltr'><strong>ad</strong></span> <span class='ocrx_word' id='word_1_277' title='bbox 1214 4458 1347 4528; x_wconf 89' lang='lat' dir='ltr'><strong>nostris</strong></span> <span class='ocrx_word' id='word_1_278' title='bbox 1364 4458 1543 4547; x_wconf 90' lang='lat' dir='ltr'><strong>eredibus,</strong></span> <span class='ocrx_word' id='word_1_279' title='bbox 1558 4459 1826 4548; x_wconf 84' lang='lat' dir='ltr'><strong>quinquaginta</strong></span> <span class='ocrx_word' id='word_1_280' title='bbox 1843 4462 1925 4531; x_wconf 91' lang='lat' dir='ltr'><strong>auri</strong></span> <span class='ocrx_word' id='word_1_281' title='bbox 1942 4462 2070 4533; x_wconf 89' lang='lat' dir='ltr'><strong>solidos</strong></span> <span class='ocrx_word' id='word_1_282' title='bbox 2084 4482 2169 4534; x_wconf 91' lang='lat' dir='ltr'><strong>con·</strong></span> 
     </span>
     <span class='ocr_line' id='line_1_24' title="bbox 309 4591 2169 4710; baseline -0.004 -17"><span class='ocrx_word' id='word_1_283' title='bbox 309 4624 518 4710; x_wconf 90' lang='lat' dir='ltr'><strong>stantinos,</strong></span> <span class='ocrx_word' id='word_1_284' title='bbox 552 4626 589 4691; x_wconf 89' lang='lat' dir='ltr'><strong>et</strong></span> <span class='ocrx_word' id='word_1_285' title='bbox 623 4636 761 4707; x_wconf 90' lang='lat' dir='ltr'><strong>semper</strong></span> <span class='ocrx_word' id='word_1_286' title='bbox 794 4614 899 4686; x_wconf 87' lang='lat' dir='ltr'><strong>taciti</strong></span> <span class='ocrx_word' id='word_1_287' title='bbox 932 4617 969 4684; x_wconf 90' lang='lat' dir='ltr'><strong>et</strong></span> <span class='ocrx_word' id='word_1_288' title='bbox 997 4613 1102 4684; x_wconf 90' lang='lat' dir='ltr'><strong>bacui</strong></span> <span class='ocrx_word' id='word_1_289' title='bbox 1125 4611 1208 4682; x_wconf 90' lang='lat' dir='ltr'><strong>inde</strong></span> <span class='ocrx_word' id='word_1_290' title='bbox 1231 4591 1377 4682; x_wconf 84' lang='lat' dir='ltr'><strong>manere</strong></span> <span class='ocrx_word' id='word_1_291' title='bbox 1399 4611 1443 4681; x_wconf 90' lang='lat' dir='ltr'><strong>de</strong></span> <span class='ocrx_word' id='word_1_292' title='bbox 1466 4615 1542 4682; x_wconf 89' lang='lat' dir='ltr'><strong>tota</strong></span> <span class='ocrx_word' id='word_1_293' title='bbox 1566 4614 1646 4700; x_wconf 85' lang='lat' dir='ltr'><strong>ipsa</strong></span> <span class='ocrx_word' id='word_1_294' title='bbox 1669 4613 1812 4703; x_wconf 85' lang='lat' dir='ltr'><strong>tingue.</strong></span> <span class='ocrx_word' id='word_1_295' title='bbox 1837 4616 1883 4685; x_wconf 85' lang='lat' dir='ltr'><strong>Et</strong></span> <span class='ocrx_word' id='word_1_296' title='bbox 1905 4617 2000 4685; x_wconf 90' lang='lat' dir='ltr'><strong>hunc</strong></span> <span class='ocrx_word' id='word_1_297' title='bbox 2024 4617 2169 4688; x_wconf 87' lang='lat' dir='ltr'><strong>brebem</strong></span> 
     </span>
    </p>
   </div>
   <div class='ocr_carea' id='block_1_6' title="bbox 308 4768 925 4868">
    <p class='ocr_par' dir='ltr' id='par_1_6' title="bbox 308 4768 925 4868">
     <span class='ocr_line' id='line_1_25' title="bbox 308 4768 925 4868; baseline -0.024 -20"><span class='ocrx_word' id='word_1_298' title='bbox 308 4779 437 4868; x_wconf 89' lang='lat' dir='ltr'><strong>scripsi</strong></span> <span class='ocrx_word' id='word_1_299' title='bbox 460 4792 528 4865; x_wconf 86' lang='lat' dir='ltr'><strong>ego</strong></span> <span class='ocrx_word' id='word_1_300' title='bbox 551 4775 728 4843; x_wconf 89' lang='lat' dir='ltr'><strong>iohannes</strong></span> <span class='ocrx_word' id='word_1_301' title='bbox 749 4768 925 4838; x_wconf 89' lang='lat' dir='ltr'><strong>notarius.</strong></span> 
     </span>
    </p>
   </div>
   <div class='ocr_carea' id='block_1_7' title="bbox 354 4903 1163 5172">
    <p class='ocr_par' dir='ltr' id='par_1_7' title="bbox 354 4903 1163 5172">
     <span class='ocr_line' id='line_1_26' title="bbox 354 4903 615 5022; baseline -0.008 -24"><span class='ocrx_word' id='word_1_302' title='bbox 354 4903 386 5022; x_wconf 94' lang='lat'>†</span> <span class='ocrx_word' id='word_1_303' title='bbox 410 4931 485 5020; x_wconf 78' lang='lat' dir='ltr'><strong>Ego</strong></span> <span class='ocrx_word' id='word_1_304' title='bbox 509 4927 615 4999; x_wconf 92' lang='lat' dir='ltr'><strong>lando</strong></span> 
     </span>
     <span class='ocr_line' id='line_1_27' title="bbox 354 5055 1163 5172; baseline -0.016 -21"><span class='ocrx_word' id='word_1_305' title='bbox 354 5055 385 5172; x_wconf 90' lang='lat'>†</span> <span class='ocrx_word' id='word_1_306' title='bbox 409 5083 485 5169; x_wconf 83' lang='lat' dir='ltr'><strong>Ego</strong></span> <span class='ocrx_word' id='word_1_307' title='bbox 508 5077 676 5152; x_wconf 89' lang='lat' dir='ltr'><strong>alderissi</strong></span> <span class='ocrx_word' id='word_1_308' title='bbox 700 5073 865 5144; x_wconf 90' lang='lat' dir='ltr'><strong>notarius</strong></span> <span class='ocrx_word' id='word_1_309' title='bbox 888 5089 944 5140; x_wconf 92' lang='lat' dir='ltr'><strong>me</strong></span> <span class='ocrx_word' id='word_1_310' title='bbox 968 5070 1163 5157; x_wconf 90' lang='lat' dir='ltr'><strong>subscripsi</strong></span> 
     </span>
    </p>
   </div>
   <div class='ocr_carea' id='block_1_8' title="bbox 355 5205 1171 5324">
    <p class='ocr_par' dir='ltr' id='par_1_8' title="bbox 355 5205 1171 5324">
     <span class='ocr_line' id='line_1_28' title="bbox 355 5205 1171 5324; baseline -0.018 -19"><span class='ocrx_word' id='word_1_311' title='bbox 355 5205 386 5323; x_wconf 94' lang='lat'><em>†</em></span> <span class='ocrx_word' id='word_1_312' title='bbox 411 5237 487 5324; x_wconf 87' lang='lat' dir='ltr'><strong>Ego</strong></span> <span class='ocrx_word' id='word_1_313' title='bbox 510 5229 672 5305; x_wconf 90' lang='lat' dir='ltr'><strong>ademari</strong></span> <span class='ocrx_word' id='word_1_314' title='bbox 695 5227 860 5299; x_wconf 89' lang='lat' dir='ltr'><strong>notarius</strong></span> <span class='ocrx_word' id='word_1_315' title='bbox 883 5243 939 5294; x_wconf 91' lang='lat' dir='ltr'><strong>me</strong></span> <span class='ocrx_word' id='word_1_316' title='bbox 963 5221 1171 5310; x_wconf 88' lang='lat' dir='ltr'><strong>subscripsi.</strong></span> 
     </span>
    </p>
   </div>
   <div class='ocr_carea' id='block_1_9' title="bbox 0 0 2769 7106">
    <p class='ocr_par' dir='ltr' id='par_1_9' title="bbox 0 0 2769 7106">
     <span class='ocr_line' id='line_1_29' title="bbox 0 0 2769 7106; baseline 0 0"><span class='ocrx_word' id='word_1_317' title='bbox 0 0 2769 7106; x_wconf 95' lang='lat' dir='ltr'><strong> </strong></span> 
     </span>
    </p>
   </div>
  </div>
 </body>
</html>
