5466 7106
626 575 694 646 lssd
1297 569 1470 640 CODEX
1504 571 1768 644 clvsllsls

577 797 714 884 guadia
738 796 840 866 nobis
863 797 932 883 ipsi
957 796 1059 883 guiso
1082 799 1118 862 et
1141 791 1331 863 lietardum
1354 791 1555 880 dederunt,
1579 801 1615 863 et
1638 796 1866 866 mediatorem
1890 797 1992 864 nobis
2016 799 2212 883 posuerunt
2239 796 2424 864 maraldus

577 968 754 1038 germano
778 949 891 1038 ipsius
915 947 1120 1035 lictardum3
1146 949 1182 1015 et
1202 964 1266 1033 per
1289 945 1369 1032 ipsa
1393 944 1529 1030 guadia
1551 946 1801 1034 obligaverunt
1823 966 1861 1017 se
1885 952 1922 1016 et
1944 949 2088 1016 illorum
2115 949 2296 1036 eredibuS,
2327 952 2369 1017 ut
2392 950 2425 1016 si

577 1105 700 1176 taliter
723 1105 843 1172 omnia
866 1099 1111 1189 suprascripta
1134 1099 1173 1166 in
1196 1099 1357 1186 predicta
1380 1098 1521 1167 ratione
1543 1099 1588 1168 ad
1602 1117 1686 1186 pars
1702 1100 1855 1188 predicti
1877 1101 2081 1170 monasterii
2107 1119 2179 1169 non
2203 1101 2423 1189 adimpleve-

577 1259 627 1328 rit
649 1263 685 1328 et
707 1258 837 1345 aliquit
861 1257 944 1325 inde
968 1254 1249 1342 contradixerit,
1274 1275 1337 1343 per
1360 1257 1623 1327 cumvenientia
1656 1273 1864 1341 componere
1886 1255 2140 1342 obligaverunt
2162 1273 2199 1324 se
2222 1258 2258 1323 et
2281 1255 2426 1324 illorum

577 1413 742 1482 eredibus
765 1413 804 1480 in
827 1428 911 1498 pars
935 1410 1085 1498 predicti
1101 1410 1311 1480 monasterii
1327 1409 1462 1498 biginti
1479 1409 1559 1478 auri
1577 1409 1681 1478 solidi
1697 1409 1931 1478 constantini.
1951 1411 2023 1478 Hec
2040 1408 2161 1478 omnia
2177 1404 2422 1496 suprascripta

573 1567 661 1636 lecit
685 1566 759 1651 ipse
783 1566 972 1634 iamdictus
995 1564 1171 1632 lictardus
1193 1582 1257 1651 per
1280 1562 1501 1633 absolutione
1529 1564 1566 1631 et
1589 1561 1783 1631 bolumtate
1807 1561 1919 1649 ipsius
1954 1561 2109 1648 genitori
2145 1578 2222 1630 suc.
2249 1562 2294 1629 Et
2327 1563 2425 1628 hunc

576 1721 720 1790 brebem
745 1720 873 1805 scripsi
900 1738 965 1808 ego
990 1721 1149 1790 ademari
1172 1719 1339 1786 notarius

561 1923 566 1934 .
622 1845 654 1961 †
678 1877 754 1962 Ego
777 1873 983 1941 smaracdus
1007 1869 1172 1941 notarius
1196 1889 1252 1938 me
1277 1867 1472 1955 subscripsi

621 1999 653 2115 †
677 2030 752 2116 Ego
776 2032 948 2098 iohannes
971 2030 1134 2098 notarius
1157 2044 1214 2093 me
1236 2021 1445 2108 subscripsi.

1301 2249 1519 2260 -·-—-n—-—-—·—
1534 2248 1707 2257 ———----..

1378 2537 1623 2617 DCCCX.

1353 2799 1405 2873 A.
1436 2796 1485 2872 D.
1514 2793 1641 2874 1029.

617 3040 654 3180 †
679 3093 718 3158 ln
743 3091 886 3159 nomine
910 3089 1046 3157 domini
1070 3088 1255 3155 undecimo
1279 3104 1373 3156 anno
1389 3086 1612 3174 principatus
1628 3087 1747 3155 domni
1764 3089 1876 3158 nostri
1894 3089 2090 3175 guaimarii
2106 3087 2173 3158 lilii
2189 3089 2309 3159 domni
2322 3094 2427 3179 guai-

571 3245 697 3331 marii,
714 3243 878 3332 gloriosis
893 3242 1129 3330 principibuS,
1142 3258 1262 3308 mense
1276 3240 1478 3325 ianuarius,
1494 3238 1702 3308 duodecima
1718 3239 1926 3308 indictione.
1943 3242 2233 3312 Memoratorium
2249 3244 2382 3316 sactum
2398 3266 2422 3316 a

572 3419 629 3468 me
654 3397 852 3466 musandus
874 3393 1090 3463 benerabilis
1113 3395 1222 3462 abbas
1244 3391 1452 3460 monasterii
1475 3397 1597 3463 sancte
1617 3393 1717 3472 sude,
1735 3393 1797 3480 qui
1812 3398 2014 3464 constructa
2037 3400 2090 3465 est
2106 3395 2203 3464 intus
2222 3416 2291 3466 ano
2307 3397 2417 3466 saler-

572 3554 738 3624 nitanam
762 3553 959 3636 cibitatem,
985 3553 1034 3618 Eo
1057 3550 1149 3636 quod
1164 3551 1251 3618 ante
1268 3547 1459 3633 subscripti
1484 3551 1606 3636 testes,
1631 3567 1741 3617 unam
1765 3568 1904 3618 mecum
1928 3550 2056 3619 adexet
2077 3555 2201 3637 petrus
2226 3551 2418 3622 adbocator

571 3707 723 3794 predicti
747 3707 969 3794 monasterii,
993 3723 1056 3792 per
1079 3702 1341 3772 combenientia
1364 3701 1579 3770 tradidimus
1595 3702 1641 3770 ad
1656 3701 1851 3770 tenendum
1868 3706 1904 3770 et
1920 3703 2155 3772 laborandum
2170 3706 2361 3791 grimoaldi
2379 3708 2422 3774 fi-

571 3861 620 3930 lio
644 3861 763 3930 domni
788 3858 937 3929 iohanni
961 3858 1028 3926 due
1052 3855 1209 3924 clusurie
1232 3854 1275 3921 de
1297 3854 1407 3921 terris
1429 3871 1509 3920 cum
1533 3854 1691 3921 arbustis
1713 3857 1751 3921 et
1766 3853 2015 3939 castanietum,
2039 3855 2131 3940 quod
2154 3874 2239 3940 pars
2265 3857 2418 3942 predicti

571 4011 783 4082 monasterii
808 4013 891 4080 abet
913 4011 952 4078 in
975 4010 1089 4076 locum
1112 4007 1194 4076 eilia
1219 4005 1290 4076 ista
1315 4009 1419 4092 parte
1442 4003 1550 4074 dubio
1573 4005 1773 4093 petentium
1798 4005 1916 4094 prima
1938 4025 2060 4076 exeas
2077 4009 2177 4095 peeia
2194 4008 2423 4098 deipsaclu-

569 4168 672 4236 suria
696 4167 739 4234 de
762 4169 862 4234 terra
884 4183 965 4231 cum
981 4164 1165 4230 arbustum
1182 4180 1245 4247 per
1261 4177 1300 4226 os
1314 4160 1404 4226 fines
1418 4162 1455 4227 et
1471 4176 1676 4227 mensuras:
1695 4163 1837 4246 aparte
1853 4159 2002 4228 orientis
2017 4160 2088 4227 fine
2104 4163 2218 4230 nostri
2243 4169 2421 4232 monaste-

569 4319 632 4405 rii,
658 4318 741 4406 inde
765 4315 862 4403 passi
886 4315 1076 4401 sexaginta
1100 4314 1277 4399 quadtuor
1301 4316 1337 4379 et
1360 4313 1486 4397 gubita
1507 4314 1603 4378 tres:
1628 4330 1650 4378 a
1673 4314 1777 4396 parte
1800 4311 1950 4378 meridie
1973 4312 2043 4378 fine
2059 4314 2173 4380 nostri
2195 4317 2420 4404 monasterii,

568 4471 651 4541 inde
674 4471 767 4557 passi
791 4467 998 4554 sexsaginta
1020 4467 1111 4534 duo:
1137 4484 1159 4533 a
1182 4469 1283 4550 parte
1305 4461 1496 4532 occidentis
1520 4463 1591 4530 fine
1607 4463 1757 4549 predicti
1783 4463 2007 4551 monasterii,
2031 4464 2115 4533 inde
2138 4467 2424 4555 passi'quadra-

568 4627 675 4712 ginta
698 4621 887 4708 quadtuor,
914 4623 948 4686 et
971 4617 1099 4687 avinde
1124 4615 1327 4683 rebolbente
1350 4614 1388 4680 in
1412 4617 1514 4700 parte
1537 4615 1801 4701 septemtrionis
1816 4617 1899 4685 inde
1924 4619 2018 4704 passi
2043 4619 2199 4706 triginta
2215 4619 2336 4690 ducet
2352 4642 2418 4709 gu-

568 4775 645 4844 bita
668 4779 756 4858 tres3
781 4773 860 4858 ipsa
884 4769 1039 4838 secunda
1055 4767 1214 4836 clusoria
1230 4767 1272 4834 de
1288 4771 1386 4837 terra
1402 4787 1483 4834 cum
1499 4770 1735 4838 castanietum
1753 4791 1816 4858 per
1832 4790 1870 4840 os
1885 4774 1976 4840 fines
1991 4777 2028 4842 et
2042 4793 2250 4845 mensuras:
2275 4796 2298 4846 a
2313 4784 2416 4864 parte

569 4928 721 4996 meridie
746 4927 806 4994 bia
830 4923 982 5012 predicti
1006 4921 1237 5006 monasterii,
1263 4919 1346 4987 inde
1368 4920 1463 5007 passi
1487 4926 1628 4991 centum
1651 4923 1771 4992 decem
1794 4929 1830 4994 et
1853 4929 2004 4994 nobem:
2031 4947 2054 4996 a
2088 4933 2189 5015 parte
2224 4929 2422 4998 occidentis

569 5086 642 5152 fine
667 5083 728 5150 bia
751 5079 902 5167 predicti
925 5077 1133 5146 monasterii
1156 5077 1218 5164 qui
1243 5075 1363 5162 pergit
1386 5075 1432 5144 ad
1456 5075 1599 5162 iufuni,
1634 5077 1718 5144 inde
1751 5078 1847 5164 passi
1870 5079 2113 5168 quadraginta
2146 5101 2234 5151 sex:
2258 5102 2281 5150 a
2316 5087 2423 5170 parte

568 5235 836 5324 septemtrionis
859 5233 930 5299 fine
954 5230 1067 5298 nostri
1092 5228 1329 5314 monasterii,
1354 5227 1438 5297 inde
1461 5228 1555 5314 passi
1578 5234 1721 5299 centum
1746 5203 1865 5300 decem
1888 5238 1925 5302 et
1948 5239 2098 5305 nobem:
2123 5257 2146 5306 a
2169 5243 2271 5326 parte
2304 5241 2425 5309 orien-
2489 5271 2495 5282 ·

569 5393 618 5459 tis
641 5389 713 5457 line
737 5386 798 5453 bia
821 5383 933 5450 nostri
957 5379 1191 5465 monasterii,
1215 5378 1298 5446 inde
1322 5378 1418 5464 passi
1455 5381 1696 5467 septuaginta:
1729 5401 1850 5452 omnes
1880 5391 2128 5477 suprascripta
2157 5409 2343 5460 mensuras
2367 5393 2414 5462 ad

568 5547 702 5612 iustum
719 5559 861 5630 passum
877 5538 1005 5606 ominis
1021 5537 1168 5604 suerunt
1182 5539 1442 5604 mensuratum.
1460 5541 1505 5607 Et
1520 5541 1644 5608 amodo
1659 5545 1695 5610 et
1710 5559 1862 5630 semper,
1887 5548 1991 5614 natos
2015 5551 2236 5636 nascentem,
2254 5551 2293 5618 in
2309 5567 2418 5618 suam

568 5701 604 5766 et
620 5695 663 5764 de
686 5699 761 5762 suis
784 5691 949 5762 eredibus
965 5695 1047 5758 exet
1062 5693 1271 5776 potestatem
1290 5691 1496 5780 tenendum,
1513 5690 1782 5774 dominandum,
1801 5695 1899 5764 fobee
1915 5700 1951 5764 et
1966 5715 2089 5766 omnes
2104 5717 2167 5768 sue
2184 5700 2352 5771 utilitatis
2366 5703 2418 5772 ibi

568 5847 788 5933 faciendum,
812 5847 910 5914 etin
935 5844 1012 5930 ipsa
1036 5843 1154 5928 priore
1178 5841 1335 5912 clusuria
1357 5843 1401 5912 de
1424 5848 1523 5914 terra
1545 5863 1628 5912 cum
1651 5847 1797 5914 arbusto
1820 5866 1884 5934 per
1908 5853 2023 5919 totum
2047 5857 2083 5922 et
2106 5851 2271 5922 inclitum
2300 5859 2420 5944 paste-
