5414 7098
5 5889 146 5951 ms!

251 5749 333 5800 'pf'

148 5823 209 5887 β,
342 5891 348 5910 0

642 548 712 630 66,
1295 545 1468 617 66666
1501 547 1766 621 clunnsrs

586 751 828 856 sereniorique
851 773 1058 862 supradicta
1081 779 1180 878 terra
1204 777 1240 844 et
1262 793 1347 846 casa
1369 773 1415 844 ad
1438 773 1629 843 tenendum
1655 771 1762 862 illut,
1790 790 1901 860 usque
1923 772 2009 840 dum
2031 774 2110 862 ipsa
2133 775 2338 862 pertubatio
2368 779 2443 847 sue-

590 925 655 1013 rit,
674 928 756 996 etsi
774 925 905 1014 aliquit
920 927 963 1000 de
979 945 1087 998 causa
1109 947 1176 997 sua
1199 927 1297 997 infra
1315 926 1390 1015 ipso
1406 927 1637 996 constitutum
1659 927 1762 996 nobis
1785 926 2151 1018 adcommandaberit,
2168 925 2343 999 faciamus
2359 929 2443 999 illut

592 1077 755 1167 salbum,
779 1080 872 1149 sicut
894 1082 1089 1168 meruerit,
1114 1085 1150 1150 et
1172 1099 1236 1168 pro
1259 1099 1404 1150 censum
1428 1079 1472 1150 16
1495 1079 1701 1168 supradicta
1722 1077 1938 1148 tradictione
1961 1079 2059 1148 dedit
2078 1080 2180 1149 modo
2203 1083 2237 1150 ei
2261 1085 2336 1151 tres
2358 1081 2438 1150 auri

592 1232 666 1301 tari
691 1234 789 1320 boni,
814 1237 849 1302 et
871 1252 983 1322 usque
999 1235 1075 1322 ipso
1091 1238 1326 1306 constitutum
1349 1253 1412 1322 per
1435 1231 1551 1300 omnis
1574 1249 1672 1302 annu
1687 1230 1810 1300 demus
1833 1231 1868 1299 ei
1890 1229 2058 1300 similiter
2081 1250 2153 1302 ana
2177 1235 2250 1301 tres
2263 1234 2345 1304 auri
2367 1236 2440 1303 tari

586 1383 693 1486 boni;
718 1388 754 1453 et
775 1384 806 1452 si
830 1341 950 1454 taliter
974 1390 1038 1456 etc.
1065 1388 1213 1456 Stctntn
1228 1389 1362 1457 nnnlcto
1384 1387 1501 1456 decern
1516 1385 1603 1452 anrn'
1625 1384 1818 1452 solidorum
1843 1385 2085 1454 Constantini.
2111 1386 2156 1453 Et
2179 1387 2277 1456 hunc
2300 1387 2443 1456 brebem

593 1533 722 1622 scripsi
746 1519 816 1624 ego'
834 1536 996 1606 alderissi
1020 1540 1183 1609 notarius
1206 1540 1268 1625 qui
1292 1537 1454 1608 interlui.

647 1659 678 1776 †
702 1689 778 1776 Ego
800 1695 924 1777 petrus
948 1693 1111 1760 notarius
1134 1709 1190 1759 me
1213 1690 1407 1780 subscripsi

645 1813 675 1928 †
701 1843 777 1931 Ego
799 1844 974 1913 iohannes
997 1843 1160 1913 notarius
1183 1861 1238 1911 me
1262 1844 1467 1929 subscripsi.

1354 2417 1658 2503 DCCXLV.

1362 2667 1417 2742 A.
1446 2665 1495 2741 D.
1524 2663 1652 2745 1023.

635 2871 672 3012 †
697 2924 736 2992 ln
761 2926 904 2994 nomine
926 2923 1062 2993 domini
1078 2924 1258 2993 tricesimo
1274 2929 1402 3012 quarto
1418 2945 1514 2994 anno
1529 2927 1754 3016 principatus
1770 2928 1890 2994 domni
1907 2926 2017 2996 nostri
2043 2925 2224 3012 waimari,
2250 2927 2287 2992 et
2310 2921 2438 3010 quinto

589 3098 687 3152 anno
709 3081 932 3168 principatus
955 3081 1073 3148 domni
1097 3081 1262 3150 waimari
1286 3083 1364 3151 eius
1388 3081 1479 3176 filii,
1503 3081 1648 3170 gloriosi
1671 3080 1917 3169 principibus,
1948 3098 2067 3150 mense
2097 3077 2313 3165 ianuarius,
2345 3082 2438 3148 66616

589 3230 799 3301 indictione.
824 3232 973 3318 ideoque
996 3249 1062 3319 ego
1085 3232 1310 3319 ingnellreda
1333 3233 1379 3301 da
1402 3252 1661 3321 marzecanum,
1686 3231 1762 3302 filia
1783 3232 1962 3320 quondam
1984 3231 2122 3319 ioanni,
2146 3231 2335 3301 clarelacic
2358 3250 2437 3320 ego,

593 3383 763 3470 quoniam
786 3347 876 3453 mibi
900 3388 954 3454 est
976 3383 1193 3472 pertinentis
1215 3387 1322 3454 abere
1347 3390 1513 3472 quartam
1536 3391 1640 3474 parte
1664 3386 1707 3455 de
1731 3405 1805 3455 una
1827 3403 1912 3456 casa
1933 3386 2067 3454 fabrita
2091 3387 2130 3454 in
2153 3385 2288 3454 sularic
2318 3385 2437 3456 lerata

591 3536 689 3604 intus
712 3534 893 3606 civitatem
928 3536 1103 3622 nucerio,
1135 3535 1227 3622 quod
1250 3555 1314 3624 per
1337 3538 1478 3606 firmam
1502 3539 1734 3626 scriptionem
1757 3545 1921 3627 paratam
1944 3543 1981 3608 et
2004 3537 2252 3608 confirmatam
2276 3539 2364 3607 abeo
2388 3539 2435 3608 da

588 3688 719 3776 prandi
742 3689 814 3756 filio
837 3689 1013 3777 quondam
1039 3691 1115 3758 ursi
1138 3690 1402 3778 terrabendica,
1425 3693 1461 3758 et
1482 3708 1682 3778 congruum
1705 3696 1758 3760 661
1780 3693 1870 3761 mihi
1892 3695 1967 3760 tota
1990 3693 2026 3758 et
2049 3689 2211 3760 inclitam
2235 3690 2438 3778 ipsaquar-

592 3846 666 3913 tam
681 3847 819 3931 partem
842 3843 885 3912 de
909 3843 988 3931 ipsa
1010 3863 1095 3914 oasa
1119 3845 1159 3912 in
1182 3844 1317 3912 sularic
1340 3843 1459 3914 levata
1480 3863 1585 3932 super
1609 3847 1645 3912 et
1668 3849 1790 3932 supter
1813 3845 1978 3912 inclitum
2002 3843 2085 3912 illut
2109 3844 2329 3914 venumdare
2356 3845 2436 3914 ursi

590 4014 634 4065 ac
657 3995 731 4063 filio
754 3995 949 4082 supradicti
973 3997 1114 4082 prandi.
1141 3999 1187 4064 Et
1209 3997 1316 4083 Ide0,
1339 3996 1434 4064 sicut
1457 3996 1543 4064 mihi
1569 4013 1767 4084 congruum
1791 3999 1871 4081 661,
1907 4014 1987 4064 mea
2010 4013 2103 4065 vona
2126 3995 2320 4066 volumtate
2344 4001 2431 4066 ante

588 4148 774 4235 presentia
796 4146 952 4216 mirandi
978 4148 1087 4217 iudici
1110 4153 1146 4218 et
1169 4153 1252 4218 ante
1275 4149 1340 4218 alii
1362 4152 1469 4217 testes
1491 4167 1553 4235 per
1577 4166 1645 4219 auc
1668 4146 1848 4219 cartulam
1869 4148 2099 4218 benumdedit
2121 4147 2216 4236 tivi,
2249 4147 2365 4236 adque
2389 4148 2437 4218 ad

592 4317 731 4386 semper
747 4299 923 4370 abendum
940 4302 1193 4370 confirmamus
1211 4298 1276 4370 tivi
1293 4299 1454 4369 iamdicti
1470 4299 1546 4368 ursi
1563 4303 1640 4370 tota
1656 4304 1691 4369 et
1707 4297 1836 4372 inclita
1859 4299 1938 4388 ipsa
1961 4299 2131 4369 iamdicta
2147 4301 2315 4387 quartam
2332 4302 2436 4386 parte

588 4451 633 4521 de
659 4453 738 4541 ipsa
761 4472 843 4524 casa
866 4454 998 4524 fabrita
1020 4455 1060 4521 in
1083 4453 1217 4523 solario
1240 4454 1359 4524 levata
1381 4472 1487 4541 super
1510 4454 1610 4524 etde
1634 4457 1756 4522 subter
1779 4453 1822 4522 de
1845 4453 1942 4522 intus
1965 4451 2137 4520 iamdicta
2160 4451 2363 4542 civitatem,
2379 4459 2431 4522 to·

590 4611 667 4676 tam
690 4611 726 4678 et
749 4607 912 4678 inclitam
935 4609 1018 4680 illut
1039 4610 1108 4680 tivi
1131 4609 1194 4697 qui
1218 4628 1327 4696 supra
1350 4609 1426 4676 ursi
1449 4607 1767 4694 benumdedimus,
1800 4625 1882 4674 cum
1910 4603 2033 4675 omnia
2063 4607 2159 4675 intro
2183 4624 2221 4674 66
2244 4607 2435 4676 abentibus

590 4764 827 4851 omnibusque
849 4765 925 4832 suis
947 4763 1188 4852 pertinentiis,
1213 4768 1248 4833 et
1271 4782 1352 4831 cum
1375 4762 1452 4830 bice
1474 4761 1517 4830 de
1540 4761 1673 4848 platea,
1689 4764 1725 4830 et
1747 4779 1828 4828 cum
1850 4759 2015 4828 sericidio
2032 4759 2069 4827 in
2085 4778 2149 4828 suo
2165 4759 2437 4848 decurrentem,

587 4922 665 4988 tota
688 4920 726 4986 et
749 4915 878 4986 inolita
901 4916 1015 5004 ipsam
1039 4920 1208 5004 quartam
1231 4934 1311 4985 mea
1334 4917 1377 4985 de
1400 4917 1478 5003 ipsa
1500 4931 1583 4984 casa
1605 4913 1644 4981 16
1667 4913 1801 4984 sulario
1816 4913 1934 4982 levata
1948 4929 2054 4999 super
2069 4916 2105 4982 et
2119 4912 2316 5002 desubter,
2339 4913 2433 5002 quod

586 5069 675 5138 mihi
693 5071 747 5138 661
761 5071 981 5157 pertinentes
1000 5071 1107 5139 abere
1129 5088 1193 5157 per
1215 5068 1303 5136 meis
1325 5067 1586 5156 paratioribus,
1610 5067 1775 5136 inclitum
1798 5065 1880 5135 illut
1902 5063 1969 5133 tivi
1993 5065 2297 5162 benumdedimus,
2337 5065 2437 5137 Unde

587 5221 800 5310 nullamque
822 5223 937 5311 nobis,
962 5222 1034 5294 661
1056 5223 1188 5310 661666
1211 5221 1388 5291 ominibus
1411 5225 1649 5308 reservantes,
1662 5224 1728 5308 set,
1746 5221 1839 5288 sicut
1861 5219 2032 5307 diximus,
2050 5219 2178 5293 inclita
2193 5222 2308 5311 ipsam
2324 5238 2434 5313 quar·

584 5379 660 5446 tam
685 5381 787 5464 parte
810 5377 877 5445 tivi
900 5375 1202 5462 benumdedimus,
1226 5394 1308 5442 cum
1330 5375 1408 5444 bice
1431 5375 1473 5444 de
1497 5377 1576 5462 ipsa
1598 5374 1731 5463 platea,
1755 5375 1791 5441 et
1813 5391 1896 5440 cum
1918 5372 2084 5443 sericidlo
2107 5377 2146 5446 in
2177 5393 2242 5444 suo
2273 5377 2437 5449 ceciden·

583 5535 656 5598 tem
680 5530 910 5599 coniunctum
933 5527 978 5597 61
1001 5531 1073 5597 fine
1096 5531 1159 5598 tua
1182 5527 1243 5614 qui
1269 5545 1378 5615 supra
1401 5527 1492 5615 ursi,
1515 5531 1654 5597 etcum
1676 5527 1858 5595 monimen
1881 5528 1964 5598 1616
1986 5527 2227 5616 pertinentem
2250 5531 2334 5600 illut
2369 5531 2437 5600 tivi

590 5681 833 5769 benumdedit,
858 5681 903 5750 ad
926 5681 1099 5752 securiter
1121 5683 1158 5748 et
1180 5679 1332 5748 firmiter
1356 5679 1481 5749 amodo
1504 5683 1540 5749 et
1562 5698 1698 5768 semper
1723 5685 1762 5749 16
1785 5648 1929 5769 1616666
1952 5683 2118 5752 eredibus
2139 5683 2221 5753 illut
2243 5683 2434 5764 abendum‚

586 5832 874 5922 dominandum,
898 5833 1176 5924 possidendum,
1200 5833 1322 5902 omnia
1345 5831 1427 5901 inde
1450 5832 1650 5943 faciendum
1675 5833 1766 5921 quod
1790 5834 1976 5905 volueritis
1996 5885 2005 5923 ,
2027 5839 2160 5924 absque
2179 5839 2280 5908 omni
2303 5841 2431 5908 nostra
