5466 7106
1053 535 1448 610 ntplolllvletis

1108 943 1373 1024 DCCCIII.

1102 1205 1154 1278 A.
1184 1201 1233 1278 D.
1263 1197 1390 1279 1028.

365 1441 403 1581 †
426 1495 467 1560 ln
489 1492 634 1562 nomine
656 1491 792 1564 domini
816 1491 1003 1562 undecimo
1026 1509 1122 1563 anuo
1137 1495 1363 1582 principatus
1379 1494 1498 1564 domni
1517 1495 1630 1566 nostri
1647 1497 1829 1584 guaimari
1845 1498 1921 1566 fillo
1932 1496 2052 1564 domni
2068 1499 2172 1584 guai-

322 1645 428 1734 mari,
446 1645 591 1736 gloriosi
608 1645 849 1752 principibus,v
863 1663 985 1716 mense
1001 1647 1161 1735 octuber,
1178 1645 1386 1714 duodecima
1402 1645 1611 1717 indictione.
1625 1647 1914 1717 Memoratorium
1931 1648 2065 1717 iactum
2080 1671 2103 1719 a
2122 1668 2180 1719 me
2293 1624 2296 1632 ’

321 1799 471 1870 domnus
492 1799 688 1872 musandus
710 1799 939 1870 venerandus
961 1799 1072 1869 abbas
1094 1798 1303 1870 monasterii
1328 1803 1451 1868 sancte
1475 1802 1572 1888 solie,
1596 1799 1659 1888 qui
1684 1799 1795 1869 situm
1817 1803 1872 1869 est
1895 1799 1992 1868 intus
2011 1818 2052 1870 ec
2074 1801 2173 1870 cives

323 1954 468 2024 salerno
491 1957 592 2032 huna
614 1972 697 2022 cum
721 1957 845 2042 petrus
869 1954 1060 2024 advocator
1083 1954 1196 2041 ipsius
1219 1955 1442 2041 monasterii,
1465 1955 1515 2022 Eo
1537 1953 1630 2041 quod
1653 1956 1739 2022 ante
1762 1952 1953 2041 subscripti
1976 1956 2085 2023 testes
2109 1973 2173 2042 per

322 2108 573 2178 convenientia
595 2107 748 2178 tradidit
771 2125 838 2196 ego
860 2106 954 2176 leoni
977 2107 1021 2176 de
1043 2107 1193 2177 nuceria
1215 2107 1289 2177 tilio
1313 2108 1491 2194 quondam
1506 2109 1670 2195 stephani
1687 2108 1730 2176 de
1746 2107 1884 2176 duobus
1898 2107 1998 2196 pecie
2013 2108 2058 2178 de
2072 2112 2173 2179 terra

322 2281 405 2330 oum
429 2261 585 2332 arbustis
602 2281 610 2338 ;
636 2279 711 2330 una
734 2262 837 2349 pecie
859 2260 957 2330 intus
979 2264 1081 2330 curte
1105 2261 1239 2330 maiore
1255 2263 1368 2350 ipsius
1383 2264 1605 2352 monasterii,
1623 2268 1660 2333 01
1674 2264 1750 2335 alia
1764 2265 1867 2353 peoia
1883 2266 1922 2335 in
1938 2264 2057 2335 locum
2072 2266 2179 2333 dam·

323 2397 426 2486 minu
449 2414 593 2503 dicitur,
617 2421 654 2485 et
675 2419 729 2486 est
752 2415 835 2484 illut
857 2415 953 2486 unde
975 2434 1042 2504 ego
1066 2416 1178 2504 ipsius
1203 2416 1294 2485 leoni
1319 2416 1482 2504 tradidit,
1506 2418 1600 2504 quod
1622 2418 1780 2504 pertinet
1795 2417 1908 2506 ipsius
1924 2420 2177 2490 monasteriia
2294 2449 2297 2454 ·

324 2569 505 2657 quondam
528 2569 686 2658 guaiferi
710 2569 785 2640 tilio
808 2569 979 2658 gualieri,
1003 2567 1065 2657 qui
1090 2569 1167 2658 ipso
1192 2571 1407 2640 monasterio
1431 2573 1650 2659 construxit3
1675 2572 1754 2661 ipsa
1777 2574 1879 2661 pecie
1902 2577 1945 2643 de
1969 2537 2049 2662 ipsa
2071 2577 2176 2644 curte

325 2727 474 2813 maiore,
499 2700 561 2793 011
584 2725 767 2796 alastatua
790 2725 935 2815 dicitur,
952 2745 1017 2814 per
1039 2745 1080 2796 as
1102 2726 1193 2796 fines
1215 2730 1252 2795 et
1275 2745 1475 2796 mensuras:
1501 2731 1546 2796 ab
1569 2729 1707 2797 oriente
1731 2728 1802 2796 fine
1828 2727 1940 2814 ipsius
1964 2731 2181 2799 monasterii

326 2881 439 2948 nostri
465 2861 558 2967 quod
581 2879 716 2950 retinet
739 2880 913 2950 iohannes
937 2885 973 2950 et
994 2897 1078 2949 urso
1099 2881 1265 2968 germani
1288 2879 1355 2949 filii
1380 2880 1455 2947 ursi
1480 2881 1527 2949 ab
1549 2881 1627 2968 ipso
1649 2885 1771 2949 nostro
1793 2883 2023 2970 monasterio,
2039 2885 2077 2952 et
2093 2883 2179 2956 inde

327 3038 412 3102 sunt
432 3052 496 3122 per
518 3033 704 3121 longitudo
726 3034 823 3120 passi
847 3032 1048 3121 nonaginta
1069 3052 1182 3102 unum
1206 3038 1242 3103 01
1263 3034 1374 3121 palmi
1399 3038 1496 3122 tres;
1521 3038 1557 3103 et
1578 3055 1602 3104 a
1625 3035 1889 3106 sebtemtrionis
1913 3034 2081 3108 similiter
2107 3038 2182 3106 fine

327 3187 440 3275 ipsius
462 3184 672 3255 monasterii
696 3185 823 3274 nostri,
848 3185 990 3256 atinde
1012 3188 1097 3254 0001
1119 3203 1229 3273 usque
1254 3187 1329 3273 ipso
1350 3187 1457 3254 dubio
1480 3186 1630 3256 latitudo
1653 3187 1750 3275 passi
1774 3187 1942 3275 sidecim3
1968 3189 2005 3256 01
2022 3189 2068 3257 ab
2086 3187 2181 3256 oeci-

327 3336 433 3409 dente
457 3337 624 3408 similiter
646 3339 718 3408 fine
741 3339 939 3427 supradicti
962 3338 1075 3408 nostri
1099 3339 1333 3427 monasterii,
1357 3345 1393 3410 et
1416 3341 1500 3410 inde
1524 3345 1607 3432 abet
1628 3360 1692 3428 per
1716 3341 1793 3428 ipso
1815 3339 1917 3410 albeo
1940 3341 1983 3409 10
2007 3341 2084 3427 1000
2117 3342 2186 3409 110-

328 3491 387 3561 110
408 3512 471 3582 per
494 3495 682 3582 longitudo
705 3493 800 3581 passi
823 3493 1033 3582 octuaginta
1052 3514 1062 3580 3
1086 3499 1123 3564 01
1145 3515 1168 3565 a
1191 3511 1276 3583 pars
1300 3495 1450 3564 meridie
1473 3495 1642 3563 similiter
1665 3496 1738 3563 fine
1754 3495 1905 3582 predicti
1924 3494 2038 3564 nostri
2057 3513 2186 3565 mona·

328 3646 452 3735 sterio,
476 3651 512 3718 01
535 3645 618 3716 1010
642 3653 728 3716 0001
750 3650 843 3735 passi
871 3649 1005 3736 viginti
1028 3649 1218 3735 quedtuor.
1244 3647 1289 3716 Et
1311 3646 1390 3733 ipsa
1413 3646 1622 3734 supradicta
1636 3645 1739 3733 pecie
1754 3665 1837 3716 cum
1860 3647 2015 3717 arbustis
2038 3649 2081 3718 de
2103 3670 2186 3738 pre-

327 3799 461 3870 dictum
484 3799 601 3868 locum
625 3799 847 3870 damminum
869 3818 932 3890 per
955 3801 1039 3868 finis
1062 3803 1098 3869 et
1121 3817 1331 3868 mensuras:
1358 3801 1403 3869 ab
1426 3798 1608 3869 occidente
1630 3801 1702 3871 fine
1719 3803 1795 3888 ipso
1809 3803 1929 3889 110110,
1945 3806 1981 3870 01
1996 3801 2079 3870 1010
2095 3809 2180 3872 0001

327 3957 426 4043 passi
449 3954 606 4042 triginta
629 3973 766 4040 unum;
793 3957 830 4022 et
853 3973 875 4023 a
898 3972 983 4042 pers
1008 3953 1158 4024 meridie
1181 3954 1252 4022 tine
1276 3951 1439 4023 iamdicti
1454 3956 1568 4024 nostri
1585 3955 1810 4044 monasterii,
1834 3958 1870 4024 et
1885 3956 1968 4025 inde
1984 3959 2069 4024 sunt
2083 3957 2183 4044 passi

328 4110 607 4198 quinquaginta.
634 4109 886 4178 Revolventem
909 4109 948 4177 in
971 4127 1056 4197 pars
1080 4107 1230 4178 orientis
1253 4113 1339 4179 sunt
1360 4109 1443 4179 inde
1466 4126 1530 4198 per
1553 4108 1632 4198 ipsa
1655 4109 1793 4180 revolta
1816 4111 1911 4199 passi
1934 4110 2089 4198 triginta
2120 4130 2187 4180 no·

328 4266 419 4335 bem.
447 4269 493 4335 Et
511 4265 646 4337 abinde
670 4265 910 4336 revolventem
934 4267 974 4334 in
998 4285 1083 4353 pars
1106 4265 1370 4358 septemtrionis
1393 4271 1429 4336 et
1451 4266 1535 4335 inde
1557 4267 1641 4336 sunt
1663 4283 1727 4352 per
1749 4267 1828 4352 ipsa
1852 4267 1991 4336 revolta
2013 4267 2110 4355 passi
2135 4270 2184 4338 si-

327 4421 441 4490 decim
465 4421 584 4490 minus
606 4421 730 4508 gubito
753 4438 836 4488 uno.
856 4421 901 4490 Et
924 4421 1058 4489 iterum
1081 4421 1212 4491 abinde
1236 4420 1474 4492 revolventem
1497 4421 1538 4488 in
1560 4438 1645 4508 pars
1668 4419 1818 4491 orientis
1841 4423 1878 4488 et
1900 4419 1983 4490 inde
2005 4423 2091 4489 sunt
2109 4421 2185 4490 lon·

327 4575 453 4662 gitudo
476 4576 572 4662 passi
597 4573 866 4663 quinquaginta
890 4581 963 4646 tres
986 4579 1022 4644 et
1045 4575 1169 4663 gubito
1191 4591 1263 4640 uno
1286 4577 1322 4643 01
1345 4591 1417 4642 000
1440 4573 1628 4660 palmum,
1659 4577 1695 4642 et
1717 4571 1847 4642 abinde
1880 4573 2120 4645 revolventem
2144 4577 2184 4644 in

328 4748 413 4816 pers
435 4730 585 4799 meridie
608 4735 693 4800 0001
716 4731 800 4800 1010
823 4728 917 4818 passi
941 4727 1087 4798 sidecim
1110 4725 1229 4796 minus
1244 4747 1315 4798 uno
1331 4727 1465 4815 gubito.
1483 4730 1530 4797 Et
1545 4729 1677 4796 iterum
1692 4727 1932 4797 revolventem
1948 4730 1989 4797 in
2004 4747 2089 4816 pars
2106 4730 2183 4798 ori-

328 4887 421 4956 entis
444 4891 481 4958 et
502 4889 585 4958 inde
608 4893 694 4958 0001
715 4887 810 4972 passi
834 4887 1014 4957 decernet
1037 4888 1182 4956 sebtem.
1208 4887 1252 4954 Et
1274 4885 1403 4954 abinde
1425 4884 1669 4954 revolventem
1693 4885 1732 4952 in
1755 4903 1840 4970 pars
1856 4883 2123 4954 sebtemtrionis
2142 4889 2179 4955 et

329 5042 413 5110 inde
437 5045 521 5112 sunt
542 5061 606 5128 per
630 5041 815 5129 longitudo
838 5042 932 5128 passi
956 5039 1223 5128 quinquaginta
1239 5039 1397 5126 quinque
1419 5039 1456 5106 et
1479 5038 1603 5124 gubito
1620 5055 1704 5104 uno.
1718 5039 1766 5106 De
1783 5037 1849 5106 1010
1865 5039 2110 5126 suprascripte
2128 5059 2184 5108 re·

329 5195 425 5263 volte
449 5198 535 5264 sunt
556 5213 619 5282 per
642 5212 765 5262 omnes
787 5193 921 5262 revolte
943 5194 1015 5261 fine
1032 5193 1229 5278 supradicti
1245 5191 1358 5259 nostri
1375 5193 1597 5262 monasterii.
1615 5194 1660 5261 Et
1676 5211 1698 5260 a
1713 5192 1978 5261 sebtemtrionis
1994 5193 2065 5262 fine
2082 5193 2183 5261 simi-

330 5351 413 5420 liter
435 5351 549 5420 nostri
572 5348 708 5436 superii
731 5347 955 5435 monasterii,
970 5351 1007 5416 et
1024 5347 1107 5416 inde
1128 5352 1212 5416 sunt
1235 5366 1297 5434 per
1320 5345 1505 5435 longitudo
1528 5348 1625 5436 passi
1648 5350 1791 5416 centum
1814 5347 1936 5416 decem
1959 5351 1996 5415 et
2020 5349 2110 5415 octo.
2139 5348 2184 5414 nt

330 5507 462 5574 iterum
484 5524 548 5592 per
571 5503 696 5573 eadem
719 5505 791 5570 tine
813 5500 927 5589 ipsius
949 5501 1062 5570 nostri
1086 5500 1292 5570 monasterii
1315 5499 1551 5570 revolventem
1568 5500 1607 5568 in
1622 5501 1701 5588 ipsa
1715 5499 1840 5568 eadem
1857 5517 1942 5586 pars
1956 5499 2182 5568 sebtemtrio·

330 5661 402 5746 010,
427 5661 464 5727 01
487 5657 571 5726 1010
595 5663 679 5726 0001
701 5659 796 5744 passi
820 5655 976 5743 triginta
994 5672 1065 5722 000
1080 5659 1116 5723 01
1131 5653 1268 5742 gubito.
1293 5647 1339 5722 Et
1362 5653 1493 5722 iterum
1517 5652 1757 5721 revolventem
1779 5652 1819 5719 in
1834 5671 1918 5738 pars
1934 5651 2128 5721 occidentis
2147 5657 2183 5721 et

332 5811 417 5880 inde
442 5815 528 5882 sunt
552 5811 735 5900 longitudo
760 5829 871 5897 usque
896 5809 971 5896 ipso
994 5808 1100 5875 tlubio
1125 5809 1219 5894 passi
1244 5807 1374 5894 viginti
1398 5825 1482 5894 sex,
1507 5811 1620 5876 totum
1644 5813 1889 5877 mensuratum
1911 5808 1956 5876 ad
1982 5809 2074 5875 iusto
2099 5823 2180 5893 pas-

487 5965 547 6020 100
577 5981 603 6021 v.
1955 5957 1992 6017 20
