5370 7104
622 466 668 539 28
1234 472 1345 544 uum
1373 469 1429 542 DE
1455 471 1736 552 TEMPORIBUS

575 685 657 758 684.
717 709 741 760 x
815 690 1012 764 Maruobam
1031 697 1234 787 agnoscitur
1253 690 1480 791 protosimbo-
1519 695 1598 766 714.
1659 721 1709 772 xu
1759 706 1961 782 Anastasius
1978 714 2037 806 qui
2067 725 2102 789 et
2115 716 2306 796 arthemius
2323 726 2348 820 ¹)
2378 727 2426 820 *).

867 860 952 932 lum.
974 862 1123 936 Arabum
1142 874 1176 937 et
1194 863 1363 936 abdellam
1379 859 1409 950 ⁰)
1422 885 1482 957 per·
1808 876 1955 952 Moritur
1981 880 2116 956 Ubalet.

871 1025 1078 1100 divisionem
1094 1027 1187 1102 filius
1202 1029 1313 1101 Zuber
1338 1021 1361 1124 ¹)
1378 1029 1483 1101 mori·
1521 1039 1601 1110 745.
1662 1063 1725 1114 xm
1765 1056 1798 1119 et
1823 1051 1986 1124 statuitur
2014 1055 2183 1128 suelinam
2209 1063 2289 1154 ψ).

870 1198 926 1261 tur
941 1191 1207 1282 maruthamat
1225 1193 1406 1288 elegerunt
1422 1213 1484 1287 pro
1523 1211 1602 1284 717,
1665 1236 1710 1288 xv
1764 1217 1994 1296 Theodosius,

873 1353 1485 1452 eoAbimeleobfiliumejusquiin·
1523 1375 1622 1448 718..
1663 1399 1674 1448 1
1760 1381 1938 1460 Leosurus

871 1522 1012 1595 terfecit
1039 1523 1162 1599 abdila.
1192 1525 1403 1599 iustinianus
1422 1525 1486 1598 mi·

875 1714 951 1776 nor,
973 1690 1065 1764 tilius
1091 1695 1300 1768 constantini
1327 1701 1363 1791 ²).

580 1860 664 1930 696.
726 1879 784 1944 xi,
824 1858 1043 1954 Liudpertus.

582 2017 664 2088 697.
726 2041 749 2090 x
823 2017 1003 2094 Leontius.

580 2185 661 2256 698.
723 2206 759 2256 xi
820 2189 1006 2284 Alipertus.

581 2349 661 2422 700.
722 2373 787 2424 x111
824 2356 993 2449 Tyberius
1009 2362 1077 2452 squi
1104 2374 1138 2435 et
1164 2364 1354 2441 absimarus
1379 2381 1418 2461 ⁸).

580 2515 662 2587 702.
721 2538 766 2590 xv
817 2522 983 2595 Romuald
1011 2526 1103 2600 Mius
1129 2532 1215 2626 ejus.

579 2687 659 2760 707.
718 2711 738 2760 v
813 2693 1023 2772 Iustinianus
1060 2707 1277 2798 supradictus
1316 2735 1395 2784 oum
1431 2727 1483 2814 ty-

871 2860 965 2934 berio
984 2863 1054 2936 snio
1073 2849 1297 2965 recuperatur
1314 2881 1338 2974 ⁴)
1365 2878 1401 2950 in
1420 2882 1484 2952 lm-

864 3037 958 3130 perio
986 3043 1076 3112 unde
1092 3043 1204 3117 iuerat
1231 3073 1250 3119 a
1268 3050 1397 3124 leontio
1414 3058 1484 3152 eje·

867 3214 956 3276 ctus.
986 3207 1132 3281 Moritur
1157 3213 1352 3286 abimelech
1369 3226 1404 3290 et
1416 3229 1483 3294 sta-

867 3371 977 3444 tuitur
1003 3398 1062 3467 pro
1084 3399 1124 3447 eo
1143 3376 1235 3451 titius
1252 3381 1327 3474 ejus
1354 3383 1481 3462 ubalet.

651 3587 658 3603 .
718 3553 778 3606 vm
831 3540 1038 3634 Asprandus.

649 3759 655 3771 .
718 3725 753 3774 rx
828 3707 915 3781 Liud
943 3712 1117 3788 Pannnns
1135 3724 1203 3816 (ste)
1222 3722 1261 3818 5).

649 3928 656 3943 .
718 3896 753 3948 m
829 3878 1039 3976 Philippious
1057 3889 1115 3980 qui
1134 3899 1168 3961 et
1185 3890 1374 3970 bardanius
1391 3903 1428 3996 θ).

1811 1564 1981 1628 secutore.

1525 1726 1605 1798 719.
1668 1747 1692 1796 11
1767 1727 1929 1824 Hymmar
1954 1731 2004 1824 ⁴⁰).
2045 1731 2338 1806 Protosimboium
2369 1736 2429 1807 ba-

1812 1898 1922 1970 betur.

1522 2073 1605 2146 721.
1667 2094 1702 2146 lv
1762 2074 1859 2168 Hyait
1884 2075 2030 2148 Arabum
2059 2078 2127 2150 dux
2154 2078 2299 2153 babetur
2324 2084 2381 2177 ¹¹).

1523 2239 1603 2310 725.
1662 2257 1726 2310 xm
1765 2239 1911 2311 Moritur
1938 2241 2029 2335 byzit
2055 2243 2145 2314 etei
2172 2247 2343 2318 suecessit
2368 2245 2432 2342 by-

1809 2424 1869 2472 san
1896 2405 2001 2475 frater
2027 2405 2112 2498 ejus.
2134 2407 2334 2502 Gregorius.
2355 2411 2428 2482 Hoc

1815 2590 1904 2637 anno
1931 2569 2101 2642 immenso
2136 2574 2290 2646 exercitu
2317 2599 2429 2647 sarra-

1809 2743 1887 2812 oeni
1912 2743 2066 2814 triennio
2099 2743 2235 2820 obsedit
2260 2759 2423 2823 constan·

1813 2913 1992 3006 tinopolim
2020 2921 2069 3010 ”·’).

1860 3379 2079 3484 MURATom

1562 3532 1584 3607 1)
1606 3532 1813 3606 Anastasius,
1837 3535 1893 3612 qui
1917 3543 1951 3597 et
1973 3539 2161 3602 Thremius.

1559 3678 1583 3756 ⁸)
1604 3647 1791 3744 Gueiinam.

1558 3839 1582 3918 ο)
1605 3840 1779 3902 Leosuras.
1890 3927 1894 3933 ¹

1558 3992 1594 4072 ¹⁰)
1615 3995 1778 4071 Hymmar.

1951 1397 1978 1478 ⁹)
2003 1413 2080 1460 oum
2108 1397 2327 1468 constantino
2353 1417 2431 1491 per-

576 4125 839 4143 *ηπ-αη-

1563 4135 1601 4202 ¹¹i
1612 4144 1681 4206 719.
1695 4165 1731 4207 11.
1744 4149 2426 4231 Hymmar.1³rotosymb01umhahetur-721.

916 4305 1133 4374 MURATORI

607 4446 638 4522 .¹)
661 4448 782 4510 Luber.

1561 4295 1595 4370 ¹²)
1618 4297 1688 4358 721.
1712 4317 1756 4359 ru.
1780 4301 1919 4363 Moritur
1940 4287 2032 4375 Hiiit,
2066 4315 2099 4367 et
2123 4308 2155 4368 ei
2179 4315 2343 4375 suecessit
2364 4316 2428 4396 Hy·

616 4591 639 4670 ²)
661 4593 866 4660 Iustinianus
890 4603 980 4666 filius
1005 4611 1112 4672 minor
1135 4613 1356 4685 Constantini,

614 4749 639 4830 8)
661 4753 828 4832 Tiberius,
852 4763 908 4838 qui
935 4771 968 4824 er
989 4767 1192 4832 Alismanus.
1878 4799 1880 4802 .
1904 4750 2035 4812 PERTZ

540 4907 543 4914 .
615 4901 639 4980 4)
663 4905 826 4986 recipitur
1561 4881 1585 4974 ὁ)
1608 4895 1678 4957 ria.
1701 4899 1907 4972 Anastasius,
1925 4902 1982 4978 qui
2005 4909 2038 4964 et
2060 4905 2267 4971 Anthemius.
2288 4912 2430 4978 Moritur

613 5043 637 5126 ε)
659 5048 879 5131 Liutprandus
1520 5045 1641 5108 Ubalet
1662 5054 1696 5108 et
1718 5052 1875 5112 statuitur
1897 5055 2073 5120 sueliman.

623 5202 648 5280 ⁸)
669 5205 854 5290 Philippus,
878 5215 934 5292 qui
958 5225 991 5278 et
1013 5222 1206 5290 Bardarius.

1522 5299 1786 5314 -t———

580 5424 845 5446 -Μ
1559 5486 1587 5559 *)
1606 5486 1646 5542 Le
1664 5489 1762 5558 parole
1782 5493 1952 5546 Anastasius
1972 5496 2019 5564 qui
2035 5502 2062 5550 at
2074 5463 2224 5554 'aremius
2236 5517 2305 5557 sono
2326 5503 2430 5562 seritte

969 5601 1101 5664 PERTZ

1524 5631 1555 5686 in
1573 5650 1705 5690 rosso-
1717 5635 1823 5702 Queste
1843 5644 1910 5692 note
1930 5656 1997 5693 sono
2016 5658 2074 5695 uns
2093 5649 2168 5699 sotto
2187 5644 2206 5697 Γ
2213 5645 2303 5715 altra3
2321 5647 2352 5702 la
2369 5649 2432 5720 pri·

609 5747 634 5826 ⁰)
659 5797 665 5808 .
691 5797 698 5812 .
724 5757 759 5811 et
780 5755 929 5819 Adollam
953 5779 1014 5839 per
1036 5760 1249 5826 divisionem.
1523 5797 1570 5834 ma
1589 5798 1605 5836 a
1624 5781 1746 5838 soconda
1765 5781 1816 5836 all·
1826 5783 1859 5837 A.
1879 5787 1938 5839 714.
1959 5785 1989 5839 la
2009 5792 2089 5842 terza
2108 5787 2158 5842 sll'
2169 5789 2200 5844 A.
2220 5791 2280 5846 715.
