5370 7104
981 503 1096 574 neuun
1125 503 1178 572 bu
1207 497 1489 570 TEMPORIBUS
2083 497 2106 566 3

346 757 559 812 ernanum
586 733 597 802 i
625 731 667 804 n.
695 727 814 814 xxvi,
842 725 974 810 xxvn,
1003 723 1150 810 xxvnn
1180 720 1464 817 co’nsponcenn
1490 720 1594 792 tiron.
1622 719 1736 792 unm
1763 719 1901 791 iuncus
1931 720 1960 791 n
1995 722 2092 816 nagge
2118 721 2150 794 n
2259 689 2264 698 '

348 891 497 965 rubrica:
528 888 725 982 displiciunt
749 886 909 978 capitulo.
940 885 1057 978 Incipit
1082 883 1165 955 liber
1191 881 1353 954 eiusdem.
1393 876 1458 950 Nel
1484 875 1609 948 Codice
1637 876 1802 960 Cavense,
1831 901 1944 950 messo
1984 879 2021 949 in
2050 878 2155 951 eolla-

194 1319 197 1326 *
302 1337 387 1394 hanc
410 1328 553 1410 amplius
575 1321 777 1404 sequendam
801 1319 902 1379 etiam
933 1313 969 1373 hi
992 1311 1048 1390 qui
1072 1315 1204 1388 septua-
1246 1305 1332 1380 dam,
1356 1309 1457 1370 etiam
1480 1311 1515 1370 hi
1537 1312 1593 1390 qui
1616 1313 1701 1374 LXX
1723 1313 1850 1391 magnis
1873 1313 2061 1393 divinisque
2085 1314 2155 1377 lau·

308 1484 399 1563 ginta
421 1478 550 1557 magnis
573 1473 762 1550 divinisque
778 1467 933 1529 laudibus
957 1462 996 1524 ad
1019 1459 1129 1524 coelos
1154 1455 1213 1518 tol·
1247 1461 1344 1524 dibus
1361 1464 1400 1524 ad
1417 1464 1526 1527 coelos
1550 1466 1681 1540 tollunt,
1706 1468 1876 1531 dubitant:
1900 1487 2041 1547 quorum
2063 1470 2153 1549 quis-

308 1632 391 1702 lunt,
416 1628 580 1690 dubitant·
605 1616 906 1697 Q¹10r1¹¹t¹q¹¹isque
930 1609 1019 1672 dicia
1035 1624 1213 1690 ΡθΐθΡθΧθ·
1246 1638 1310 1698 que
1334 1621 1423 1683 dicta
1445 1627 1666 1704 perspexerit,
1692 1626 1792 1690 credo
1813 1647 1886 1688 mox
1910 1634 2021 1690 nostro
2044 1629 2152 1692 labori

307 1780 352 1841 rit
376 1777 475 1840 credo
498 1792 573 1837 mou
596 1777 708 1833 nostro
740 1766 846 1828 labori
870 1760 1070 1826 calumniam
1100 1755 1212 1821 iacere
1249 1774 1448 1840 calumniam
1472 1783 1583 1843 facere
1607 1781 1764 1854 desistet,
1789 1785 1818 1844 si
1842 1803 1907 1846 non
1930 1785 2018 1847 hunc
2041 1791 2153 1846 tamen

307 1930 459 2002 desistet,
485 1929 513 1989 si
537 1946 601 1988 non
623 1928 712 1986 hunc
735 1932 846 1983 temen
869 1915 992 1987 lividis,
1010 1911 1097 1992 quod
1113 1907 1211 1979 absit,
1250 1929 1374 2005 lividis,
1398 1935 1485 2014 quod
1507 1937 1605 2010 absit,
1623 1939 1864 2020 contemplatur
1884 1939 2067 2002 obtutibus,
2090 1942 2157 2003 ue.

308 2081 550 2162 contemplatus
563 2073 871 2140 obtutibusverum,
883 2075 920 2128 ut
932 2082 1072 2143 cumque
1091 2062 1213 2128 lerant,
1251 2106 1324 2149 rum
1345 2095 1525 2170 utcumque
1550 2093 1670 2166 ferant,
1696 2094 1778 2157 haec
1802 2113 1876 2156 mea
1899 2097 2024 2176 scripta
2043 2097 2158 2174 legen,

310 2241 391 2300 haec
415 2255 489 2298 mea
520 2233 645 2313 scripta
666 2230 820 2307 legentes
851 2224 958 2306 Psim⁰
985 2218 1132 2280 mitum
1154 2233 1213 2294 Ps⁰
1253 2254 1315 2321 tes,
1339 2248 1445 2327 primo
1469 2246 1595 2308 editum
1618 2267 1677 2328 pro
1700 2255 1797 2330 captu
1820 2269 1893 2312 meo
1909 2249 2077 2324 libellum,
2095 2254 2158 2314 tibi

316 2402 413 2478 captu
437 2412 510 2456 meo
526 2391 681 2454 libellum
696 2388 758 2448 tibi
775 2383 993 2447 dilectissime
1017 2379 1101 2442 abba
1123 2393 1217 2437 meus
1253 2393 1473 2456 dilectissime
1490 2393 1600 2454 Abba,
1620 2396 1809 2459 Hucbmre
1826 2399 2092 2477 percurrendum
2108 2402 2158 2462 os.

310 2549 528 2612 hebetvertae
551 2543 815 2630 percurrendum
839 2546 936 2618 atque
961 2531 1214 2598 examinandum
1253 2549 1349 2607 fero:
1386 2544 1526 2605 mulium
1549 2544 1759 2626 deprecans,
1787 2552 1824 2607 ut
1846 2548 1873 2607 sq
1897 2547 1977 2626 quid
1999 2549 2033 2608 jn
2057 2566 2095 2608 00
2119 2555 2155 2608 tu

311 2685 1220 2779 offeromultumdeprecans,utsiquidineovitupe-
1253 2697 1475 2778 vituperabile
1499 2697 1780 2776 deprehenderis,
1814 2700 1926 2762 statim
1949 2703 2032 2763 mihi
2056 2707 2162 2767 corsi.

312 2848 418 2910 rabile
433 2845 695 2928 deprehenderis
708 2839 913 2903 statimmihi
927 2833 1220 2914 corrigendumin-
1255 2853 1399 2930 gendum
1421 2853 1586 2912 insinues,
1621 2853 1663 2912 Ar
1694 2853 1753 2913 ubi
1776 2853 1927 2915 madinare
1959 2874 1996 2918 ac
2019 2859 2169 2920 rationa.

312 3005 438 3062 sinues.
459 2998 502 3058 At
524 2997 581 3058 ubi
605 2995 754 3059 ordinate
779 3011 816 3055 ac
839 2989 1085 3052 rationabiliter
1107 2993 1217 3048 actum
1255 2999 1370 3063 himer
1392 3008 1502 3065 actum
1522 2999 1660 3072 videris,
1684 3019 1816 3062 meeum
1841 3003 1908 3062 Deo
1930 3001 1986 3080 qui
2011 3001 2158 3076 donavit,

316 3159 454 3232 Videris,
468 3177 600 3220 mecum
623 3156 683 3217 ‘100
706 3155 761 3234 qui
779 3153 921 3222 fimavit.
947 3156 981 3211 Θῑ
1001 3150 1074 3209 Sine
1090 3162 1154 3226 (11¹0
1170 3147 1220 3206 nl·
1256 3165 1290 3222 et
1311 3160 1384 3220 sine
1408 3177 1471 3236 quo
1495 3156 1580 3216 nihil
1603 3173 1778 3236 possumus
1797 3157 1920 3228 lacere,
1936 3155 2073 3220 devotus
2088 3178 2164 3238 gra-

275 3331 280 3340 ·
317 3312 398 3374 chil·
418 3361 424 3375 ·
445 3359 453 3375 ·
473 3312 617 3390 cratiae
634 3328 723 3388 aaas·
741 3309 776 3370 Si
793 3327 892 3387 auem
908 3325 987 3368 sane
1005 3304 1057 3366 vel
1073 3303 1157 3364 illud
1173 3304 1221 3364 0¹⁴-
1256 3319 1321 3379 uas
1344 3335 1432 3394 agas.
1457 3318 1491 3379 sa
1514 3336 1612 3397 quem
1636 3335 1715 3378 sane
1737 3317 1789 3378 vel
1813 3318 1896 3379 inm
1919 3319 2076 3393 anenno,
2101 3341 2162 3384 cur
2237 3351 2242 3360 -

316 3475 371 3536 sen
387 3518 488 3538 .....
503 3473 634 3549 negotio
650 3472 812 3547 temptare
828 3461 1103 3544 presumpssssiffl·
1119 3475 1222 3538 quale
1257 3471 1383 3549 uliquid
1416 3471 1455 3531 de
1490 3470 1651 3548 ejusmodi
1678 3471 1811 3548 negotio
1838 3478 1968 3532 tentare
1990 3490 2163 3551 praesum-

316 3625 356 3688 de
372 3627 426 3688 his
442 3644 526 3706 quae
543 3625 684 3706 sparsim
701 3624 735 3684 in
750 3630 902 3684 veterum
919 3617 1054 3698 scriptis
1067 3614 1220 3675 invenire
1258 3628 1396 3707 pserisffi
1413 3641 1516 3702 quare
1540 3624 1580 3684 de
1609 3625 1662 3684 his
1686 3641 1770 3702 quae
1796 3624 1937 3703 sparsim
1961 3625 1995 3684 jn
2018 3633 2171 3688 veterum

316 3787 476 3865 poteram,
501 3781 571 3860 ipse
597 3798 716 3838 novum
740 3795 819 3858 opus
843 3777 986 3838 condere
1009 3770 1222 3840 Sluduerlm‚
1259 3783 1393 3862 seriptis
1417 3781 1561 3843 inveniri
1584 3785 1748 3861 poterant,
1767 3780 1839 3860 ipse
1856 3800 1976 3842 novum
1992 3801 2073 3862 opus
2090 3802 2164 3846 con·

317 3939 453 4001 audiant
475 3935 607 3999 dicente
631 3939 743 3994 saneto
767 3931 955 4008 augustino,
973 3929 1051 4008 quia
1074 3927 1148 3988 ideo
1165 3946 1224 3988 ne·
1261 3931 1340 3992 dere
1364 3928 1562 4000 studuerim,
1588 3927 1709 3998 audiat,
1735 3931 1867 3990 dicente
1894 3931 1928 3992 S.
1950 3933 2162 4010 Augustino:

318 4109 414 4154 cesse
439 4094 490 4151 est
510 4087 624 4168 plures
648 4104 665 4146 a
688 4083 840 4164 pluribus
864 4081 937 4142 fieri
967 4079 1070 4140 libros
1095 4075 1224 4136 diverso
1262 4082 1340 4160 quia
1362 4081 1437 4143 ideo
1461 4098 1601 4144 necesse
1625 4087 1676 4142 est
1697 4081 1812 4162 plures
1831 4081 2015 4162 apluribus
2038 4085 2112 4147 fieri
2129 4087 2169 4148 li-

318 4243 417 4317 stilo,
442 4261 507 4304 non
530 4241 663 4302 diversa
685 4237 761 4299 lide.
793 4236 902 4298 Etiam
930 4235 970 4295 de
993 4230 1226 4312 questionibus
1263 4234 1339 4295 bros
1363 4233 1493 4295 diverso
1517 4234 1621 4314 stylo,
1647 4253 1711 4296 non
1735 4235 1867 4298 diversa
1890 4236 1976 4308 fide,
2001 4241 2103 4300 etiam
2126 4243 2165 4304 de

319 4393 483 4467 eiusdem,
507 4398 544 4454 ut
566 4391 606 4453 ad
629 4390 790 4472 plurimos
814 4407 869 4450 res
892 4387 963 4468 ipsa
981 4383 1165 4467 perveniat,
1185 4379 1225 4442 ad
1263 4390 1494 4469 questionibus
1518 4389 1673 4461 eisdem,
1704 4395 1742 4450 ut
1771 4389 1810 4450 ad
1832 4388 1993 4470 plurimos
2016 4411 2072 4454 res
2094 4393 2166 4473 ipsa

321 4547 402 4610 alios
426 4547 497 4619 sic,
533 4543 573 4606 ad
595 4542 678 4604 alios
702 4549 812 4603 autem
836 4558 901 4600 nun
923 4538 984 4598 sic.
1020 4535 1166 4597 Audiant
1195 4539 1228 4594 et
1263 4542 1426 4622 pervenit:
1452 4540 1492 4600 ad
1514 4540 1597 4602 alios
1620 4541 1681 4615 sic,
1706 4541 1747 4602 ad
1769 4541 1852 4604 alios
1875 4548 1987 4604 autem
2009 4545 2072 4606 550,
2103 4548 2172 4608 Au.

322 4725 375 4769 me
397 4725 456 4788 pro
479 4723 531 4766 me
555 4701 756 4783 simpliciter
787 4695 1057 4779 respondentem.
1091 4693 1151 4756 Cui
1181 4690 1227 4751 di·
1264 4691 1333 4750 diat
1355 4696 1388 4749 et
1410 4704 1462 4752 me
1483 4705 1542 4768 pro
1572 4706 1624 4747 me
1649 4686 1850 4767 simpliciter
1882 4687 2167 4768 respondentem:

292 4817 294 4823 v
323 4861 445 4944 splicet
466 4859 519 4922 vel
543 4857 748 4938 superfluum
764 4850 895 4912 videtur
911 4845 998 4927 quod
1013 4846 1096 4907 haec
1112 4847 1227 4921 rogatu
1266 4839 1320 4902 cui
1343 4836 1515 4919 displicet,
1533 4833 1587 4896 vel
1603 4833 1807 4914 superfluum
1822 4833 1964 4906 videtur,
1979 4833 2065 4913 quod
2087 4834 2171 4898 haec

324 5019 464 5079 fratrum
499 5013 732 5090 undecumque
766 5005 886 5084 collegi
919 5001 1085 5081 uniusque
1120 4997 1227 5060 libelli
1266 5005 1381 5078 rogatu
1404 4999 1544 5060 fratrum
1565 4993 1785 5072 undecunque
1823 4992 1966 5070 collegi,
2001 4994 2168 5073 uniusque

325 5167 475 5232 conclusi
491 5171 608 5227 tenore
625 5161 769 5224 dimittat
784 5176 824 5221 ea
839 5153 980 5233 legenda
995 5155 1023 5214 si
1039 5152 1096 5231 qui
1110 5151 1227 5223 velint,
1267 5154 1378 5218 libelli
1400 5159 1516 5215 tenore
1542 5147 1707 5220 conclusi,
1731 5146 1876 5208 dimittat
1897 5163 1937 5208 ea
1958 5146 2116 5225 legenda:
2141 5149 2170 5209 si

324 5319 440 5400 etipse
454 5317 494 5380 de
511 5311 740 5379 communibus
752 5313 883 5391 patrum
896 5307 1146 5384 lontibus,quae
1159 5304 1226 5366 sibi
1267 5305 1344 5384 quis
1369 5301 1462 5373 velit,
1487 5305 1521 5361 et
1543 5299 1615 5380 ipse
1640 5296 1680 5358 de
1703 5295 1934 5359 communibus
1956 5301 2086 5378 patrum
2103 5297 2176 5358 lon·

325 5470 461 5551 suisque
477 5467 635 5530 sulficere
651 5463 833 5526 arbitretur
855 5461 991 5522 auriens
1014 5475 1147 5519 mecum
1170 5456 1232 5516 mi·
1266 5457 1384 5528 tibus,
1417 5470 1502 5534 quae
1537 5451 1602 5512 sibi
1633 5450 1770 5530 suisque
1804 5449 1963 5512 sufficere
1987 5447 2173 5510 arbitretur

326 5628 380 5691 chi
396 5621 659 5690 nichilhominus
676 5613 1019 5681 debitatraternitatis
1032 5612 1231 5674 intemerata
1269 5609 1453 5678 hauriens,
1485 5624 1615 5668 mecum
1638 5603 1858 5667 nihilominus
1881 5603 1993 5666 debita
2016 5603 2175 5664 fraterni-

327 5783 399 5844 iurs
415 5777 589 5840 custodiat.
606 5771 749 5853 Explicit
760 5769 915 5853 preloque
931 5767 1095 5850 incipiunt
1110 5766 1231 5848 sepita.
1270 5765 1347 5826 tatis
1370 5764 1570 5826 intemerata
1588 5760 1663 5837 jura
1686 5759 1860 5821 custodiat.
