5422 7102
1021 556 1435 637 nietontuicns
2022 505 2108 684 Ιίξιζ3

305 775 387 844 liter
412 773 599 844 bolueritis
622 781 686 846 eto.
712 777 881 863 Sequitur
902 787 1067 850 consueto
1088 785 1278 876 formato,
1311 793 1450 859 stotnto
1480 795 1615 863 nenicto
1637 796 1888 882 quodraginta
1914 797 2001 865 anri
2026 799 2160 868 solido-

299 945 386 994 rnnr
410 929 656 998 Constantini.
681 935 716 999 et
739 931 862 1001 taliter
886 935 1042 1003 scribere
1079 938 1285 1024 rogabimus
1309 943 1343 1008 te
1368 941 1555 1028 iaquintus
1579 946 1754 1032 notarius,
1780 949 1899 1015 actum
1925 947 2080 1018 salerno.

343 1054 375 1170 †
399 1083 474 1170 Ego
497 1101 581 1151 ursu
607 1100 663 1152 me
687 1087 882 1174 subscripsi

344 1203 375 1320 †
400 1237 475 1324 Ego
498 1237 693 1324 iaquintus.

1258 1467 1442 1476 ...-..-—-...

1074 1755 1374 1836 DCCGXX.

1077 2015 1131 2091 A.
1160 2013 1210 2091 D.
1240 2012 1366 2095 1029.

347 2255 383 2394 †
409 2308 449 2373 ln
473 2305 615 2375 nomine
638 2307 769 2376 domini
788 2308 975 2377 undecimo
990 2327 1086 2378 anno
1103 2311 1328 2397 principatus
1344 2310 1461 2379 domni
1480 2312 1592 2379 nostri
1609 2312 1805 2399 guaimarii
1823 2313 1890 2381 tilii
1908 2315 2029 2383 domni
2045 2319 2155 2404 guai-

303 2461 411 2548 mari,
435 2458 581 2548 gloriosi
605 2459 843 2549 principibus,
859 2479 980 2530 mense
997 2461 1119 2548 iulinS,
1144 2463 1353 2531 duodecima
1377 2463 1586 2532 indictione.
1613 2467 1900 2534 Memoratorium
1924 2467 2023 2536 sactu
2049 2487 2072 2537 a
2096 2489 2153 2536 me

304 2615 499 2684 musandus
521 2615 578 2683 dei
603 2615 725 2703 gratia
749 2619 860 2685 abbas
883 2620 1097 2686 monasterio
1121 2623 1243 2686 sancte
1268 2621 1364 2706 soiie,
1387 2618 1449 2706 qui
1473 2620 1584 2687 situm
1607 2625 1661 2688 est
1684 2622 1782 2688 intus
1806 2625 1900 2690 hano
1924 2621 2154 2693 salernitana

303 2768 450 2838 cibitate
464 2817 474 2855 ,
499 2770 561 2856 qni
584 2768 654 2835 fuit
677 2771 916 2856 pertinentem
941 2769 1081 2838 cuidam
1104 2770 1259 2856 guaiferi
1284 2771 1358 2838 filio
1383 2770 1475 2838 idem
1499 2771 1654 2858 guaiferi
1679 2773 1826 2858 comiti,
1863 2793 1903 2841 eo
1944 2774 2037 2859 quod
2068 2779 2155 2842 anta

248 3005 254 3010 ι
302 2923 491 3009 subscripti
518 2927 625 2991 testes
648 2942 711 3010 per
734 2923 983 2992 convenientia
1006 2923 1157 2991 tradidit
1180 2924 1329 2993 iohanni
1363 2929 1399 2993 et
1434 2927 1570 2994 steiano
1594 2927 1758 3013 germani
1795 2927 1860 2994 iiiii
1884 2929 1974 3014 petri
2009 2927 2052 2996 de
2084 2929 2154 2997 due

303 3076 402 3165 pecie
424 3075 468 3144 dc
490 3078 598 3145 terris
622 3095 701 3144 cum
726 3079 883 3145 arbustis
907 3077 1084 3146 dalocum
1108 3077 1267 3153 nuceria,
1294 3081 1355 3146 ubi
1380 3082 1499 3148 statua
1522 3080 1669 3184 dicitur,
1697 3099 1769 3150 una
1792 3099 1839 3148 ex
1863 3083 1938 3167 ipse
1962 3083 2065 3168 pecia
2088 3103 2153 3171 per

300 3251 342 3303 as
365 3231 449 3301 finis
473 3236 509 3301 et
532 3250 743 3302 mensuras:
776 3232 819 3300 de
841 3251 887 3300 ex
912 3233 1007 3299 omni
1032 3237 1135 3319 parte
1159 3232 1230 3298 fine
1254 3233 1366 3319 ipsius
1390 3232 1598 3302 monasterii
1619 3256 1626 3299 :
1659 3236 1705 3301 ab
1727 3233 1865 3302 oriente
1888 3235 1986 3320 passi
2010 3239 2156 3322 septua-

309 3387 413 3473 ginta
437 3390 528 3474 neto,
551 3390 587 3454 et
610 3385 813 3453 rebotbenta
830 3386 867 3452 in
885 3385 1048 3472 partibus
1072 3387 1265 3454 occidentis
1288 3385 1383 3472 passi
1408 3387 1572 3472 quindeni
1597 3391 1632 3455 et
1655 3387 1760 3484 pedes
1783 3388 1866 3474 dun,
1889 3389 1925 3455 et
1948 3388 2078 3457 abinde
2102 3407 2156 3456 re·

303 3541 466 3610 bolbonia
489 3539 528 3606 in
544 3539 707 3626 partibus
732 3539 881 3606 meridie
905 3539 1002 3626 passi
1026 3538 1219 3625 sexaginta
1243 3538 1432 3624 quadtuor:
1458 3559 1480 3607 a
1504 3541 1608 3626 parte
1633 3539 1781 3608 meridie
1806 3539 1902 3608 iusta
1927 3541 1987 3610 via
2012 3541 2156 3627 publica

303 3689 396 3776 passi
414 3688 543 3778 biginti
569 3689 747 3776 quadtuor
770 3692 806 3756 et
828 3689 951 3776 pedem
976 3708 1100 3756 unum:
1127 3710 1149 3758 a
1172 3695 1273 3776 parte
1297 3691 1492 3758 occidentis
1516 3691 1609 3777 passi
1634 3709 1699 3757 sex
1721 3695 1757 3758 et
1779 3694 1904 3778 guvita
1928 3697 2001 3761 tres
2025 3699 2060 3762 et
2078 3694 2157 3780 pal-

302 3863 414 3929 mum,
439 3846 476 3910 et
493 3843 623 3913 abinde
638 3845 843 3914 rebolbente
867 3845 906 3911 in
930 3862 1013 3930 pars
1036 3843 1298 3930 septemtrionis
1320 3843 1415 3929 passi
1440 3843 1570 3930 biginti
1596 3844 1754 3929 quinque
1778 3847 1814 3912 et
1838 3843 2005 3912 medium:
2032 3846 2075 3916 de
2093 3865 2155 3913 su-

303 3997 468 4086 pradicta
491 3995 675 4066 mensuria
698 3998 741 4066 de
764 3997 952 4066 medietate
976 3997 1107 4066 exinde
1130 3998 1191 4084 qui
1208 3995 1277 4064 fuit
1292 3993 1463 4084 guaiferi,
1489 3995 1640 4064 tradidit
1663 3997 1796 4066 exinde
1820 3997 1977 4084 ipsorum
2001 3999 2154 4068 iohanni

301 4157 338 4221 et
360 4151 491 4220 stefani
516 4149 681 4218 inclitum
697 4147 781 4218 sslut
797 4149 890 4236 quod
914 4147 1070 4236 pertinet
1096 4147 1134 4214 in
1159 4147 1234 4234 ipso
1257 4150 1488 4236 monasterio:
1515 4149 1593 4236 ipsa
1616 4149 1690 4218 alia
1712 4149 1815 4236 pecia
1838 4150 2005 4218 similiter
2029 4170 2092 4238 per
2111 4171 2152 4220 as

302 4306 385 4373 finis
400 4309 437 4372 ct
452 4321 651 4374 mensuras:
677 4303 719 4371 de
744 4322 790 4371 ex
814 4302 911 4369 omni
935 4307 1036 4389 parte
1062 4303 1131 4369 tine
1155 4300 1268 4388 ipsius
1292 4300 1592 4386 monasterii,per
1615 4301 1798 4370 mensoria
1821 4304 1867 4370 ab
1889 4303 2027 4373 oriente
2050 4304 2150 4391 passi

298 4458 418 4528 decem
442 4461 479 4526 et
503 4461 592 4526 octo:
618 4478 641 4527 a
663 4455 813 4525 meridie
836 4456 930 4543 passi
954 4453 1085 4543 biginti
1110 4454 1314 4542 quadtuor:·
1329 4457 1375 4523 ab
1398 4453 1617 4522 occidentem
1639 4455 1735 4540 passi
1758 4455 1879 4523 decem
1901 4449 1938 4524 ct'
1963 4459 2105 4526 nobem:
2132 4479 2155 4527 a

298 4611 563 4701 septemtrionis
585 4609 681 4700 passi
707 4611 839 4700 biginti
864 4613 1009 4696 septem:
1029 4613 1103 4678 tota
1119 4609 1326 4696 supradicta
1350 4609 1533 4677 mensurio
1555 4608 1601 4677 ad
1617 4608 1708 4676 iusto
1732 4627 1897 4694 passum:
1923 4611 2090 4681 similiter
2115 4617 2152 4680 et

297 4759 341 4832 de
365 4765 436 4834 ista
458 4766 561 4852 pecia
584 4763 735 4834 tradidit
757 4761 914 4848 ipsorum
938 4760 1103 4848 germani
1128 4759 1292 4828 inclitum
1318 4759 1399 4828 illut
1421 4758 1514 4846 quod
1537 4758 1667 4826 exinde
1691 4757 1847 4844 pertinet
1870 4760 1909 4826 in
1933 4759 2009 4848 ipso
2032 4780 2155 4832 mona·

299 4918 427 4988 sterio:
453 4919 492 4986 in
514 4917 581 4986 tali
606 4917 730 4985 ordine
754 4915 962 5003 supradicta
986 4911 1180 4983 traditione
1204 4912 1349 4979 illorum
1371 4909 1546 4998 tradidit,
1571 4915 1611 4978 ut
1633 4909 1758 4979 amodo
1782 4916 1817 4980 et
1841 4930 1978 4999 semper
2013 4915 2059 4983 ad
2086 4935 2153 4986 sua

298 5075 335 5140 et
357 5071 401 5139 de
424 5071 500 5138 suis
523 5069 687 5139 eredibus
710 5072 802 5137 esset
824 5065 1008 5152 potestatis
1031 5063 1113 5133 illut
1136 5065 1344 5151 tenendum,
1368 5065 1404 5130 et
1427 5062 1522 5130 sovee
1546 5067 1581 5130 et
1604 5061 1718 5130 omnis
1742 5081 1804 5131 sue
1828 5062 2001 5132 utilitatis
2017 5064 2153 5136 ibidem

299 5223 516 5310 iaciendum,
539 5227 576 5292 ct
598 5223 729 5291 ibidem
754 5219 908 5289 residere
932 5223 968 5287 et
991 5218 1142 5305 avitare,
1167 5223 1203 5286 et
1226 5237 1289 5305 per
1314 5217 1430 5284 omnis
1453 5233 1591 5284 annum
1614 5235 1678 5284 suo
1700 5221 1856 5303 tempore
1880 5217 1968 5304 ipsis
1992 5221 2152 5289 arbustis

296 5377 341 5447 de
363 5396 469 5465 super
494 5379 531 5445 et
555 5375 598 5444 de
621 5377 742 5462 supter
760 5374 935 5459 laborare,
954 5375 989 5440 et
1006 5369 1156 5457 sultare,
1173 5375 1208 5439 et
1224 5367 1478 5456 propaginare,
1494 5373 1543 5455 et,
1562 5369 1622 5436 ubi
1641 5368 1829 5456 meruerit,
1846 5373 1991 5440 arbores
2008 5376 2044 5440 et
2060 5371 2153 5440 vites

299 5528 433 5598 ibidem
458 5526 625 5614 plantare
647 5529 683 5595 et
706 5543 867 5612 surgere,
891 5528 928 5593 et
951 5523 1002 5590 sic
1026 5540 1090 5608 per
1113 5539 1248 5590 annum
1271 5523 1385 5589 totum
1403 5521 1484 5588 illut
1501 5519 1664 5590 laborare
1680 5527 1715 5588 et
1730 5521 1883 5608 sultare,
1909 5521 2002 5590 sicut
2019 5522 2151 5613 inipso

297 5680 414 5749 locum
436 5679 621 5764 meruerit,
646 5683 687 5747 ut
709 5678 898 5765 proficiant
921 5679 956 5744 et
981 5692 1051 5744 non
1075 5674 1307 5761 dispereant,
1334 5678 1373 5741 ut
1397 5691 1459 5760 per
1483 5673 1598 5740 omnis
1623 5690 1759 5740 annum
1783 5673 1916 5742 bonum
1948 5676 2151 5748 laboratum

619 5775 628 5790 1

298 5836 426 5922 pareat
449 5835 485 5902 et
509 5832 649 5902 salbum
672 5830 754 5899 illut
778 5831 921 5900 abeant.
945 5833 982 5896 et
1003 5845 1066 5913 per
1089 5845 1224 5895 annum
1255 5827 1498 5896 devindemia
1522 5826 1660 5896 iaciant
1684 5825 1756 5893 illis
1793 5827 1886 5896 scire
1921 5848 2005 5916 pars
2038 5832 2154 5918 ipsius
