5466 7106
596 497 665 572 156
1236 500 1416 571 donax
1458 497 1721 570 CAVENSIS

544 727 580 793 et
603 725 701 795 fobea
716 728 778 794 het
802 743 865 796 sue
889 723 1059 816 utilitatis
1082 726 1177 797 iusta
1200 726 1339 796 ratione
1362 724 1494 795 ibidem
1516 723 1740 794 faciendum:
1757 727 1801 792 ut
1827 726 1902 795 tota
1930 721 2139 812 supradicta
2161 723 2397 815 tradictiune,

544 877 608 964 qui
630 881 684 946 est
707 881 806 947 terra
829 896 911 947 cum
934 878 1093 948 arbustis
1115 877 1252 965 vitatis,
1269 895 1332 963 per
1347 877 1462 945 omnis
1479 895 1622 952 wannum
1644 879 1723 946 acto
1746 881 1904 963 tempore
1927 875 2100 966 desuper
2135 881 2172 946 et
2202 876 2245 946 de
2268 879 2398 946 subtus

544 1029 629 1100 illut
651 1029 827 1108 laborent,
851 1034 888 1100 et
909 1033 1069 1119 operam,
1087 1033 1123 1099 et
1138 1028 1274 1098 cultent
1296 1031 1442 1117 bunum,
1459 1032 1495 1099 et
1511 1029 1571 1098 ubi
1589 1031 1771 1117 meruerit,
1794 1033 1939 1100 arbores
1962 1035 1999 1099 et
2023 1032 2116 1100 vites
2140 1030 2190 1099 ibi
2217 1029 2397 1118 plantent,

543 1189 581 1256 et
603 1186 855 1276 propaginent,
872 1191 908 1256 et
922 1186 1094 1274 studient,
1111 1189 1147 1254 et
1163 1189 1328 1273 surgant,
1353 1185 1448 1254 sicut
1471 1184 1645 1253 meruerit
1668 1186 1799 1252 bouum
1816 1188 1899 1254 exet
1916 1187 2104 1255 arbustum
2119 1185 2157 1253 iu
2175 1185 2251 1273 ipso
2266 1187 2397 1272 locum,

544 1344 584 1410 ut
605 1359 669 1428 per
693 1341 807 1409 omnis
830 1359 966 1412 annum
989 1341 1185 1427 perlectum
1208 1342 1334 1426 pareat
1355 1341 1539 1426 operatum
1564 1338 1607 1408 de
1631 1357 1738 1426 super
1761 1338 1862 1408 etde
1886 1343 2011 1426 suptus
2024 1343 2099 1408 tuta
2115 1340 2194 1427 ipsa
2210 1339 2396 1428 tradietio,

543 1495 723 1581 quatenus
746 1493 955 1562 annualiter
978 1492 1142 1580 proficiat
1164 1495 1200 1562 et
1224 1510 1296 1560 non
1319 1491 1515 1581 dispereat,
1538 1497 1574 1561 et
1597 1493 1738 1563 salbum
1756 1493 1839 1562 illut
1855 1493 1978 1582 faciat,
1994 1496 2088 1562 sieut
2103 1495 2276 1563 meruerit
2290 1499 2326 1562 et
2341 1496 2398 1562 iu-

543 1650 638 1715 stum
662 1644 783 1716 fuerit.
810 1648 855 1713 ut
876 1665 939 1733 per
963 1645 1079 1714 omnis
1102 1663 1237 1716 annum
1259 1665 1323 1734 per
1347 1645 1526 1716 vindemie
1549 1666 1612 1734 per
1636 1651 1715 1716 acto
1738 1651 1896 1734 tempore
1912 1647 2048 1716 faciant
2063 1647 2156 1714 scire
2170 1665 2225 1714 me
2242 1647 2298 1714 vel
2314 1665 2396 1715 suc-

542 1818 700 1870 cessores
723 1819 832 1889 meus,
857 1805 898 1870 ut
920 1801 1053 1870 ibidem
1076 1799 1276 1888 dirigamus
1299 1805 1447 1869 missum
1470 1805 1646 1888 nostrum,
1662 1805 1698 1870 et
1716 1799 1775 1866 ille
1799 1799 1942 1887 suisque
1967 1798 2130 1868 eredibus
2153 1799 2325 1869 adiubent
2350 1800 2395 1870 ad

540 1954 776 2024 conclaudum
799 1972 970 2042 organas,
996 1955 1089 2042 quod
1113 1973 1197 2041 pars
1220 1953 1333 2041 ipsius
1356 1951 1564 2023 monasterii
1588 1954 1670 2021 abet
1686 1951 1732 2020 ad
1749 1951 1935 2020 cellarium
1961 1955 2134 2039 nostrum,
2151 1953 2244 2038 quud
2260 1955 2342 2023 abet
2357 1954 2397 2022 in

539 2109 617 2195 ipsa
641 2112 741 2176 curte
764 2108 928 2195 maiore,
953 2111 1015 2176 het
1038 2107 1202 2176 nuncient
1224 2111 1260 2175 et
1283 2107 1441 2175 studient
1464 2109 1576 2192 bona,
1602 2107 1695 2174 sicut
1718 2105 1904 2191 meruerit3
1929 2123 2090 2192 organea
2113 2106 2204 2193 ipsa,
2230 2107 2290 2176 ubi
2313 2109 2393 2194 ipsa

540 2261 731 2330 medietate
754 2260 798 2328 de
822 2261 898 2347 ipso
922 2260 1058 2347 viuum,
1083 2259 1175 2345 quod
1199 2260 1244 2326 ab
1268 2257 1371 2326 illum
1394 2261 1440 2328 ad
1464 2260 1580 2346 ipsum
1604 2258 1752 2326 missum
1776 2262 1937 2327 nostrum
1961 2261 2141 2346 ebenerit,
2167 2261 2309 2329 mittere
2336 2261 2396 2330 de-

543 2413 701 2500 buerint,
726 2417 762 2481 et
786 2413 952 2481 ordinent
975 2413 1052 2498 ipsa
1074 2428 1232 2498 organea
1250 2410 1289 2478 in
1307 2411 1423 2498 ipsum
1446 2411 1645 2499 cellarium,
1663 2414 1757 2482 sicut
1774 2414 1958 2500 meruerit,
1983 2417 2019 2482 et
2042 2412 2102 2482 ille
2126 2417 2188 2482 het
2211 2432 2292 2482 suus
2318 2435 2396 2486 ere·

542 2567 604 2636 des
627 2588 691 2654 per
714 2568 831 2634 omnis
853 2585 990 2636 anuum
1014 2565 1232 2634 bindemient
1257 2569 1332 2635 tuta
1355 2568 1435 2654 ipsa
1456 2569 1637 2656 tradictiu,
1662 2573 1696 2636 et
1720 2587 1838 2655 poma,
1863 2569 1894 2635 si
1920 2567 1968 2636 ibi
1993 2567 2147 2654 abuerit,
2171 2569 2303 2637 exinde
2322 2569 2395 2636 col·

543 2722 675 2810 ligant,
699 2728 735 2791 et
757 2723 800 2792 de
822 2720 937 2789 omnis
962 2722 1086 2790 vinum
1109 2727 1145 2790 et
1168 2739 1271 2808 poma
1295 2721 1424 2791 exinde
1448 2723 1656 2792 annualiter
1679 2724 1805 2792 inclita
1829 2723 2018 2792 medietate
2041 2742 2104 2808 per
2127 2724 2241 2791 omnis
2256 2743 2395 2792 aunum

543 2878 626 2946 inde
649 2877 759 2946 deant
781 2878 827 2946 ad
851 2877 926 2964 ipso
948 2881 1110 2945 nostrum
1132 2878 1302 2963 missum,
1326 2881 1362 2944 et
1387 2875 1526 2964 reliqua
1561 2877 1749 2946 medietate
1772 2875 1854 2945 inde
1879 2877 1947 2945 sivi
1971 2879 2128 2964 abeant,
2153 2881 2189 2945 et
2213 2880 2291 2964 ipsa
2318 2898 2395 2946 me·

544 3031 677 3100 dietate
701 3033 744 3100 de
768 3033 843 3118 ipso
868 3031 994 3098 vinum
1017 3029 1167 3117 predicti
1190 3030 1414 3118 monasterii,
1431 3051 1500 3117 que
1516 3032 1561 3101 ad
1578 3032 1693 3118 ipsum
1710 3036 1870 3098 nostrum
1894 3030 2043 3098 missum
2059 3034 2105 3099 ab
2123 3031 2224 3098 illum
2240 3033 2395 3119 benerit,

544 3204 608 3271 per
631 3187 745 3255 omnis
768 3205 904 3255 annum
928 3205 1009 3254 cum
1034 3203 1097 3252 suo
1120 3175 1290 3272 aspendio
1313 3185 1395 3252 illut
1418 3187 1562 3272 portent
1585 3185 1630 3253 ad
1653 3186 1770 3271 ipsum
1793 3184 1980 3252 cellarium
1996 3183 2109 3270 ipsius
2125 3187 2336 3254 monasterii
2354 3193 2390 3255 et

545 3339 693 3407 mittant
717 3339 799 3407 illut
821 3339 859 3407 in
883 3340 960 3426 ipsa
984 3342 1168 3426 horganea
1192 3339 1284 3424 quod
1307 3338 1380 3406 illis
1403 3337 1661 3423 conciaberint,
1686 3341 1722 3404 et
1747 3335 1920 3405 faciamus
1951 3337 2034 3404 inde
2058 3337 2149 3422 quud
2173 3338 2393 3409 boluerimus

545 3509 612 3579 ego
635 3495 671 3561 et
694 3511 911 3562 successores
934 3511 1042 3578 meus3
1067 3493 1169 3560 etde
1194 3510 1263 3578 quo
1286 3491 1492 3560 annualiter
1516 3489 1640 3558 amodo
1663 3493 1698 3558 et
1730 3507 1868 3574 semper
1904 3488 1942 3554 iu
1977 3490 2136 3575 predicta
2169 3492 2391 3561 tradictione

548 3647 818 3733 seminaberint,
835 3647 943 3716 deant
959 3646 1042 3714 inde
1058 3645 1266 3715 terraticum
1282 3645 1328 3713 ad
1345 3643 1420 3731 ipso
1436 3643 1584 3712 missum
1600 3646 1762 3711 nostrum
1787 3641 1908 3729 ibique
1924 3641 1963 3708 iu
1979 3641 2056 3729 ipsa
2072 3645 2178 3711 rebus
2195 3645 2392 3712 secundum

547 3799 840 3870 consuetudinem
863 3801 906 3867 de
930 3799 1006 3886 ipso
1029 3800 1157 3885 lucum3
1180 3803 1340 3884 utusque
1356 3797 1441 3865 dum
1456 3795 1662 3867 annualiter
1688 3795 1764 3882 ipsu
1788 3795 1937 3862 missum
1959 3813 2023 3881 pro
2047 3795 2126 3882 ipsa
2142 3796 2325 3866 vindemia
2351 3798 2404 3866 ibi

549 3954 705 4042 steterit,
731 3951 803 4021 illis
826 3971 907 4020 eum
930 3952 1108 4038 nutriant,
1132 3951 1225 4019 sicut
1242 3951 1377 4019 iustum
1393 3950 1502 4018 suerit
1517 3949 1713 4018 secundum
1729 3967 1832 4018 suam
1848 3946 2133 4036 possivilitatem,
2150 3953 2186 4018 et
2202 3969 2265 4037 per
2282 3953 2403 4020 omnis

548 4127 686 4180 annum
707 4108 965 4195 palmentatica
989 4093 1035 4176 ad
1059 4109 1134 4194 ipso
1158 4109 1320 4173 nostrum
1343 4106 1492 4172 missum
1514 4102 1621 4172 deant
1644 4101 1839 4170 secundum
1863 4103 2157 4171 consuetudinem
2180 4105 2223 4172 de
2247 4104 2324 4192 ipsu
2349 4107 2400 4174 lo-

551 4283 645 4351 cum,
670 4271 705 4335 et
730 4283 796 4353 ego
819 4269 855 4333 et
877 4280 1097 4332 successores
1120 4279 1216 4328 meos
1240 4261 1365 4329 amodo
1387 4264 1424 4328 et
1446 4277 1583 4346 semper
1606 4276 1668 4345 per
1692 4257 1898 4344 supradicta
1920 4257 2137 4328 tradietione
2155 4280 2237 4328 cum
2264 4261 2341 4329 bice
2358 4262 2403 4330 de

552 4418 614 4488 via
637 4439 703 4488 sua
725 4418 837 4506 ipsius
862 4418 1017 4505 iaquinti
1044 4420 1080 4485 et
1103 4417 1149 4484 ad
1172 4414 1270 4482 illius
1293 4412 1415 4481 eredes
1439 4412 1661 4479 defensemus
1684 4409 1731 4478 da
1747 4427 1867 4477 omnes
1882 4411 2018 4478 omines
2036 4413 2204 4498 omnique
2222 4415 2403 4500 partibus.

553 4575 692 4659 Preter,
717 4573 823 4660 quale
844 4576 1002 4658 tempore
1025 4573 1105 4657 ipsa
1128 4566 1295 4637 tradictiu
1312 4568 1350 4634 in
1367 4566 1526 4654 predicto
1548 4565 1673 4633 urdine
1696 4568 1820 4634 tenere
1843 4567 1905 4634 het
1927 4566 2092 4636 laborare
2116 4585 2188 4635 nou
2205 4569 2402 4659 bolueriut,

554 4732 591 4794 et
615 4729 666 4796 sic
690 4725 773 4794 inde
797 4727 836 4794 in
858 4745 943 4812 pars
966 4724 1117 4812 predicti
1141 4724 1337 4792 monasteri
1361 4721 1559 4808 adinplere,
1576 4719 1669 4788 sicut
1686 4718 1929 4804 supradictum
1952 4723 2018 4806 est,
2043 4723 2130 4788 tunc
2158 4720 2273 4790 licead
2298 4723 2402 4790 illum

554 4887 590 4951 et
614 4881 687 4948 suis
710 4879 874 4949 eredibus
897 4884 971 4948 tota
994 4883 1030 4947 et
1053 4877 1180 4947 inclita
1203 4877 1412 4964 supradicta
1436 4875 1604 4943 tradiotio
1619 4877 1659 4942 in
1676 4873 1844 4943 iamdicto
1868 4874 1992 4943 ordine
2009 4875 2184 4960 laborata,
2202 4881 2238 4944 et
2253 4881 2405 4962 operata
2473 4879 2479 4886 '

557 5039 593 5102 et
616 5033 751 5102 cultata
774 5033 961 5101 remittant
983 5031 1029 5100 ad
1051 5032 1263 5118 potestatem
1286 5027 1481 5114 supradicti
1504 5025 1738 5113 monasterii,
1763 5025 1809 5094 ad
1831 5025 2034 5094 laciendum
2069 5025 2201 5095 exinde
2225 5029 2320 5114 quod
2345 5033 2406 5097 bo-

560 5185 726 5274 lueriut,
754 5190 790 5254 et
812 5185 926 5254 licead
950 5185 1023 5252 illis
1047 5184 1130 5253 inde
1152 5182 1252 5254 exire
1277 5201 1359 5250 cum
1382 5183 1499 5249 omnis
1524 5175 1667 5248 illorum
1691 5197 1800 5248 causa
1824 5179 1981 5248 mobilia.
2007 5181 2106 5249 Unde
2129 5182 2169 5248 in
2194 5200 2235 5248 eu
2259 5183 2410 5252 hordine

557 5359 621 5428 per
644 5339 896 5409 conbenientia
919 5339 1053 5428 guadia
1076 5337 1187 5406 michi
1212 5337 1287 5424 ipse
1311 5335 1497 5422 iaquintus
1521 5333 1631 5420 dedit,
1656 5335 1692 5401 et
1716 5333 1946 5401 mediatorem
1962 5331 2073 5402 miehi
2097 5338 2215 5422 posuit
2230 5338 2411 5406 iohannes

557 5495 653 5565 lilius
676 5493 856 5582 quondam
878 5492 1068 5562 berenardi
1091 5491 1135 5558 de
1158 5490 1234 5576 ipsu
1257 5490 1373 5556 locum
1397 5487 1561 5573 nuceria;
1588 5491 1622 5555 et
1645 5505 1708 5573 per
1733 5487 1810 5574 ipsa
1832 5487 1967 5576 guadio
1990 5489 2164 5575 obligarit
2187 5507 2226 5559 se
2250 5492 2312 5559 het
2328 5493 2413 5560 suis

557 5645 749 5732 eredibus,
784 5649 824 5713 ut
846 5645 877 5712 si
902 5642 1033 5729 aliquit
1057 5642 1100 5710 de
1126 5659 1194 5726 que
1221 5640 1383 5726 superius
1411 5639 1572 5728 legitur,
1596 5637 1795 5725 quesierint
1819 5643 2000 5711 remobere
2023 5645 2085 5710 aut
2108 5647 2289 5729 coutrare,
2315 5648 2412 5712 tune

559 5819 622 5886 per
648 5802 726 5886 ipsa
748 5797 882 5884 guadia
905 5811 1102 5880 conponere
1125 5791 1298 5879 obligavit
1332 5811 1368 5860 se
1394 5792 1468 5878 ipse
1493 5792 1677 5878 iaquintus
1711 5795 1748 5860 et
1774 5809 1854 5859 suos
1877 5793 1998 5862 eredes
2023 5795 2133 5862 michi
2159 5795 2302 5882 meique
2330 5815 2413 5864 suc-
