5422 7102
634 522 701 596 196
1291 517 1468 590 CODEX
1502 515 1764 590 GAVENSIS

586 751 752 834 partem,
776 711 868 833 quod
891 747 944 814 est
966 763 1079 815 meam
1104 741 1260 813 sortione
1297 742 1341 812 de
1364 741 1537 814 iamdicta
1559 745 1664 812 rebus
1687 743 1784 812 infra
1807 743 2049 830 suprascripte
2083 739 2164 809 finis
2191 745 2227 810 et
2254 741 2439 810 mensurio

590 900 656 970 tibi
679 898 803 986 tuique
827 895 1018 966 heredibus
1033 897 1080 966 da
1096 913 1216 965 omnes
1239 897 1375 964 omines
1397 896 1564 982 omnique
1587 898 1762 983 partibus.
1787 896 1929 984 quando
1953 895 2153 982 bolueritis,
2174 912 2315 981 perros
2332 895 2440 964 siatis

593 1053 725 1121 exinde
749 1055 914 1121 auctores
938 1055 975 1119 et
997 1049 1211 1135 defensores,
1235 1067 1316 1116 cum
1339 1047 1518 1116 monimen
1539 1052 1575 1115 et
1590 1047 1729 1116 ratione
1752 1065 1821 1133 que
1844 1045 1974 1115 exinde
1997 1048 2104 1115 abere
2127 1047 2329 1133 potueritis,
2355 1063 2442 1131 qua-

592 1205 676 1274 liter
698 1205 797 1274 vobis
828 1205 1023 1293 placuerit,
1048 1206 1089 1270 ut
1110 1202 1142 1269 si
1165 1207 1229 1273 etc.
1254 1203 1425 1286 Sequitur
1447 1203 1613 1270 consuent
1634 1201 1824 1284 formala,
1849 1201 1987 1265 statuta
2009 1199 2144 1266 nentcta
2167 1198 2329 1283 triginta
2352 1199 2448 1264 anri

591 1361 786 1429 solidorum
813 1362 1052 1430 Constantini.
1078 1357 1222 1446 quando
1245 1375 1308 1425 nos
1331 1360 1495 1426 auctores
1516 1359 1554 1423 et
1576 1355 1775 1423 defensores
1798 1352 2003 1440 quesieritis
2026 1354 2147 1440 abere,
2171 1369 2236 1418 nos
2258 1357 2379 1422 autem
2403 1361 2439 1421 et

590 1516 722 1582 nostris
751 1514 916 1584 eredibus
939 1515 1215 1599 omnitempore
1238 1513 1403 1580 inclitum
1427 1510 1509 1578 illut
1531 1509 1597 1578 tibi
1622 1511 1807 1579 nominato
1832 1507 2005 1578 aldemari
2029 1508 2167 1594 abbati,
2190 1509 2253 1593 qui
2277 1508 2327 1575 sis
2344 1506 2443 1576 iilius

587 1667 733 1757 andree,
758 1673 794 1737 et
817 1669 862 1738 ad
885 1673 965 1736 tuos
988 1669 1221 1754 defensemus,
1246 1671 1281 1736 et
1303 1665 1425 1734 omnia
1448 1663 1704 1750 adimpleamus
1720 1667 1755 1732 et
1770 1661 2005 1748 defensemus,
2023 1661 2121 1728 vobis
2139 1662 2336 1748 vestrisque
2360 1681 2441 1731 ere·

592 1819 696 1887 dibus
719 1821 852 1906 omnia,
868 1823 1043 1905 quantum
1066 1822 1101 1914 et
1124 1818 1295 1904 quomodo
1317 1815 1480 1903 superius
1503 1815 1646 1902 legitur,
1666 1835 1729 1901 per
1755 1815 1923 1883 iamdicta
1946 1813 2066 1882 wadia
2089 1817 2125 1881 et
2148 1811 2309 1898 obligata
2332 1831 2441 1900 pena.

596 1977 632 2041 et
655 1971 779 2041 taliter
804 1972 962 2040 scribere
985 1970 1193 2058 rogabimus
1217 1975 1252 2038 te
1275 1968 1459 2038 mirandus
1484 1971 1658 2037 notarius.
1684 1971 1803 2036 actum
1827 1972 1919 2040 rota.

641 2097 673 2212 †
697 2127 772 2213 Ego
796 2125 858 2210 qui
883 2141 992 2211 supra
1014 2123 1171 2210 guaiferi

641 2251 673 2366 †
698 2279 772 2364 Ego
797 2275 1007 2346 sikenollus.

1288 2533 1737 2544 ——-—---—...-..

1313 2792 1743 2876 DCCCXXVIII.

1327 3071 1336 3086 ·
1379 3052 1433 3128 A.
1462 3051 1512 3127 D.
1540 3048 1669 3130 1030.

654 3288 689 3427 †
714 3341 755 3406 In
778 3338 922 3407 nomine
946 3338 1079 3406 domini
1104 3339 1345 3446 tertiodecimo
1369 3358 1464 3409 anno
1479 3341 1702 3428 principatus
1719 3343 1834 3410 domni
1853 3342 1967 3410 nostri
1983 3341 2161 3429 guaimari
2177 3342 2329 3430 glorioso
2352 3345 2454 3432 prin·

607 3494 699 3580 cipe,
724 3512 843 3562 mense
867 3496 1077 3581 september,
1095 3495 1363 3580 quartadecima
1386 3494 1592 3563 indictione.
1610 3495 1758 3581 Ideoque
1774 3511 1837 3563 nos
1852 3495 2015 3564 marinus
2035 3499 2071 3563 et
2086 3495 2273 3584 iohannes,
2290 3502 2456 3584 germani

608 3650 674 3716 filii
698 3649 877 3736 quondam
900 3648 994 3717 leoni
1018 3651 1218 3720 atrianensi
1240 3649 1284 3717 de
1313 3649 1454 3719 marino
1485 3649 1629 3736 iudice,
1661 3649 1908 3719 clarefecimus
1932 3667 1995 3715 nos
2018 3653 2124 3719 abere
2146 3653 2253 3719 rebus
2277 3653 2457 3722 inlocum

610 3803 735 3888 beteri,
753 3801 814 3868 ubi
831 3801 877 3870 ad
893 3802 968 3889 ipso
984 3801 1111 3870 staffilo
1127 3801 1273 3888 dicitur,
1286 3803 1346 3887 qui
1361 3806 1414 3869 est
1429 3803 1529 3871 terra
1552 3805 1667 3872 bacua
1681 3804 1773 3889 quod
1789 3820 1852 3870 nos
1869 3803 2045 3872 nominati
2060 3803 2226 3890 germani
2244 3806 2324 3892 ipsa
2340 3809 2454 3896 terra,

612 3955 673 4023 ubi
696 3954 829 4023 dicitur
852 3955 897 4023 ad
921 3955 997 4041 ipso
1020 3952 1162 4040 staffilo,
1179 3951 1261 4021 illut
1284 3971 1469 4022 commune
1492 3955 1657 4023 abuimus
1671 3976 1752 4024 cum
1768 3956 1859 4024 mele
1875 3959 2084 4026 consobrino
2109 3959 2260 4028 fratrem
2276 3963 2459 4049 nostrum,

611 4109 677 4196 qui
701 4113 754 4177 est
777 4108 855 4194 ipsa
877 4111 975 4176 terra
998 4109 1113 4202 bacua
1136 4105 1232 4174 inira
1255 4123 1295 4173 ec
1317 4105 1413 4173 finis:
1439 4123 1462 4174 a
1483 4124 1568 4192 pars
1592 4108 1741 4176 orientis
1764 4110 1835 4177 fine
1858 4108 1918 4178 bia
1940 4109 2108 4197 pulbica:
2148 4131 2171 4180 a
2199 4127 2283 4198 pars
2305 4114 2461 4198 septem-

609 4264 737 4332 trionis
760 4260 928 4329 similiter
951 4261 1022 4328 fine
1046 4262 1123 4347 ipsa
1147 4260 1207 4329 via
1229 4259 1386 4347 pulbica:
1412 4279 1436 4327 a
1460 4263 1563 4345 parte
1588 4259 1782 4328 occidentis
1798 4262 1869 4330 fine
1886 4261 2092 4348 iohannaci,
2109 4262 2208 4332 sicud
2231 4263 2348 4332 media
2372 4283 2458 4353 sepe

609 4413 796 4484 discernit:
822 4433 844 4482 a
867 4411 1016 4480 meridie
1039 4413 1110 4480 fine
1134 4411 1209 4479 ursi
1233 4411 1435 4481 atrianensi
1451 4408 1516 4478 filii
1535 4407 1671 4496 lupeni3
1689 4409 1787 4480 inira
1809 4411 1967 4498 predicte
1989 4412 2088 4498 fluis,
2111 4411 2211 4480 sicud
2236 4413 2456 4503 dictumest,

612 4567 720 4652 quale
742 4563 934 4634 sortionem
961 4564 1066 4632 nobis
1089 4562 1219 4632 exinde
1241 4561 1284 4630 de
1301 4563 1380 4649 ipsa
1395 4561 1584 4632 medietate
1599 4562 1642 4631 de
1658 4563 1817 4650 predicto
1832 4582 1958 4652 campu
1971 4567 2134 4634 ebenerit
2149 4565 2196 4634 da
2213 4567 2331 4652 ipsum
2354 4565 2458 4656 mele,

609 4729 808 4798 congruum
831 4715 885 4781 est
911 4712 1013 4780 nobis
1036 4711 1212 4782 nominati
1236 4714 1402 4799 germani
1426 4713 1553 4782 inclita
1576 4715 1654 4801 ipsa
1677 4715 1903 4785 medietatem
1926 4717 1969 4786 de
1993 4717 2068 4804 ipso
2085 4711 2311 4803 campu'illut
2325 4718 2460 4788 donare

611 4866 823 4936 teotenande
846 4866 957 4932 sorori
982 4869 1119 4950 nostre,
1143 4881 1212 4950 que
1235 4869 1290 4932 est
1313 4883 1423 4932 uxore
1448 4866 1598 4934 iohanni
1624 4864 1823 4935 atrianensi
1846 4866 1915 4934 filii
1938 4866 2117 4953 quondam
2143 4865 2277 4953 lupeni.
2302 4868 2348 4936 Et
2371 4866 2461 4953 ydeo

610 5035 677 5105 ego
700 5017 863 5106 superius
886 5015 973 5085 dicti
997 5017 1187 5104 germani,
1211 5015 1312 5084 sicud
1335 5016 1437 5084 nobis
1460 5034 1657 5103 congruum
1679 5021 1760 5103 est,
1784 5021 1905 5086 nostre
1928 5037 2017 5087 rone
2042 5018 2277 5105 voluntatis,
2302 5037 2366 5104 per
2390 5037 2459 5088 auc

612 5169 792 5240 cartulam
815 5173 899 5239 ante
923 5169 1116 5256 subscripti
1139 5172 1247 5236 testes
1269 5169 1441 5238 donamus
1457 5169 1570 5256 adque
1586 5169 1631 5236 ad
1646 5187 1785 5254 semper
1800 5168 1978 5238 abendum
1995 5169 2248 5238 confirmamus
2263 5169 2328 5237 tibi
2346 5171 2461 5238 sorori

611 5327 747 5410 nostre,
771 5341 845 5391 una
869 5329 986 5391 tecum
1010 5325 1094 5392 exet
1116 5320 1191 5407 ipse
1215 5319 1272 5388 bir
1295 5325 1390 5407 tuuS,
1415 5321 1544 5390 inclita
1568 5321 1646 5408 ipsa
1668 5321 1857 5390 medietate
1880 5321 1923 5389 de
1945 5320 2104 5406 predicto
2127 5339 2271 5408 campo,
2285 5326 2463 5408 quantum

614 5479 824 5561 quantoque
847 5475 951 5542 nobis
974 5474 1152 5542 nominati
1174 5471 1337 5560 germani
1362 5470 1493 5538 exinde
1515 5471 1554 5538 in
1576 5475 1670 5538 sorte
1703 5471 1864 5538 ebenerit
1887 5470 1933 5539 da
1955 5472 2071 5557 ipsum
2106 5471 2221 5559 mele,
2251 5475 2304 5540 sic
2339 5491 2464 5541 secun-

611 5629 695 5698 dum
722 5629 781 5699 lex
803 5635 839 5698 et
862 5629 1078 5698 consuetudo
1100 5631 1219 5696 nostre
1242 5642 1469 5695 romanorum
1492 5625 1574 5692 illut
1596 5625 1686 5710 tibi,
1722 5624 1821 5692 sicud
1845 5623 2027 5712 diximus,
2061 5625 2193 5694 donabi
2228 5645 2310 5694 cum
2333 5629 2457 5698 omnia

611 5781 707 5850 intro
731 5801 768 5852 se
792 5782 984 5851 eventibus
1006 5780 1239 5864 omnibusque
1263 5777 1337 5846 suis
1361 5775 1606 5865 pertinentiis,
1621 5783 1657 5845 et
1680 5796 1762 5846 cum
1786 5778 1862 5846 bice
1885 5779 1929 5846 de
1952 5777 2012 5848 bia
2028 5797 2107 5865 sua,
2126 5780 2172 5848 ad
2186 5782 2360 5850 securiter
2384 5783 2452 5850 hac
