5422 7102
624 531 695 606 ala
1259 529 1438 607 donax
1478 532 1735 611 cavansls

576 709 819 846 supradictum
842 763 907 826 est.
934 759 977 827 de
1001 779 1072 846 qua
1095 779 1159 847 per
1183 761 1442 833 combenientia
1468 762 1599 850 guadia
1622 764 1712 831 mihi
1736 765 1801 847 toti
1826 762 1895 850 ipsi
1920 765 2017 832 ebrei
2035 762 2222 851 dederunt,
2240 767 2277 834 et
2296 764 2431 835 media-

574 918 667 982 tores
690 912 1025 1000 posueruntipsum
1049 914 1228 1000 gantiam,
1254 918 1290 982 et
1313 915 1432 1000 ipsum
1456 915 1606 984 abraam
1630 915 1741 982 filium
1767 915 1941 1002 manueli,
1968 918 2003 984 et
2028 915 2143 1002 ipsum
2179 917 2277 1002 iosep
2312 915 2432 983 filium

576 1065 658 1152 elie,
683 1069 719 1134 et
741 1065 904 1152 prodictu
926 1066 1021 1134 maio
1043 1083 1107 1153 pro
1130 1085 1167 1134 se
1191 1071 1225 1134 et
1249 1085 1312 1154 pro
1334 1067 1404 1154 ipsi
1428 1067 1492 1136 alii
1516 1067 1703 1136 mediatori
1728 1067 1923 1151 exierunt3
1949 1069 1984 1134 et
2008 1086 2070 1153 per
2096 1068 2172 1154 ipsa
2198 1067 2335 1155 guadia
2364 1074 2429 1136 oto.

579 1220 727 1286 Stotntn
750 1221 886 1288 onnlctn
909 1218 1039 1305 biptntt
1062 1222 1149 1287 nori
1172 1218 1365 1287 solidorum
1391 1219 1632 1286 Constantini.
1669 1225 1704 1286 et
1728 1220 1824 1285 hunc
1848 1221 1992 1288 brebem
2016 1218 2147 1305 scripsi
2172 1237 2239 1307 ego
2269 1219 2429 1288 ademari

578 1371 753 1438 notarius.
1617 1341 1622 1350 ¹

624 1494 654 1608 †
680 1523 755 1608 ligo
777 1521 950 1591 iohannes
973 1523 1140 1594 notarius
1164 1543 1219 1591 me
1243 1521 1440 1608 subscripsi

626 1650 655 1764 †
684 1679 758 1764 Ego
783 1681 906 1765 petrus
930 1679 1093 1748 notarius
1116 1696 1172 1746 me
1196 1675 1402 1763 subscripsi.

1334 2312 1678 2410 Doccrxnn.

1362 2605 1417 2682 Α.
1445 2603 1495 2680 D.
1523 2601 1653 2682 1032.

627 2843 727 2982 †ln
751 2897 893 2964 nomine
918 2895 1052 2965 domini
1077 2895 1341 2983 quartodecimo
1364 2912 1460 2964 anno
1491 2895 1719 2980 principatus
1757 2893 1876 2960 domni
1912 2893 2022 2961 nostri
2061 2891 2256 2962 Guaimarii
2290 2893 2436 2981 gloriosi

579 3033 765 3135 principis,
780 3049 844 3114 filii
860 3048 1036 3134 quondam
1053 3047 1171 3114 domni
1185 3045 1379 3133 guaimarii
1396 3047 1708 3133 principis‚mense
1722 3044 1925 3112 februarius
1930 3043 2209 3130 ‚quintadecima
2221 3043 2433 3112 indictione.

581 3203 650 3266 Nos
673 3199 871 3268 madelmus
895 3200 991 3266 filius
1016 3201 1193 3286 quondam
1217 3199 1370 3284 iaquinti
1387 3201 1423 3265 ot
1439 3201 1566 3267 molior
1583 3197 1725 3264 nomine
1742 3195 1932 3285 griselaita
1949 3195 2025 3264 filia
2044 3197 2222 3282 quondam
2238 3199 2343 3286 mari,
2362 3199 2426 3286 qui

583 3368 704 3416 sumus
728 3351 914 3438 coniugati
939 3352 995 3417 vir
1020 3355 1055 3418 et
1078 3369 1194 3437 uxor,
1218 3349 1413 3419 Glaresacio
1436 3369 1501 3436 ego
1527 3349 1715 3418 iamdictus
1750 3347 1946 3416 madelmus
1980 3349 2085 3415 abere
2109 3350 2216 3415 rebus
2252 3349 2428 3419 inlocum

581 3503 813 3570 transbeneia
836 3503 1079 3572 mitilianensc
1102 3503 1233 3570 tinibus
1256 3509 1292 3570 et
1316 3504 1533 3590 pertinentia
1569 3507 1621 3571 est
1653 3502 1938 3588 salernitanam,
1962 3507 1998 3569 et
2035 3519 2234 3586 congruum
2265 3502 2357 3568 mihi
2382 3511 2436 3570 est

581 3657 664 3722 indo
689 3657 834 3724 vindere
860 3675 932 3724 una
954 3655 1056 3743 pecia
1078 3657 1120 3724 de
1144 3661 1242 3724 terra
1265 3673 1345 3722 cum
1371 3655 1488 3743 vinea,
1512 3660 1548 3723 et
1571 3659 1734 3742 bacuum,
1759 3659 1794 3722 et
1819 3655 1982 3742 quernis,
1998 3659 2034 3723 et
2058 3657 2265 3723 cannietunr
2292 3673 2363 3722 uno
2381 3663 2437 3724 te-

581 3809 739 3876 nientem
764 3809 803 3873 in
826 3808 947 3874 eodem
971 3809 1044 3874 loco
1069 3808 1314 3892 transboneia,
1328 3808 1388 3875 ubi
1412 3807 1555 3894 proprio
1578 3809 1709 3877 dicitur
1726 3809 1771 3878 ad
1787 3813 1926 3895 tegora,
1942 3809 2104 3875 abentem
2123 3827 2162 3876 as
2179 3809 2268 3888 ,fines
2284 3813 2319 3876 et
2335 3827 2433 3877 men·

584 3979 699 4029 suras,
724 3964 755 4028 Α
778 3963 882 4046 parte
904 3960 1051 4029 orientis
1076 3964 1145 4030 fine
1169 3963 1229 4030 bia
1252 3962 1409 4048 publica,
1435 3965 1519 4029 sunt
1543 3961 1626 4029 inde
1649 3980 1711 4047 per
1736 3962 1815 4046 ipsa
1839 3961 1898 4030 bia
1921 3960 2017 4045 passi
2034 3962 2226 4047 sexaginta
2247 3965 2283 4028 et
2301 3961 2433 4047 gubita

584 4112 683 4182 dua:
710 4116 740 4180 Α
763 4117 864 4200 parte
888 4113 1037 4182 meridie
1061 4117 1131 4182 fine
1154 4113 1226 4184 alia
1249 4118 1347 4182 terra
1372 4132 1452 4179 cum
1481 4105 1585 4180 uinea
1614 4129 1763 4196 meaque
1800 4109 1969 4178 madelmi
2005 4108 2098 4195 quod
2121 4109 2208 4175 mihi
2232 4109 2429 4194 reserbabi,

583 4267 676 4334 sicut
698 4266 831 4334 termiti
857 4266 940 4334 inde
964 4267 1074 4354 figere
1098 4268 1277 4352 debemus⁷
1301 4268 1384 4331 sunt
1409 4263 1489 4331 inde
1513 4263 1609 4348 passi
1633 4262 1866 4347 septuaginta
1889 4263 1967 4326 octo
1990 4262 2026 4326 et
2050 4257 2177 4344 gubita
2200 4258 2282 4336 dua;
2303 4277 2426 4345 apars

586 4421 780 4488 occidentis
804 4421 873 4488 fine
897 4420 958 4487 bia
981 4423 1103 4486 nostra
1128 4417 1350 4502 conmunale,
1372 4435 1440 4501 que
1455 4415 1556 4482 ducit
1572 4412 1797 4500 aliquantum
1820 4413 1915 4480 inter
1940 4413 2009 4482 ista
2033 4415 2139 4480 rebus
2162 4419 2197 4480 et
2220 4416 2326 4480 rebus
2351 4431 2422 4480 mo-

584 4573 735 4641 nasterii
760 4577 883 4642 sancte
907 4571 1021 4640 marie
1045 4571 1088 4637 de
1111 4568 1268 4636 duliaria
1300 4565 1518 4652 pertinentia
1553 4565 1597 4632 de
1630 4564 1778 4650 amalfi,
1803 4565 1912 4632 habet
1933 4582 1996 4650 per
2020 4565 2087 4632 ista
2115 4566 2175 4632 bia
2207 4566 2301 4650 passi
2326 4583 2435 4633 sexa-

583 4723 688 4810 ginta
710 4728 746 4792 et
770 4727 894 4812 gubita
918 4724 1003 4791 dua:
1023 4727 1051 4789 Α
1076 4725 1177 4808 parte
1201 4719 1462 4806 septemtrionis
1487 4720 1556 4785 line
1581 4717 1655 4785 alia
1678 4716 1739 4783 bia
1764 4719 1886 4784 nostra
1910 4717 2136 4803 conmunale,
2162 4717 2255 4785 unde
2284 4735 2347 4801 per
2372 4735 2436 4784 ora

582 4878 626 4946 de
651 4879 720 4948 ista
743 4877 804 4946 bia
827 4877 960 4944 termiti
985 4876 1105 4943 fleturi
1129 4894 1266 4962 sumus,
1284 4878 1318 4940 et
1335 4873 1491 4958 qualiter
1515 4870 1675 4940 ascendit
1700 4871 1770 4937 ista
1793 4867 1852 4938 bia
1869 4869 2081 4936 conmunale
2099 4875 2134 4937 et
2150 4868 2338 4956 coniungit
2356 4887 2435 4936 curn

587 5030 657 5097 ista
679 5029 739 5098 bia
762 5028 904 5114 publica
927 5025 1020 5114 quod
1044 5031 1096 5093 est
1119 5024 1237 5112 priore
1261 5025 1395 5110 finem,
1420 5025 1505 5090 sunt
1530 5023 1612 5089 inde
1636 5040 1698 5108 per
1721 5040 1786 5088 ora
1821 5020 1863 5086 de
1888 5022 1959 5089 ista
1985 5022 2045 5088 bia
2068 5019 2281 5088 conmunale
2315 5039 2436 5106 passos

587 5185 777 5270 sexaginta
803 5184 972 5268 quinque,
995 5185 1110 5247 totum
1135 5183 1380 5246 mensuratum
1404 5178 1447 5245 ad
1465 5195 1609 5262 passum
1633 5176 1734 5242 illum
1750 5175 1812 5262 qui
1829 5175 2014 5260 signatum
2030 5180 2085 5243 est
2100 5193 2163 5261 pro
2180 5175 2273 5244 iusta
2291 5143 2436 5244 causam

589 5335 628 5401 in
652 5333 817 5401 columna
839 5351 1036 5402 marmorea
1059 5333 1102 5398 de
1126 5329 1274 5398 ecclesia
1297 5329 1412 5396 sancti
1437 5329 1570 5397 mathei
1596 5329 1639 5395 de
1661 5327 1942 5414 archiepiscopio
1959 5327 2192 5396 salernitane.
2214 5329 2257 5395 Et
2274 5345 2341 5414 ego
2358 5347 2438 5414 pre·

587 5487 685 5555 dicta
707 5485 836 5554 mulier
860 5485 1004 5552 nomine
1029 5483 1217 5570 griselaita
1241 5499 1331 5548 uxor
1363 5482 1465 5548 istius
1495 5480 1661 5548 madelmi
1694 5478 1907 5566 palamsacio
1943 5478 1981 5546 in
2018 5477 2095 5564 ipsa
2132 5479 2233 5564 pecia
2267 5479 2310 5546 de
2340 5485 2437 5548 terra

588 5643 752 5722 quartam
777 5645 915 5726 partem
939 5641 1045 5706 abere
1069 5655 1131 5723 per
1155 5653 1274 5702 meum
1298 5635 1468 5720 scriptum
1491 5633 1737 5719 morginoahp,
1763 5629 1851 5697 milri
1875 5629 2042 5698 emissum
2058 5649 2121 5718 per
2144 5631 2220 5717 ipso
2242 5629 2319 5696 viro
2335 5648 2433 5697 meus
2546 5677 2556 5693 .

587 5791 662 5858 alia
687 5791 743 5859 die
768 5797 888 5858 nostre
912 5788 1157 5876 copulationi,
1181 5793 1217 5855 et
1240 5805 1435 5873 congruum
1460 5787 1548 5853 mihi
1583 5789 1636 5854 est
1659 5784 1881 5854 conmuniter
1911 5803 1991 5853 cum
2015 5785 2089 5872 ipso
2121 5786 2197 5852 viro
2221 5802 2319 5852 meus
2347 5783 2426 5850 illut
