5466 7106
607 546 674 618 rso
1236 511 1411 616 ocean
1445 539 1714 614 osvsusrs

554 771 738 858 colligere,
765 775 802 838 et
825 772 942 840 omnis
965 773 1090 839 vinum
1114 767 1242 838 exinde
1266 767 1387 856 ibique
1403 767 1449 836 ad
1471 766 1693 853 palmentum
1716 767 1811 835 inter
1834 783 1898 833 nos
1921 763 2121 834 dibidamus
2143 783 2208 852 per
2230 764 2407 834 medieta-

553 923 641 1006 tem,
665 920 792 988 amodo
815 927 851 990 et
873 940 1012 1009 semper
1035 939 1099 989 nos
1122 919 1288 988 tollamus
1312 917 1393 986 illut
1415 917 1641 988 medietatem
1665 924 1701 988 et
1724 917 1796 985 illis
1811 917 2051 1002 medietatem3
2069 919 2106 986 et
2121 915 2239 1002 ipsum
2254 917 2405 984 missum

556 1078 734 1162 nostrum,
758 1074 844 1142 dum
868 1075 997 1143 ibidem
1021 1073 1159 1144 steterit
1180 1091 1243 1160 pro
1260 1073 1335 1159 ipse
1351 1071 1542 1158 vindemie,
1560 1071 1633 1138 illis
1656 1090 1738 1140 eum
1754 1072 1894 1140 nutrire
1918 1071 2112 1140 secundum
2135 1086 2203 1138 sua
2226 1065 2408 1157 possivili-

554 1233 668 1298 tatem
692 1233 728 1297 et
752 1229 1015 1314 palmentateca
1039 1247 1101 1317 per
1125 1246 1261 1298 annum
1284 1227 1388 1295 nobis
1411 1227 1510 1314 dare,
1535 1227 1629 1293 sicut
1652 1226 1842 1311 meruerit;
1866 1224 2000 1311 deque
2024 1241 2086 1310 per
2110 1241 2247 1292 annum
2272 1222 2405 1292 ibidem

553 1381 799 1467 seminaberit,
823 1380 932 1450 deant
954 1381 1037 1450 inde
1061 1383 1163 1450 nobis
1187 1383 1241 1449 vel
1265 1383 1304 1451 in
1327 1399 1412 1468 pars
1436 1380 1551 1467 ipsius
1574 1377 1778 1448 monasterii
1803 1377 1928 1446 inclita
1949 1377 2094 1446 tertiam
2112 1380 2230 1463 parte,
2245 1375 2314 1444 due
2331 1391 2409 1444 sor-

557 1534 668 1602 tionis
693 1532 776 1602 inde
798 1534 868 1602 sibi
892 1537 1013 1620 abere,
1037 1539 1072 1603 et
1096 1536 1172 1623 ipsa
1196 1539 1318 1603 nostra
1342 1533 1496 1602 sortione
1511 1532 1554 1600 de
1572 1534 1647 1620 ipso
1672 1533 1797 1599 vinum
1822 1531 1893 1599 illis
1917 1551 1979 1618 per
2003 1549 2139 1600 annum
2162 1529 2304 1599 salbum
2318 1547 2401 1616 por-

553 1692 634 1752 tare
658 1683 812 1754 debeant
835 1687 1015 1772 usquead
1038 1687 1223 1756 cellarium
1246 1691 1406 1754 nostrum
1429 1685 1472 1754 de
1497 1689 1572 1773 ipso
1596 1686 1711 1753 locum
1742 1691 1777 1754 et
1801 1687 1985 1753 mitterent
2007 1683 2090 1750 illut
2114 1682 2252 1752 salbum
2278 1683 2318 1750 in
2341 1699 2397 1750 or-

552 1855 673 1924 ganea
697 1841 834 1924 nostra,
857 1857 925 1924 que
941 1836 1061 1924 ibique
1084 1855 1207 1907 eorum
1222 1838 1558 1924 adsingnaberimus
1574 1858 1636 1924 per
1652 1838 1723 1906 illis
1739 1856 1869 1904 vonum
1883 1837 2045 1906 conciata
2061 1839 2096 1905 et
2112 1835 2285 1912 studiata‚
2305 1835 2401 1905 sicut

554 1994 745 2080 meruerit,
771 1995 846 2080 ipse
871 1996 979 2062 insite
1003 1999 1038 2062 ct
1062 1997 1227 2062 eastanee
1251 2011 1314 2078 per
1338 2011 1474 2062 annum
1498 1993 1665 2081 colligere
1689 1999 1725 2061 et
1747 2011 1888 2062 seccare
1911 1993 2014 2077 bone,
2038 1990 2131 2057 sicut
2152 1990 2341 2074 meruerit,
2365 1995 2401 2060 et

556 2143 684 2214 inclita
707 2146 899 2215 medietate
922 2147 1053 2226 exinde
1077 2147 1197 2232 ibique
1221 2146 1324 2213 nobis
1346 2146 1401 2214 vel
1425 2147 1463 2212 in
1487 2166 1571 2233 pars
1594 2147 1709 2234 ipsius
1739 2144 1946 2213 monasterii
1981 2144 2080 2230 dare,
2102 2147 2138 2212 et
2169 2142 2394 2210 medietatem

553 2299 636 2368 inde
660 2299 731 2368 sibi
756 2303 892 2387 abere;
916 2302 1005 2370 etsi
1030 2303 1097 2390 ipsi
1123 2302 1288 2389 germani
1312 2303 1368 2369 vel
1392 2301 1535 2369 illorum
1558 2301 1680 2369 eredes
1704 2302 1809 2368 rebus
1833 2299 1912 2387 ipsa
1935 2303 2058 2367 tenere
2081 2303 2117 2366 et
2147 2297 2312 2366 laborare
2337 2315 2401 2366 no·

557 2456 669 2524 luerit
692 2459 730 2524 in
755 2459 997 2545 suprascripto
1021 2459 1145 2526 ordine
1168 2459 1213 2526 da
1237 2458 1313 2542 ipso
1336 2460 1570 2526 constitutum
1593 2459 1633 2524 in
1657 2462 1789 2542 antea,
1813 2461 1888 2525 tota
1911 2456 2154 2543 suprascripta
2178 2423 2402 2524 rebus'bona

557 2611 734 2698 laborata,
759 2617 794 2679 et
817 2611 966 2697 cultata,
991 2617 1027 2679 et
1042 2611 1141 2680 clusa
1157 2609 1345 2679 remittant
1362 2611 1407 2679 ad
1421 2615 1594 2697 potestate
1611 2610 1722 2695 ipsius
1737 2612 1958 2697 monasterii,
1975 2609 2262 2694 faciendumque
2279 2609 2402 2676 botue-

479 2837 492 2848 ,
555 2769 618 2854 rit,
641 2773 677 2835 et
700 2766 773 2833 illis
796 2767 901 2834 liceat
925 2766 1007 2833 inde
1031 2742 1131 2833 exire
1154 2783 1236 2832 oum
1258 2765 1379 2831 omnia
1403 2781 1468 2832 sua
1490 2783 1599 2832 causa
1613 2745 1657 2830 ¹et
1689 2763 1741 2830 ire
1765 2781 1846 2829 cum
1863 2761 1956 2848 illut,
1980 2762 2040 2830 ubi
2065 2760 2231 2829 boluerit.
2258 2761 2302 2829 de
2325 2779 2397 2846 qua

554 2938 617 3006 per
640 2922 732 2988 bona
755 2919 1014 2987 combenientia
1037 2917 1170 3003 guadia
1193 2915 1279 2983 mihi
1298 2915 1364 3001 ipsi
1382 2916 1545 3003 germani
1567 2915 1755 3002 dederunt,
1779 2921 1815 2984 et
1839 2915 2068 2984 mediatorem
2093 2915 2183 2982 milii
2201 2917 2398 3000 posuerunt

553 3071 669 3158 ipsum
691 3073 813 3156 potrus
836 3088 873 3136 se
898 3070 1013 3155 ipsum
1036 3073 1071 3135 et
1094 3067 1279 3153 iaquintus
1303 3085 1497 3153 germanus
1513 3067 1667 3144 illorum;
1687 3077 1722 3135 et
1738 3087 1800 3153 per
1816 3067 1895 3154 ipsa
1911 3066 2043 3155 guadia
2058 3070 2122 3135 cte.
2141 3069 2291 3134 Statilio
2307 3069 2408 3132 mnt-

553 3229 612 3292 ctn
642 3226 773 3310 oiptnti
805 3227 891 3291 anri
913 3223 1107 3290 solidorum
1140 3221 1382 3288 Constantini.
1418 3226 1454 3288 et
1477 3224 1571 3288 huno
1596 3223 1738 3289 brebem
1772 3220 1898 3307 scripsi
1927 3237 1993 3305 ego
2018 3183 2400 3288 iohanncs'notarius.

604 3349 635 3464 †
661 3378 735 3463 Ego
759 3376 920 3444 alderissi
945 3375 1108 3444 notarius
1131 3393 1187 3441 me
1211 3373 1405 3460 subscripsi
1498 3449 1502 3456 ,

601 3502 631 3617 †
657 3532 731 3615 Ego
754 3517 915 3598 ademari
940 3529 1103 3597 notarius
1125 3545 1181 3594 me
1204 3528 1411 3612 subscripsi.

1285 3750 1384 3759 η.-
1409 3751 1463 3757 —u
1487 3752 1526 3758 —-·-
1539 3753 1689 3761 ---—--—.-......

1299 3974 1673 4058 DCCCXVIII.

1335 4203 1388 4280 A.
1418 4200 1468 4279 D.
1498 4200 1626 4283 1029.

605 4377 640 4516 †
666 4429 706 4494 ln
731 4427 877 4494 nomine
900 4426 1037 4494 domini
1055 4426 1240 4494 undecimo
1257 4444 1353 4495 anno
1369 4427 1591 4514 principatus
1608 4429 1727 4496 domni
1744 4431 1857 4498 nostri
1873 4429 2073 4499 Guaimarii
2089 4429 2155 4498 filii
2172 4430 2293 4500 domni
2307 4434 2413 4519 guai-

560 4580 669 4650 marii
692 4579 840 4668 gloriosi
863 4579 1051 4666 principis,
1076 4599 1196 4648 mense
1219 4582 1374 4667 magius,
1399 4579 1608 4649 duodecima
1632 4580 1839 4649 indictione.
1864 4581 2153 4650 Memoratorium
2169 4577 2279 4652 'sactu
2309 4605 2333 4654 a
2357 4603 2414 4650 me

562 4752 648 4826 ursu
672 4733 747 4801 filio
770 4733 950 4820 quondam
973 4732 1102 4818 prandi
1127 4734 1282 4802 abitator
1307 4734 1346 4800 in
1370 4737 1453 4801 actu
1476 4733 1640 4817 nuceria,
1665 4735 1714 4800 Eo
1739 4733 1832 4819 quod
1854 4737 1938 4802 ante
1961 4735 2144 4821 presentia
2160 4735 2280 4802 domni
2297 4738 2411 4805 amati

558 4887 682 4974 gratia
695 4886 752 4954 dei
769 4885 967 4955 venerabili
982 4883 1239 4971 archiepiscopi
1260 4889 1384 4954 sancte
1401 4886 1496 4954 sedis
1513 4886 1836 4973 archiepiscopatui
1852 4886 2087 4970 salernitano,
2104 4891 2140 4954 et
2156 4887 2289 4956 ibidem
2307 4888 2410 4957 ades-

562 5045 618 5108 set
642 5040 835 5126 subscripti
857 5039 1004 5124 ydoneis
1028 5038 1246 5115 hominibus‚
1280 5058 1342 5124 per
1366 5039 1559 5106 iussionem
1583 5037 1696 5124 ipsius
1720 5038 1838 5106 domni
1864 5037 2122 5126 archiepiscopi
2144 5041 2294 5110 tradidit
2317 5042 2405 5109 milii

561 5193 752 5263 serrandus
777 5193 929 5262 clericus
945 5193 988 5261 de
1004 5194 1113 5259 rebus
1128 5211 1208 5259 cum
1226 5189 1386 5260 arbustis
1403 5189 1528 5257 vitatis
1544 5188 1767 5274 pertinentes
1783 5190 1896 5277 ipsius
1912 5191 2198 5279 archiepiscopii,
2216 5155 2308 5279 quod
2331 5197 2414 5264 abet

563 5349 603 5416 in
630 5347 707 5434 ipso
730 5350 814 5415 actu
837 5344 1002 5432 nuceria,
1027 5344 1090 5410 ubi
1114 5343 1159 5412 ad
1183 5341 1261 5410 sala
1284 5341 1431 5426 dicitur,
1456 5339 1576 5424 quide
1592 5345 1816 5436 omniparte
1839 5345 1884 5414 ad
1907 5345 1978 5414 fine
2002 5315 2115 5432 ipsius
2139 5345 2411 5434 archiepiscopii

562 5501 757 5571 coniuncta
781 5505 846 5578 est3
872 5502 955 5569 abet
978 5500 1075 5568 enim
1101 5518 1123 5566 a
1146 5515 1230 5584 pars
1253 5496 1514 5583 septemtrionis
1536 5497 1631 5584 passi
1655 5503 1811 5566 centum.
1838 5501 1868 5566 A
1891 5517 1974 5585 pars
1997 5499 2190 5568 occidentis
2213 5501 2295 5568 abet
2317 5500 2411 5585 passi

561 5654 839 5742 quinquaginta.
865 5655 896 5720 A
920 5655 1024 5739 parte
1048 5648 1197 5718 meridie
1220 5649 1303 5718 abet
1327 5647 1421 5736 passi
1448 5653 1592 5718 centum
1615 5651 1806 5736 quadtuor.
1825 5651 1879 5718 Ab
1893 5651 2068 5721 orientem
2091 5655 2174 5720 abet
2190 5651 2289 5739 passi
2305 5653 2413 5738 quin-

563 5803 741 5889 quaginta
766 5804 957 5890 quadtuor.
985 5801 1027 5868 do
1051 5803 1157 5869 rebus
1181 5800 1252 5868 ista
1277 5799 1374 5867 inira
1398 5799 1586 5870 iamdictos
1610 5819 1796 5871 mensuras
1813 5801 1963 5871 tradidit
1986 5803 2069 5872 inde
2085 5803 2172 5871 mihi
2188 5803 2316 5873 inclita
2340 5820 2412 5870 me-
