5370 7104
625 527 648 593 o
1108 495 1110 500 ’
1249 529 1361 599 aaut
1389 529 1443 599 uu
1471 531 1752 605 uutteoumus

625 771 691 820 con
718 747 820 819 barba
847 747 991 843 prolissa
1017 773 1034 819 c
1057 748 1177 844 capelli
1206 749 1262 820 del
1288 773 1372 845 capo
1398 751 1524 836 sciolti,
1554 776 1607 824 ma
1635 757 1748 828 aventi
1775 781 1821 828 un
1848 758 1943 852 largo
1969 767 2087 832 nestro
2114 761 2139 832 il
2165 760 2265 855 quale
2296 761 2428 856 ricinge

625 909 699 979 loro
726 906 758 979 la
784 915 884 978 testa.
912 905 959 978 La
987 907 1095 1000 prima
1121 906 1154 976 di
1183 917 1301 1001 queste
1320 907 1428 1004 ligure
1446 911 1539 982 tiene
1558 897 1671 1008 sponte
1690 925 1827 1008 quattro
1846 917 1916 990 dita
1935 919 2026 990 della
2047 944 2147 992 meno
2167 921 2285 1006 dritta,
2305 931 2428 994 tranne

610 1175 805 1184 ---.-..-ι-
819 1172 942 1180 ---—-—·
965 1171 983 1179 '-

574 1356 673 1417 'dorso
696 1352 816 1414 indicis
834 1347 1038 1431 superduces
1055 1339 1212 1404 ambobus
1229 1333 1397 1400 dumtaxat
1412 1345 1484 1388 ere·
1519 1327 1679 1397 interiora
1700 1341 1832 1418 pollicis
1856 1347 1952 1412 lateri
1975 1353 2028 1416 vel
2053 1356 2149 1420 dorso
2173 1359 2294 1426 indicis
2310 1383 2427 1448 super-

576 1500 652 1562 etis:
678 1499 759 1564 Cum
782 1496 865 1558 dicis
889 1492 1085 1574 Lpollicem
1101 1489 1267 1552 exteriore
1285 1492 1358 1547 artu
1376 1482 1481 1544 instar
1518 1484 1641 1562 ducee,
1676 1497 1833 1560 ambobus
1856 1501 2013 1569 duntaxat
2036 1511 2171 1574 erectis.
2206 1515 2314 1588 Quum
2336 1518 2423 1579 diets

575 1671 676 1730 grece
700 1653 798 1714 litere
823 1668 950 1730 gamma
975 1652 1145 1710 curvatum
1168 1643 1208 1705 ad
1223 1641 1365 1723 palmam
1386 1637 1482 1701 incli-
1517 1637 1785 1723 Quinquaginta,
1819 1654 1975 1733 pollicem
2008 1663 2174 1726 exteriore
2208 1672 2281 1729 artu
2315 1669 2422 1730 instar

576 1813 684 1876 nabis.
709 1813 789 1874 Cum
812 1809 895 1871 dicis
918 1808 972 1869 LX
993 1805 1151 1886 pollicem
1173 1807 1210 1863 ut
1236 1817 1336 1879 supra
1367 1813 1482 1858 curva·
1515 1795 1660 1862 Graecae
1683 1803 2036 1890 literaelcurvatum,
2054 1819 2094 1879 ad
2116 1821 2259 1900 palmam
2282 1823 2424 1886 inclina-

577 1974 645 2028 tum
661 1963 807 2027 indicem
823 1958 1035 2023 circumflexo
1051 1951 1230 2030 diligenter
1247 1964 1265 2006 a
1280 1945 1390 2007 fronte
1406 1961 1481 2023 per·
1516 1949 1580 2014 bis.
1606 1956 1712 2030 Quum
1735 1961 1819 2026 dicis
1842 1967 2031 2050 Sexaginta,
2055 1976 2213 2056 pollicem
2242 1983 2291 2064 (ut
2312 1989 2427 2064 supra)

576 2118 695 2197 cingis
715 2117 794 2180 Cum
811 2114 895 2177 dicis
911 2113 994 2174 LXX
1010 2109 1157 2172 indicem
1173 2111 1323 2186 utsupra
1340 2102 1482 2164 circum·
1517 2117 1700 2187 curvatum,
1718 2117 1828 2182 indice
1845 2123 2057 2190 circumflexo
2074 2129 2254 2208 diligenter
2274 2153 2293 2196 a
2309 2138 2418 2200 fronte

575 2265 789 2350 flexopollice
802 2265 950 2327 immisso
967 2259 1225 2344 superimplebis
1241 2273 1372 2335 unguae
1390 2252 1482 2313 dum·
1515 2261 1722 2341 praecinges.
1747 2269 1854 2341 Quum
1886 2271 1970 2335 dicis
1993 2275 2236 2356 Septuaginta,
2272 2281 2416 2347 indicem

575 2425 664 2480 taxat
686 2418 778 2481 illius
802 2422 913 2479 erecto
936 2422 1026 2478 trans
1049 2413 1195 2475 medium
1212 2410 1333 2472 indicis
1358 2412 1478 2468 artum.
1515 2412 1563 2494 (ut
1584 2416 1696 2496 supra)
1717 2419 1967 2486 circumflexum
1990 2425 2111 2506 pollice
2136 2431 2285 2496 immisso
2308 2454 2424 2517 super-

576 2573 656 2635 Cum
679 2573 762 2634 dicis
780 2565 1048 2633 LXXXindicem
1065 2573 1213 2646 utsupra
1229 2563 1478 2625 circumflexum
1517 2567 1697 2648 implebis,
1733 2593 1843 2652 ungue
1873 2578 2031 2643 duntaxat
2063 2584 2156 2646 illius
2190 2595 2303 2650 erecta
2328 2597 2420 2654 trans

576 2731 730 2812 pollicem
743 2730 877 2810 longum
889 2733 983 2789 tenso
1001 2722 1156 2804 implebis
1175 2738 1305 2798 unguae
1322 2715 1480 2780 uidelicet
1518 2721 1663 2786 medium
1698 2727 1818 2790 indicis
1841 2738 1962 2796 artum.
1986 2737 2093 2808 Quum
2117 2739 2201 2803 dicis
2224 2743 2415 2823 Octoginta,

577 2884 667 2946 illius
690 2885 724 2945 in
748 2882 893 2945 medium
910 2881 1031 2942 indicis
1048 2884 1155 2939 artum
1172 2876 1284 2938 infixo.
1299 2874 1379 2936 Cum
1398 2870 1481 2932 dicis
1518 2877 1662 2942 indicem
1684 2884 1863 2970 (utsupra)
1893 2892 2164 2969 circumflexum,
2197 2900 2353 2979 pollicem
2383 2903 2417 2962 in

575 3037 717 3099 LXXXX
739 3034 859 3095 indicis
885 3032 995 3093 inllexi
1013 3046 1158 3106 unguem
1174 3023 1281 3086 radici
1298 3021 1431 3104 pollicis
1449 3040 1482 3081 e·
1518 3032 1650 3111 tongum
1673 3047 1767 3102 penso
1790 3044 1966 3124 implebis,
1998 3067 2107 3127 ungue
2136 3052 2296 3116 videlicet
2320 3055 2413 3117 ipius

576 3183 660 3247 recti
683 3182 801 3260 infiges
824 3181 986 3240 hactenus
1011 3179 1045 3236 in
1067 3175 1152 3236 leva.
1178 3171 1317 3233 Centum
1342 3186 1422 3229 vero
1447 3167 1479 3224 in
1519 3183 1551 3243 in
1572 3185 1729 3250 ,medium
1763 3191 1884 3255 indicis
1919 3207 2027 3259 artum
2060 3201 2171 3264 infixa·
2206 3206 2312 3278 Quum
2336 3207 2419 3270 dicis

575 3345 723 3414 dextera,
748 3337 908 3419 quomodo
932 3336 1047 3398 decem
1064 3335 1097 3394 in
1115 3332 1188 3394 leva
1205 3330 1321 3392 laciee.
1338 3325 1478 3389 Ducenti
1517 3339 1722 3416 Nonaginta,
1757 3343 1877 3406 indicis
1903 3348 2016 3410 inflexi
2045 3351 2203 3429 ungutam
2226 3355 2331 3420 radiet
2353 3361 2422 3440 pot.

576 3499 609 3557 in
632 3495 769 3556 dfflllela
791 3489 951 3572 qu⁰sss⁰d⁰
974 3486 1095 3564 bidinfi
1119 3481 1426 3544 illm-Trecenti
1446 3481 1479 3539 5¹¹
1518 3493 1591 3557 licis
1626 3499 1756 3577 infiges.
1787 3503 1953 3564 Hactenus
1983 3505 2017 3566 in
2043 3507 2160 3581 laeva,
2194 3517 2251 3572 aut
2279 3513 2417 3574 sinistra

574 3660 720 3728 delleta»
745 3653 904 3734 qU0ffl⁰d⁰
926 3650 1063 3726 tritinia
1079 3647 1113 3707 ln
1129 3645 1213 3707 leva·
1238 3627 1360 3705 Eodem
1384 3643 1479 3704 m⁰d0
1517 3666 1626 3713 manu.
1653 3653 1792 3715 Centum
1813 3675 1891 3718 vero
1914 3657 1949 3717 in
1971 3657 2118 3737 dextera,
2143 3664 2419 3741 quemadmodum

574 3821 608 3876 et
624 3819 856 3888 celeransque
873 3806 1124 3884 adnungentos.
1142 3775 1225 3862 Item
1242 3800 1334 3862 mille
1352 3801 1386 3861 in
1403 3801 1480 3864 dex·
1516 3792 1638 3854 Decem
1670 3795 1705 3855 in
1738 3797 1830 3860 laeva
1862 3801 1979 3864 facies.
2003 3807 2153 3867 Ducenta
2186 3809 2220 3870 in
2256 3809 2414 3874 dexteru

573 3973 657 4038 tera,
681 3959 840 4042 quomodo
863 3974 966 4018 unum
989 3957 1023 4016 in
1039 3955 1125 4019 leva.
1141 3956 1210 4018 Duo
1228 3954 1322 4016 milia
1345 3955 1378 4015 in
1403 3955 1477 4017 dex·
1516 3957 1789 4032 quemadmodum
1810 3959 1936 4037 Viginti
1967 3923 2004 4024 in·
2034 3964 2139 4027 laeva.
2164 3969 2348 4046 Trecenta,
2384 3974 2419 4034 in

572 4124 659 4193 tera,
683 4113 842 4196 quomodo
866 4110 929 4173 duo
952 4111 986 4171 in
1015 4109 1101 4171 leva.
1125 4107 1202 4170 Tria
1227 4105 1321 4168 milia
1346 4105 1381 4166 in
1404 4105 1481 4167 dex·
1516 4107 1662 4170 dextera:
1687 4112 1963 4190 quemadmodum
1978 4117 2129 4196 Triginta
2151 4120 2186 4183 in
2208 4121 2312 4186 laeva.
2337 4127 2421 4200 Qua·

573 4275 657 4341 tera,
681 4260 841 4344 quomodo
865 4259 929 4320 tria
950 4259 984 4318 in
1007 4259 1091 4321 leva.
1118 4257 1174 4320 Sic
1190 4264 1223 4319 et
1238 4262 1351 4320 cetera
1374 4235 1479 4336 usque
1517 4257 1692 4338 dringenta
1723 4264 1758 4324 in
1791 4265 1943 4328 dextera:
1977 4272 2251 4351 quemadmodum
2274 4281 2421 4355 Quadra-

573 4415 613 4477 ad
636 4432 753 4476 novem
776 4407 880 4472 milia.
905 4410 1006 4471 Porro
1029 4407 1146 4470 decem
1168 4406 1262 4469 milia
1288 4426 1363 4472 cum
1394 4408 1478 4472 dicis
1515 4414 1608 4491 ginta
1629 4417 1663 4478 in
1686 4418 1789 4480 laeva.
1813 4421 2010 4500 Quingenta‚
2036 4427 2071 4487 in
2094 4427 2242 4494 dextera:
2260 4436 2419 4512 quemad·

573 4579 647 4640 leva
669 4572 778 4636 medio
801 4569 927 4651 pectori
951 4568 1103 4648 supinam
1120 4585 1262 4647 appones
1280 4567 1393 4645 digitis
1408 4575 1480 4630 tan·
1516 4571 1647 4631 modum
1663 4572 1909 4652 Quinquaginta
1925 4576 1960 4637 in
1974 4578 2078 4643 laeva.
2096 4581 2270 4659 Sexcenta,
2288 4589 2323 4650 in
2339 4589 2416 4652 dex·

574 4731 642 4788 tum
660 4723 698 4784 ad
715 4720 800 4782 collo
816 4719 951 4781 erectis.
966 4718 1089 4796 Biginti
1105 4717 1199 4778 milia
1215 4735 1290 4779 cum
1303 4718 1387 4781 dicis
1404 4739 1481 4782 ean·
1514 4731 1586 4788 tera
1604 4747 1611 4786 :
1635 4726 1911 4806 quemadmodum
1941 4735 2120 4813 Sexaginta
2147 4738 2182 4798 in
2209 4739 2313 4805 laeva.
2339 4745 2420 4828 Sep-

573 4883 648 4944 ‹tem
671 4877 796 4960 pectori
820 4893 997 4956 expansam
1013 4874 1079 4937 late
1096 4893 1312 4957 superpones.
1330 4877 1479 4956 Triginta
1515 4883 1688 4962 tingente,
1719 4887 1752 4946 in
1791 4887 1951 4950 dextera:
1982 4892 2259 4968 quemadmodum
2282 4901 2420 4984 Septua-

573 5028 666 5090 milia
689 5047 764 5090 cum
787 5025 870 5088 dicis
894 5022 1033 5085 eandem
1055 5043 1159 5104 prona
1179 5027 1238 5087 aed
1254 5033 1367 5090 erecto
1384 5029 1478 5110 polli-
1514 5038 1605 5114 ginta
1628 5037 1662 5098 in
1685 5037 1789 5103 laeva.
1812 5040 2019 5120 Octingenta,
2047 5045 2081 5104 in
2098 5047 2246 5115 dextera:
2263 5061 2419 5134 quemad-

574 5199 647 5243 cem
670 5179 870 5257 cartillagini
896 5178 996 5241 medii
1019 5179 1164 5259 pectoris
1188 5179 1359 5242 'inmittee
1396 5183 1480 5255 Qua·
1515 5188 1645 5251 modum
1668 5191 1840 5270 Octoginta
1863 5195 1896 5256 in
1919 5195 2023 5260 laeva.
2047 5202 2268 5282 Noningenta,
2290 5208 2418 5273 index·

573 5333 726 5412 draginta
747 5331 854 5394 millia
877 5351 951 5396 cum
974 5331 1071 5406 dicis,
1096 5331 1236 5393 candem
1263 5333 1297 5393 in
1321 5334 1478 5398 umbilico
1515 5345 1611 5402 tera:
1650 5341 1925 5419 quemadmodum
1961 5347 2146 5428 Nonaginta
2183 5351 2218 5414 in
2248 5351 2354 5417 laeva.
2391 5356 2422 5417 I·

577 5500 723 5556 erectam
739 5491 923 5574 supinabis.
938 5490 1182 5568 Quinquaginta
1198 5489 1292 5552 milia
1307 5509 1381 5553 cum
1397 5493 1480 5557 dicia
1515 5503 1583 5560 tem
1605 5495 1721 5570 Mille,
1752 5496 1786 5558 in
1815 5499 1973 5561 dextera:
2009 5502 2286 5581 quemadmodum
2308 5508 2420 5572 Unum

577 5647 730 5710 eiusdem
752 5667 855 5732 prone
879 5647 936 5708 scd
959 5654 1071 5708 erecto
1087 5646 1243 5728 pollicem
1259 5648 1418 5714 umbilico
1434 5653 1483 5714 in·
1516 5655 1550 5714 in
1572 5651 1677 5715 laeva.
1701 5653 1770 5716 Duo
1793 5653 1922 5730 millia,
1957 5657 1992 5718 in
2015 5655 2176 5720 dextera:
2195 5658 2422 5740 ”quemadmo-

576 5817 691 5878 pones.
710 5797 888 5877 Sexaginta
910 5795 1002 5858 milia
1025 5815 1100 5858 cum
1123 5794 1208 5858 dicis
1225 5795 1364 5860 eandem
1379 5817 1480 5880 prona
1517 5801 1593 5866 dum
1616 5803 1685 5864 Duo
1709 5801 1744 5862 in
1766 5799 1869 5866 laeva.
1895 5803 1972 5866 Tria
1994 5803 2112 5881 millia,
2127 5806 2161 5869 in
2178 5808 2325 5872 dextera:
2342 5824 2425 5890 que·
