5414 7098
1248 566 1421 639 tubex
1462 567 1727 640 CAVENSIS

1321 839 1658 926 DCCXXVI.

1350 1077 1403 1152 A.
1432 1074 1483 1152 D.
1512 1073 1644 1160 1020.

616 1222 653 1363 †
678 1276 718 1341 ln
741 1275 885 1342 nomine
909 1272 1041 1340 domini
1066 1271 1248 1339 tricesimo
1264 1271 1417 1340 secundo
1434 1290 1530 1340 anno
1546 1271 1770 1360 principatus
1785 1273 1904 1341 domni
1922 1271 2035 1340 nostri
2051 1273 2265 1362 Guaimarii,
2282 1277 2327 1343 Et
2348 1279 2420 1345 ter-

562 1431 615 1502 116
638 1447 733 1498 anno
755 1426 977 1516 principatus
1000 1426 1118 1493 domni
1143 1423 1340 1512 guaimarii
1363 1425 1439 1494 eius
1456 1424 1537 1513 filii,
1555 1424 1698 1512 gloriosi
1713 1425 1951 1512 principibus,
1969 1443 2089 1493 mense
2106 1429 2265 1514 octuber,
2285 1431 2421 1514 quarta

566 1581 775 1648 indictione.
800 1577 1091 1648 Memoratorium
1114 1578 1213 1646 sactu
1235 1598 1257 1647 a
1280 1569 1337 1645 me
1359 1578 1455 1645 maio
1478 1577 1652 1664 presbiter
1676 1581 1711 1645 et
1727 1580 1837 1646 abbas
1860 1577 2009 1646 ecclesia
2032 1578 2149 1646 sancti
2174 1579 2341 1665 maximi,
2364 1582 2414 1647 Eo

565 1735 658 1821 quod
681 1739 766 1803 ante
789 1732 980 1818 subscripti
1004 1731 1149 1816 ydoneis
1173 1729 1375 1797 hominibus
1409 1749 1473 1816 per
1496 1733 1590 1801 bona
1613 1733 1903 1800 conbenientiam
1926 1731 2060 1801 tradidi
2084 1731 2227 1802 cuidam
2263 1733 2410 1804 iohanni

567 1887 806 1971 calabritano,
824 1883 886 1970 qui
901 1883 1003 1950 modo
1027 1881 1159 1950 residet
1181 1883 1221 1950 in
1244 1882 1357 1950 locum
1382 1902 1610 1977 mayranum,
1633 1884 1696 1950 ubi
1720 1889 1756 1952 61
1781 1883 1915 1954 6166116
1937 1885 2083 1973 dicitur,
2107 1887 2151 1954 de
2175 1887 2282 1955 rebus
2306 1886 2418 1973 perti·

564 2042 711 2107 nentem
735 2038 848 2123 ipsius
872 2035 1020 2104 ecclesie
1043 2034 1159 2102 sancti
1183 2036 1347 2121 maximi,
1372 2036 1464 2120 quod
1489 2038 1571 2104 abet
1595 2038 1673 2122 ipsa
1696 2037 1847 2106 ecclesia
1871 2015 2019 2124 in'ipsis
2044 2038 2130 2106 locis
2154 2039 2358 2108 mairacum
2382 2047 2421 2110 et

564 2193 700 2260 arcella
723 2210 786 2278 per
810 2194 875 2259 hec
898 2181 1005 2258 finis:
1031 2191 1170 2259 deuna
1193 2195 1296 2276 parte
1318 2189 1389 2257 fine
1413 2191 1532 2259 media
1555 2210 1650 2278 aqua
1673 2191 1715 2259 de
1739 2191 1817 2279 ipsa
1840 2192 1986 2261 arcella:
2011 2193 2054 2259 de
2088 2193 2176 2279 pede
2201 2192 2272 2262 fine
2305 2195 2420 2264 medio

564 2347 671 2414 flubio
694 2347 833 2414 forino:
858 2346 901 2413 de
924 2345 996 2414 alio
1020 2345 1134 2413 latere
1168 2345 1237 2411 line
1269 2344 1312 2413 de
1348 2343 1494 2412 heredes
1529 2346 1707 2430 quondam
1731 2345 1912 2433 guaimari
1935 2347 2078 2414 comiti:
2115 2347 2296 2434 desuper
2319 2353 2421 2434 parte

566 2501 636 2567 fine
660 2500 777 2568 media
801 2517 914 2584 serra3
933 2517 995 2584 per
1012 2497 1078 2565 iste
1095 2495 1177 2562 finis
1196 2497 1308 2582 ipsius
1324 2496 1470 2564 ecclesie
1486 2501 1539 2564 est
1554 2496 1806 2583 pertinentem,
1824 2501 1860 2564 61
1875 2495 2008 2564 tradidi
2025 2495 2108 2565 inde
2131 2497 2244 2584 ipsius
2270 2498 2437 2568 iohanni·

565 2655 608 2723 de
632 2656 708 2740 ipso
733 2653 902 2720 silbosum
925 2655 961 2719 et
984 2653 1185 2736 mortitum,
1210 2655 1386 2737 quantum
1409 2649 1567 2736 poluerit
1590 2666 1741 2717 roncare
1765 2653 1800 2716 61
1822 2649 1998 2718 seminare
2023 2649 2083 2717 ille
2107 2655 2143 2718 et
2167 2668 2249 2718 suos
2271 2653 2422 2742 eredeS,

561 2809 620 2892 ,vel
643 2807 802 2876 homines
825 2809 917 2894 quod
942 2809 993 2876 ibi
1016 2806 1182 2893 miserit,
1208 2805 1333 2874 amodo
1357 2809 1393 2873 61
1417 2824 1528 2890 usque
1558 2805 1645 2871 duos
1669 2820 1783 2871 annos
1811 2804 2015 2890 conpletos3
2047 2805 2113 2874 1611
2143 2806 2359 2894 hordinem,
2384 2813 2423 2876 ut

566 2961 690 3032 amodo
713 2968 749 3030 et
771 2981 882 3048 usque
905 2963 1108 3048 conpletum
1132 2960 1207 3047 ipso
1231 2959 1465 3028 constitutum
1489 2959 1550 3027 ille
1574 2961 1610 3026 61
1626 2979 1707 3027 suos
1731 2960 1877 3047 eredes,
1902 2961 1956 3027 vel
1979 2961 2141 3029 homines
2164 2981 2253 3047 quos
2278 2963 2326 3040 ibi
2354 2961 2422 3028 mi-

567 3119 666 3203 serit,
690 3117 734 3185 de
758 3119 833 3203 ipso
849 3116 1018 3184 silbosum
1034 3119 1070 3183 61
1086 3115 1269 3182 mortitum
1286 3108 1311 3197 ¹)
1327 3131 1477 3182 roncare
1500 3115 1536 3180 et
1559 3113 1737 3181 seminare
1760 3115 1935 3199 quantum
1958 3115 2153 3201 potuerint;
2179 3119 2217 3186 et
2240 3135 2304 3202 per
2329 3121 2421 3184 tem-

567 3272 719 3358 perede
743 3273 810 3358 ipsi
835 3271 949 3339 lavori
973 3271 1254 3356 recolligendum
1277 3274 1312 3337 61
1337 3268 1603 3355 tritulandum,
1628 3267 1764 3335 saciant
1788 3268 1880 3336 66116
1904 3287 1960 3335 me
1983 3268 2035 3336 vel
2060 3288 2145 3355 pars
2170 3269 2283 3356 ipsius
2306 3271 2423 3340 66616-

567 3425 631 3511 sie,
656 3428 695 3492 ut
719 3424 768 3491 ibi
792 3422 991 3509 dirigamus
1015 3421 1161 3489 missum
1184 3425 1359 3508 nostrum,
1387 3425 1423 3488 et
1445 3419 1518 3486 illis
1544 3418 1656 3486 lavori
1682 3418 1751 3504 ipsi
1775 3417 1983 3505 recolligere
2006 3420 2138 3488 exinde
2159 3471 2168 3508 ,
2193 3427 2230 3490 et
2256 3421 2307 3490 ibi
2335 3441 2422 3490 area

569 3579 743 3662 facerent,
768 3579 803 3643 61
827 3574 941 3644 161611
965 3573 1033 3658 ipsi
1058 3571 1109 3638 111
1133 3571 1345 3640 tritularent
1369 3577 1404 3641 et
1427 3577 1678 3658 procurarent,
1704 3582 1740 3641 61
1763 3574 1972 3642 terraticum
1997 3573 2079 3642 inde
2103 3575 2206 3643 daret
2230 3574 2350 3662 ibique
2374 3575 2420 3644 ad

568 3729 717 3796 missum
742 3725 854 3814 ipsius
878 3727 1050 3795 aecclesie
1067 3726 1259 3795 secundum
1275 3726 1490 3794 consuetudo
1508 3725 1620 3811 ipsius
1636 3725 1735 3810 locis,
1756 3729 1792 3792 61
1809 3726 1884 3810 ipso
1900 3725 1993 3793 aliut
2009 3727 2076 3793 sivi
2094 3730 2256 3812 aberent;
2274 3733 2322 3815 61,
2338 3728 2421 3795 dum

567 3879 770 3967 conpletum
794 3879 903 3948 fuerit
928 3880 1003 3966 ipso
1025 3880 1269 3963 constitutum,
1298 3881 1373 3946 tota
1398 3879 1475 3964 ipsa
1496 3879 1601 3946 rebus
1618 3883 1680 3964 per
1697 3877 1864 3948 iamdicto
1888 3879 1977 3946 lines
2001 3881 2165 3949 rebertad
2193 3881 2238 3950 ad
2262 3885 2420 3966 potesta·

568 4037 641 4101 tem
665 4034 708 4101 de
731 4036 894 4120 partibus
917 4035 1032 4120 ipsius
1055 4032 1226 4118 ecclesie,
1256 4036 1292 4100 61
1315 4033 1430 4119 ipsum
1455 4033 1629 4100 iohannes
1653 4037 1689 4100 et
1712 4051 1793 4099 suos
1816 4032 1963 4118 eredes,
1994 4033 2048 4099 161
2072 3989 2233 4101 homines
2256 4051 2344 4121 quos
2368 4036 2419 4102 ibi

569 4185 754 4274 miserint,
779 4187 892 4254 licead
910 4187 998 4254 inde
1021 4187 1122 4254 exire
1145 4204 1226 4253 cum
1249 4184 1369 4254 omnia
1392 4202 1477 4252 suas
1499 4203 1639 4253 causas.
1664 4184 1763 4251 Unde
1787 4183 1826 4249 in
1850 4202 1890 4250 eo
1914 4184 2065 4252 hordine
2088 4203 2152 4271 per
2177 4188 2269 4256 bona
2292 4189 2423 4256 conbe-

568 4340 744 4411 nientiam
767 4340 900 4428 guardia
922 4340 1010 4407 mihi
1034 4341 1109 4428 ipse
1132 4337 1305 4408 iohannes
1321 4339 1419 4406 dedit
1441 4341 1478 4407 et
1494 4339 1723 4407 mediatorem
1739 4337 1829 4405 mihi
1845 4339 1961 4425 posuit
1983 4358 2021 4406 se
2045 4341 2174 4429 ipsum,
2199 4346 2251 4430 ut,
2277 4343 2309 4410 si
2335 4343 2419 4412 tali-

569 4496 624 4563 ter
646 4493 766 4562 omnia
788 4495 1032 4579 suprascripta
1053 4511 1124 4560 non
1149 4491 1422 4578 adimpleberint
1445 4494 1481 4559 et
1504 4491 1634 4578 aliquit
1651 4490 1733 4559 inde
1756 4493 2056 4580 contradixerint,
2080 4513 2143 4581 per
2166 4498 2246 4582 ipsa
2271 4495 2416 4583 guadia

569 4664 776 4733 componere
792 4665 829 4714 66
845 4645 1018 4734 obligavit
1032 4646 1106 4732 ipse
1122 4645 1295 4714 iohannes
1311 4662 1439 4733 grecus
1455 4649 1492 4714 61
1508 4663 1587 4712 6666
1603 4645 1723 4714 eredes
1741 4644 1841 4731 mihi,
1859 4645 1913 4713 vel
1930 4645 2147 4732 inpartibus
2170 4648 2284 4736 ipsius
2301 4649 2414 4717 eccle-

568 4798 632 4886 sie,
657 4798 778 4867 decem
800 4798 881 4868 auri
905 4799 1032 4867 solidos
1054 4799 1310 4868 constantines.
1327 4799 1583 4867 Verumtamen
1605 4799 1671 4866 hoc
1689 4815 1937 4885 memoramus,
1963 4799 2049 4885 quia
2072 4803 2108 4867 et
2131 4801 2177 4870 da
2201 4801 2317 4870 medio
2335 4803 2413 4886 ipso

570 4951 678 5022 dubio
700 4956 817 5022 forino
840 4954 880 5020 in
903 4952 966 5022 illa
990 4969 1074 5038 pars
1097 4954 1208 5020 totum
1221 4950 1460 5038 pertinentem
1475 4953 1528 5019 est
1544 4952 1657 5036 ipsius
1671 4951 1819 5020 ecclesie
1833 4952 2027 5020 secundum
2043 4957 2172 5022 testum
2187 4955 2230 5022 de
2247 4956 2417 5022 monimi-
2513 4935 2520 4950 ’

571 5123 635 5196 na,
653 5109 746 5196 quod
768 5109 851 5178 inde
875 5112 957 5180 abet
980 5127 1064 5199 pars
1088 5109 1200 5196 ipsius
1224 5106 1383 5176 ecclesie.
1410 5105 1506 5180 Quod
1530 5104 1657 5191 scripsi
1681 5125 1746 5194 ego
1769 5107 1964 5192 myrandus
1989 5069 2151 5176 notarius
2175 5109 2236 5195 qui
2254 5111 2419 5179 interlui.

616 5233 648 5350 †
673 5265 747 5351 Ego
770 5264 942 5350 grimoalt

618 5387 648 5504 †
674 5418 749 5506 Ego
772 5417 959 5504 iaquintus
982 5419 1147 5485 notarius
1169 5435 1224 5484 me
1248 5415 1442 5502 subscripsi

617 5540 647 5657 †
671 5571 747 5658 Ego
770 5569 967 5656 iaquintus.

615 5873 637 5948 ⁸)
659 5875 836 5940 mortitam,
864 5871 951 5932 idem
976 5887 1013 5930 ac
1037 5873 1224 5945 myrtetum.

1227 6020 1292 6028 ...ψ-
1294 6021 1344 6026 .....
1352 6019 1765 6029 .-—--—-——..-.—.——.-—-—
