5414 7098
1025 552 1431 628 prenestrinus
2064 549 2111 621 67

303 775 493 846 iamdictus
517 775 627 844 iudex
650 779 936 866 regemprendus
958 780 1124 867 prosolsit
1147 779 1264 867 ipsum
1287 781 1534 866 infantulum,
1558 785 1598 848 ut
1620 779 1699 866 1666
1722 782 1820 846 terra
1844 795 1925 846 cum
1953 777 2046 846 61116
2076 796 2158 846 cum

303 926 385 1012 ipsa
406 925 551 995 bineola
573 925 714 998 deserta
737 929 955 1000 benumdare
977 929 1036 997 cui
1059 930 1232 1020 bolerent,
1256 935 1296 1000 ut
1318 934 1459 1020 tempus
1484 931 1590 1000 samis
1612 929 1777 1017 ebedere,
1795 931 1922 997 utnon
1937 927 2155 998 moriantur.

302 1079 349 1146 Et
374 1077 452 1148 ideo
474 1097 539 1168 ego
563 1079 753 1150 iamdictus
776 1083 886 1170 sergi,
910 1084 1005 1151 sicut
1027 1083 1116 1152 mihi
1142 1101 1340 1171 congruum
1363 1086 1431 1168 661,
1454 1103 1534 1153 mea
1549 1085 1642 1152 bona
1656 1082 1877 1151 boluntatem
1900 1071 1964 1169 per
1988 1100 2057 1150 ano
2080 1099 2160 1150 car·

309 1228 425 1299 tutam
440 1235 524 1300 ante
540 1233 722 1318 presentia
743 1235 997 1323 regemprandi
1020 1235 1129 1303 iudici
1152 1238 1189 1303 et
1213 1235 1402 1322 subscripti
1428 1237 1536 1304 testes
1558 1232 1789 1302 venumdedit
1812 1231 1929 1320 adque
1952 1232 1999 1302 ad
2021 1251 2161 1320 semper

307 1383 486 1490 abendon
510 1385 721 1454 confirmabi
744 1387 811 1454 tibi
837 1386 984 1456 iohanni
1008 1387 1083 1454 tilio
1105 1387 1283 1474 quondam
1306 1389 1402 1476 sergi
1427 1407 1554 1476 grecus
1577 1387 1656 1476 ipsa
1677 1387 1780 1475 pecie
1795 1387 1839 1456 de
1854 1392 1954 1457 terra
1968 1405 2048 1456 curn
2065 1387 2159 1458 61116

308 1556 391 1606 oum
414 1537 491 1625 ipsa
515 1539 656 1608 bineola
678 1540 819 1609 deserta
841 1540 884 1609 de
908 1542 983 1628 ipso
1006 1541 1120 1608 locum
1142 1541 1269 1629 beteri,
1293 1545 1329 1608 et
1351 1545 1404 1608 est
1426 1561 1489 1629 per
1514 1561 1553 1609 ec
1577 1540 1661 1608 finis
1684 1545 1720 1608 61
1743 1541 1953 1610 mensurie:
1978 1541 2018 1610 in
2041 1539 2158 1628 pede,

312 1693 405 1779 quod
430 1697 482 1762 est
505 1712 606 1764 secus
629 1695 690 1765 bia
714 1696 804 1783 ipsa,
829 1695 912 1764 inde
934 1699 987 1763 est
1002 1695 1044 1763 de
1060 1696 1212 1764 latitudo
1234 1695 1329 1782 passi
1353 1695 1500 1782 uiginti,
1524 1701 1560 1764 et
1584 1696 1623 1763 16
1646 1696 1761 1763 modio
1786 1695 1860 1763 loco
1877 1699 1929 1763 est
1945 1695 1987 1763 de
2006 1696 2158 1764 latitudo

308 1847 405 1932 passi
430 1847 519 1916 alios
542 1847 698 1936 biginti:
723 1851 762 1918 in
786 1854 903 1938 capite
927 1854 981 1918 est
1005 1849 1156 1918 latitudo
1180 1848 1388 1936 6666161166
1412 1849 1558 1938 biginti,
1582 1853 1619 1916 et
1642 1849 1684 1916 de
1701 1849 1955 1936 iongitudoest
1971 1848 2042 1918 1616
2059 1853 2161 1920 terra

308 2020 389 2068 oum
412 2002 505 2070 silba
528 2021 608 2070 cum
633 2005 710 2092 ipsa
734 2005 875 2074 bineola
899 2005 1040 2074 deserta
1063 2005 1110 2072 da
1134 2005 1213 2090 ipsa
1235 2001 1310 2089 bia,
1325 2002 1386 2088 qui
1404 2003 1525 2089 pergit
1549 2001 1595 2070 ad
1612 2000 1759 2070 nuceria
1775 2005 1811 2070 et
1827 2020 1939 2088 usque
1955 2002 2000 2071 ad
2016 2005 2156 2072 murice

308 2152 351 2222 de
375 2152 492 2240 ipsum
515 2158 634 2223 monte
658 2156 701 2224 do
724 2159 848 2224 sancto
872 2155 1075 2242 liberatore,
1099 2156 1214 2224 totum
1237 2159 1482 2224 mensuratum
1506 2154 1552 2222 ad
1574 2155 1669 2222 iusto
1691 2173 1850 2241 passum.
1867 2156 1916 2221 Ec
1932 2157 2016 2222 bero
2032 2173 2160 2241 66666-

309 2307 406 2378 dicta
429 2307 529 2396 pecie
552 2309 596 2378 de
618 2314 717 2380 terra
739 2328 821 2377 cum
842 2309 935 2378 silba
959 2326 1040 2375 oum
1062 2309 1142 2395 ipsa
1166 2307 1306 2378 1166616
1321 2309 1461 2378 deserta
1476 2309 1558 2377 illut
1574 2308 1638 2376 tibi
1658 2309 1826 2378 iamdicto
1843 2311 1992 2379 iohanni
2010 2313 2161 2378 benum-

309 2463 430 2550 dedit,
454 2481 535 2530 oum
559 2462 679 2532 omnia
702 2463 798 2531 intro
821 2482 858 2531 66
882 2463 1071 2532 abentibus
1095 2467 1131 2530 et
1155 2462 1230 2530 suis
1252 2463 1509 2550 pertinentiis,
1533 2467 1570 2531 et
1593 2481 1674 2532 cum
1697 2464 1775 2531 bice
1798 2463 1842 2532 de
1865 2464 1945 2551 1666
1969 2463 2030 2534 116
2052 2471 2088 2532 61
2119 2465 2161 2533 de

310 2615 386 2702 ipso
409 2615 597 2705 anditum,
622 2617 684 2704 qui
709 2638 731 2686 a
755 2637 861 2704 super
884 2617 962 2703 ipsa
985 2617 1045 2686 bia
1069 2614 1214 2704 pergit,
1237 2617 1283 2685 ad
1306 2617 1477 2685 securiter
1501 2619 1537 2684 et
1560 2618 1714 2685 firmiter
1744 2617 1868 2686 amodo
1891 2623 1927 2686 et
1957 2636 2094 2705 semper
2119 2623 2159 2687 tu

310 2769 498 2838 iamdictus
521 2768 694 2838 iohannes
717 2773 855 2836 611666
878 2769 1000 2838 eredes
1024 2767 1150 2838 1661116
1173 2767 1379 2852 supradicta
1402 2787 1482 2836 mee
1506 2769 1724 2838 bindictione
1747 2771 1901 2846 abendi,
1926 2770 2154 2858 possidendi,

307 2921 539 3008 dominandi,
563 2921 683 2990 omnia
706 2921 837 2989 exinde
861 2920 1018 2991 faciendi
1042 2941 1111 3008 que
1135 2921 1346 3008 1616661116,
1371 2939 1481 3007 66666
1504 2921 1600 2987 omni
1624 2940 1703 2990 mea
1726 2922 1778 2988 vei
1805 2922 1848 2989 de
1872 2925 1962 2991 meis
1990 2923 2161 2992 eredibus

310 3076 604 3145 contrarietatem
627 3074 683 3141 vel
706 3074 970 3162 requisition03
995 3075 1087 3143 unde
1111 3093 1174 3160 pro
1197 3074 1477 3142 confirmandam
1494 3076 1530 3141 et
1543 3074 1837 3143 stabiliscendam
1852 3076 2058 3162 supradicta
2074 3096 2156 3146 mea

296 3230 664 3322 ι116611611666,6666
686 3229 861 3316 presentis
886 3227 1003 3313 recepi
1027 3247 1049 3295 a
1072 3232 1107 3294 16
1131 3227 1321 3295 iamdictus
1345 3226 1519 3296 iohannes
1542 3233 1714 3298 emtorem
1737 3248 1855 3297 meum
1879 3234 2053 3300 statutum
2077 3251 2159 3317 pre-

307 3384 410 3470 tium,
427 3384 440 3450 i
455 3384 541 3449 sunt
557 3381 639 3449 euri
658 3379 760 3448 solidi
777 3379 819 3448 de
837 3380 906 3448 tari
927 3379 1008 3445 boni
1032 3398 1222 3446 numerum
1244 3384 1321 3448 octo
1345 3400 1418 3449 666
1441 3386 1596 3467 quatuor
1619 3383 1692 3451 tari
1715 3403 1779 3470 per
1803 3384 1955 3452 solidum
1979 3385 2018 3454 in
2041 3388 2158 3457 omnis

309 3533 574 3621 deliberatione,
598 3533 693 3601 sicut
715 3531 809 3599 inter
833 3549 897 3598 666
913 3530 1101 3598 66616611.
1119 3533 1166 3599 De
1182 3551 1253 3618 qua
1266 3551 1329 3618 per
1345 3536 1439 3602 bona
1455 3535 1717 3604 combenientia
1732 3555 1799 3622 ego
1816 3537 2041 3624 supradictus
2057 3543 2156 3628 sergi

311 3689 444 3775 guadie
466 3688 532 3755 tibi
558 3685 724 3755 iamdicto
749 3685 899 3754 iohanni
923 3683 1001 3752 dodi
1026 3689 1062 3751 61
1085 3685 1315 3753 mediatorem
1337 3685 1404 3754 tibi
1427 3687 1543 3773 posuit
1567 3689 1665 3775 sergi
1687 3689 1894 3758 atrianense
1910 3689 2026 3758 filium
2043 3712 2157 3778 quon-

307 3843 389 3912 dam
413 3841 505 3910 leoni
530 3838 790 3925 boccabitoliu3
815 3842 851 3906 61
874 3856 936 3924 666
960 3837 1038 3924 1666
1061 3837 1194 3924 guadia
1220 3839 1338 3925 obligo
1365 3860 1420 3908 mo
1437 3844 1473 3908 61
1489 3859 1584 3910 meos
1601 3843 1723 3911 erodes
1741 3844 1866 3912 emodo
1882 3848 1918 3912 61
1936 3863 2074 3932 semper
2094 3865 2157 3914 an-

310 3995 506 4066 tistandum
531 3998 566 4062 et
588 3990 844 4060 defensandum
867 3988 941 4095 tibi
956 3990 1079 4075 tuique
1102 3989 1267 4056 oredibus
1296 3989 1423 4061 1661116
1454 3995 1660 4081 supradicta
1690 4015 1769 4064 mea
1805 3997 2052 4086 bindictione,
2077 4018 2158 4066 cum

313 4150 434 4217 omnia
458 4149 555 4216 intro
578 4165 616 4214 se
640 4145 829 4214 abentibus
852 4148 888 4211 61
911 4143 985 4210 6616
1008 4144 1249 4248 pertinentiis,
1272 4148 1412 4212 etcum
1436 4145 1514 4214 bioe
1537 4148 1580 4216 de
1603 4149 1683 4238 ipsa
1705 4151 1786 4239 bia,
1810 4152 1855 4220 da
1879 4171 2001 4222 omnes
2025 4155 2162 4222 omines

311 4307 476 4391 omnique
501 4301 677 4394 partibus.
703 4301 748 4366 Et
774 4316 837 4386 pro
861 4299 906 4366 ad
930 4298 1137 4364 defensione
1162 4316 1222 4364 vos
1246 4317 1384 4387 sempor
1408 4301 1586 4370 abendum
1602 4303 1699 4371 dedit
1714 4322 1780 4391 ego
1797 4305 1897 4372 modo
1913 4305 1979 4372 tibi
1996 4307 2065 4374 duo
2081 4326 2162 4374 666-

313 4460 388 4527 1616
412 4455 720 4542 continentemde
744 4453 822 4541 ipsa
845 4454 952 4522 rebus
969 4475 979 4540 3
1006 4473 1078 4527 666
1096 4451 1250 4536 qualiter
1265 4455 1356 4523 citro
1374 4459 1409 4523 61
1424 4456 1562 4526 66111616
1577 4459 1741 4545 germani
1758 4457 1826 4526 tilii
1843 4458 1998 4528 ricoardi
2014 4480 2160 4530 venum·

312 4612 485 4681 dederunt
508 4610 657 4678 iohanni
680 4609 846 4696 magistri
870 4608 943 4675 tilio
968 4611 1064 4698 sergi
1088 4613 1254 4680 monachi
1278 4612 1485 4680 amalfitano
1508 4616 1606 4680 terra
1629 4631 1710 4678 curn
1733 4610 1825 4681 61116
1848 4613 1888 4679 16
1908 4613 2025 4682 locum
2042 4613 2158 4682 beteri

310 4788 333 4834 6
357 4785 462 4853 super
486 4766 593 4831 dubio
617 4765 744 4832 boneia
768 4783 830 4852 per
854 4764 937 4833 finis
959 4769 993 4833 61
1017 4764 1222 4851 66666616,
1255 4765 1347 4833 61661
1371 4763 1448 4850 1666
1471 4764 1614 4832 6661616
1642 4765 1824 4832 continet:
1854 4765 1988 4851 6661616
2017 4765 2160 4834 6661616

310 4921 387 5008 1666
410 4939 473 5007 666
497 4919 635 4989 deuteri
660 4917 822 4987 66166166
845 4919 887 4986 de
912 4918 1079 4986 bicesimo
1102 4919 1256 4987 secundo
1280 4936 1376 4987 anno
1398 4919 1623 5006 principatus
1642 4919 1839 5005 supradicti
1856 4919 1975 4987 domni
1994 4919 2159 5008 guaima-

310 5074 356 5162 ri,
380 5077 424 5144 de
446 5095 567 5144 mense
590 5078 751 5162 agustuS,
776 5076 903 5142 octaba
927 5073 1137 5160 indictione,
1161 5079 1196 5141 et
1220 5072 1346 5140 ibidem
1368 5071 1491 5160 scripti
1517 5073 1813 5160 regemprandus,
1838 5077 1874 5141 et
1896 5075 2096 5164 iaquintus,
2125 5084 2161 5146 et

311 5235 445 5316 petrus.
469 5231 548 5316 ipsa
570 5229 670 5298 116116
693 5228 853 5297 6661616;
879 5227 955 5314 1666
980 5227 1153 5296 16166666
1177 5225 1273 5293 iilius
1297 5225 1393 5312 sergi
1410 5228 1609 5312 moneghus
1625 5224 1908 5294 venumdederad
1925 5226 2082 5313 ipsorum
2097 5249 2158 5316 ge-

309 5383 421 5451 nitori
445 5388 481 5451 et
507 5383 582 5449 thio
605 5400 705 5448 meus
729 5382 808 5468 ipsa
831 5381 937 5447 rebus
960 5397 1023 5466 per
1046 5357 1129 5444 finis
1153 5382 1189 5446 et
1213 5379 1407 5464 mensurio,
1432 5377 1526 5446 sicut
1550 5377 1628 5464 ipsa
1652 5377 1792 5446 6661616
1814 5379 1998 5466 66611661,
2023 5379 2157 5467 6661616

313 5537 456 5607 6661616
479 5539 557 5624 1666
579 5557 642 5625 666
666 5535 849 5604 mirandus
873 5536 1049 5620 66166166,
1070 5538 1106 5601 61
1128 5533 1260 5601 ibidem
1283 5532 1407 5619 scripti
1433 5532 2029 5620 66161666666166666666611665
2054 5533 2094 5600 in
2118 5553 2157 5604 oc

314 5697 463 5765 hordine
485 5696 552 5765 tibi
576 5694 651 5783 ipse
676 5692 813 5763 cartule
837 5691 882 5760 ad
905 5691 1142 5758 defensionem
1166 5685 1287 5774 dedit,
1321 5691 1359 5756 61
1382 5687 1524 5775 quando
1548 5693 1588 5757 tu
1612 5693 1649 5757 et
1671 5689 1745 5756 tuis
1769 5689 1934 5757 eredibus
1963 5688 2007 5757 de
2035 5707 2158 5775 supra·

313 5850 411 5920 11616
434 5869 515 5919 mea
539 5848 758 5918 bindictione
775 5866 837 5933 por
854 5863 913 5911 uos
929 5845 1016 5934 ipsis
1036 5843 1221 5912 bolueritis
1236 5847 1328 5912 esset
1344 5849 1524 5914 auctorem
1548 5850 1584 5914 61
1607 5846 1802 5933 defensore,
1820 5849 2031 5933 potestatem
2054 5848 2158 5915 6166-
