5414 7098
1034 545 1432 622 lllPLOlllllTlCUS
2072 551 2118 624 39

307 773 500 857 suratum,
525 771 621 857 passi
645 774 789 839 centum
813 771 967 858 biginti:
994 792 1016 841 a
1039 793 1125 861 pars
1147 775 1298 844 orientis
1322 777 1419 862 passi
1445 775 1676 864 septuaginta
1699 795 1790 864 sex,
1815 782 1851 845 ot
1889 774 2092 845 rebolbeute
2128 777 2168 844 in

310 944 395 1013 pars
431 925 623 993 occidentis
646 927 743 1011 passi
778 929 883 1014 octo,
907 933 943 996 et
966 929 1019 996 sic
1041 931 1179 996 rectum
1203 929 1384 999 exientem
1410 929 1448 994 in
1473 927 1552 1015 ipsa
1575 926 1636 996 bia
1659 930 1755 1016 passi
1780 923 1912 1017 biginti
1937 933 2107 1016 quatuor,
2133 933 2169 997 et

310 1096 376 1164 per
400 1077 477 1164 ipsa
501 1077 562 1145 bia
584 1079 680 1164 passi
704 1081 848 1146 contum
873 1079 916 1148 ad
941 1079 1035 1148 iusto
1059 1098 1200 1166 passum
1219 1079 1331 1148 omini
1349 1083 1609 1168 mensuratum3
1628 1101 1690 1168 per
1707 1081 1777 1150 ista
1794 1083 1990 1168 mensuria,
2004 1087 2039 1150 et
2055 1101 2170 1169 quan·

313 1238 392 1303 tum
410 1231 462 1302 ibi
478 1233 687 1302 coniuntum
705 1235 788 1301 abet
803 1233 910 1300 rebus
924 1251 1008 1320 pars
1032 1231 1143 1318 ipsius
1165 1232 1327 1319 ecclesie,
1346 1233 1428 1302 illut
1451 1235 1484 1302 ei
1509 1235 1721 1304 tradidimus
1744 1237 1868 1305 amodo
1891 1242 1927 1305 et
1945 1255 2055 1322 usque
2079 1255 2169 1324 qua-

317 1389 514 1458 tuordecim
540 1387 626 1456 anui
651 1387 853 1475 completim
870 1385 944 1474 ille,
963 1405 1095 1476 suoque
1118 1387 1241 1456 eredes
1264 1392 1404 1457 teneret
1429 1389 1511 1459 illut
1534 1409 1666 1477 sueque
1689 1391 1889 1478 potestatis,
1913 1394 1949 1458 et
1973 1390 2171 1479 dominare,

316 1549 354 1612 et
379 1543 461 1610 illut
486 1542 652 1611 laborare
675 1545 711 1610 et
733 1544 911 1628 operaret,
935 1539 1029 1608 sicut
1051 1542 1151 1610 decet
1174 1543 1369 1629 perlectum
1394 1544 1673 1630 abellanietum‚
1697 1547 1747 1631 et,
1772 1543 1832 1610 ubi
1858 1544 2029 1612 meruerit
2053 1546 2089 1612 et
2112 1544 2173 1610 bo-

317 1698 442 1784 luerit,
468 1697 519 1766 ibi
543 1696 737 1784 seminare,
761 1702 796 1765 ct
820 1697 895 1784 ipso
917 1696 1155 1766 castanietum
1172 1715 1236 1782 pro
1252 1696 1502 1764 seminandum
1518 1715 1689 1782 campane
1702 1697 1799 1765 iusta
1816 1664 1954 1766 ratione
1977 1697 2054 1764 siue
2073 1698 2174 1765 dam·

322 1853 461 1922 nietate
477 1852 520 1921 de
536 1853 612 1938 ipso
628 1853 879 1934 oenomelum,
903 1853 938 1916 et
961 1867 1023 1935 per
1047 1851 1219 1936 tempore,
1243 1851 1384 1936 quando
1409 1851 1595 1937 meruerit,
1611 1851 1749 1919 clusum
1774 1852 1893 1937 ipsum
1917 1850 2174 1919 abellanietum

317 2011 441 2097 abere,
466 2011 503 2076 et
526 2011 641 2076 toturn
665 2023 723 2074 eos
747 2005 900 2092 bigilare
923 2023 986 2092 per
1008 2008 1178 2091 tempore,
1201 2008 1239 2073 et
1261 2022 1324 2072 suo
1347 2010 1504 2092 tempore
1520 2005 1775 2076 abellanietum
1804 1999 2113 2094 ipsum'colligere
2138 2013 2174 2076 et

316 2181 476 2251 secuere,
501 2181 564 2232 seu
586 2162 662 2248 ipse
686 2165 853 2230 castaneo
876 2176 938 2226 suo
962 2163 1119 2245 tempore
1143 2163 1179 2227 et
1201 2160 1339 2227 rubiole
1362 2165 1398 2227 et
1423 2162 1528 2230 insite
1554 2162 1685 2230 exinde
1708 2161 1877 2250 colligere
1902 2167 1938 2231 et
1962 2181 2117 2250 sectare,
2141 2167 2178 2231 et

321 2315 445 2403 ibique
469 2315 507 2382 in
530 2319 608 2384 rota
632 2314 678 2382 ad
702 2333 787 2382 casa
810 2312 985 2382 suadere
1009 2311 1085 2398 ipse
1109 2311 1275 2380 abelleno
1298 2331 1361 2400 per
1385 2315 1500 2380 omnis
1524 2332 1660 2382 annum
1692 2314 1737 2382 ad
1761 2333 1846 2400 pars
1883 2315 1996 2402 ipsius
2030 2315 2178 2384 ecclesie

319 2470 391 2539 due
415 2469 535 2558 sortis,
559 2487 622 2538 suo
645 2475 801 2556 tempore
825 2468 901 2556 ipse
925 2469 1049 2536 insites
1072 2471 1108 2533 el
1132 2465 1270 2534 rubiole
1294 2465 1536 2553 medietatem,
1567 2467 1643 2552 ipse
1671 2473 1837 2536 castanee
1861 2470 2007 2537 tertiam
2031 2472 2173 2555 partem

321 2629 410 2697 dare
434 2627 480 2695 ad
504 2643 589 2713 pars
613 2623 725 2710 ipsius
748 2621 909 2710 ecclesie,
934 2623 976 2690 de
1000 2622 1152 2708 bictum,
1177 2623 1349 2706 quantum
1376 2618 1506 2686 ibidem
1530 2620 1650 2708 feceri,
1675 2621 1762 2689 dare
1787 2621 1869 2689 inde
1893 2623 2105 2690 terraticum
2128 2622 2176 2691 ad

325 2801 410 2870 pars
451 2780 562 2868 ipsius
597 2777 745 2846 ecclesie
781 2778 877 2844 iusta
912 2774 1127 2843 consuetudo
1151 2772 1194 2842 de
1222 2773 1298 2860 ipso
1321 2771 1450 2861 locum,
1485 2774 1562 2860 ipso
1593 2773 1685 2842 aliut
1712 2775 1781 2840 sibi
1809 2774 1942 2860 tollad3
1967 2779 2016 2862 et,
2040 2775 2183 2861 quando

324 2955 409 3025 pars
433 2935 546 3022 ipsius
572 2932 718 3002 ecclesie
743 2931 824 2999 illut
848 2929 933 2998 ierit
955 2947 1018 3016 pro
1042 2927 1236 2996 tollendum
1261 2928 1337 3014 ipso
1361 2930 1533 3017 frudium,
1550 2929 1624 2997 illis
1646 2949 1728 2998 eum
1752 2931 1892 3000 nutrire
1916 2951 1997 2998 cum
2013 2932 2181 3002 animalis

326 3091 456 3177 suique
479 3087 629 3156 ecclesie
653 3085 848 3154 secundum
872 3101 974 3151 suam
997 3081 1283 3169 possibilitatem,
1296 3087 1331 3151 el
1354 3083 1429 3170 ipso
1452 3087 1579 3153 baoum
1604 3082 1729 3152 amodo
1752 3083 1834 3153 illut
1857 3088 2048 3170 pastenare
2066 3088 2183 3154 casta·

325 3245 490 3328 nictum3
515 3241 608 3310 unde
644 3259 709 3308 sua
740 3235 922 3307 boluntate
945 3236 1080 3324 guadio
1104 3235 1192 3303 mihi
1217 3235 1407 3305 iamdictus
1431 3239 1542 3306 abbas
1565 3237 1663 3306 dedit
1687 3239 1762 3324 ipse
1786 3238 1979 3326 balsamus⁷
1996 3243 2033 3307 et
2048 3239 2183 3307 media·

327 3403 438 3466 torem
463 3395 551 3464 mihi
579 3394 695 3482 posuit
719 3392 875 3479 seipsum
899 3395 935 3459 et
958 3397 1080 3478 petrus
1102 3406 1274 3477 germano
1298 3408 1380 3478 suo;
1405 3394 1442 3458 et
1464 3410 1528 3477 per
1552 3391 1632 3478 ipsa
1656 3392 1790 3479 guadia
1804 3392 1981 3480 obligavit
1998 3412 2033 3461 se
2050 3412 2183 3480 suoque
2263 3417 2266 3426 ¹

327 3550 476 3636 eredes,
509 3551 551 3616 ut
580 3547 611 3614 si
636 3545 765 3632 aliquit
788 3546 831 3613 de
855 3545 976 3613 omnia
999 3542 1246 3630 suprascripta
1268 3541 1565 3612 contradisseriut
1588 3545 1736 3613 attalia
1759 3545 1804 3612 ad
1828 3563 1913 3631 pars
1937 3547 2049 3630 ipsius
2072 3545 2184 3613 eccle-

325 3705 379 3772 sie
396 3721 467 3770 non
485 3698 772 3788 adimpleberint,
788 3701 850 3765 tuc
864 3699 1033 3784 perbona
1057 3695 1317 3764 combenientia
1339 3714 1402 3782 per
1426 3696 1504 3783 ipsa
1527 3697 1663 3785 guadia
1685 3697 1858 3785 obligavit
1882 3717 1919 3766 se
1942 3702 1979 3765 et
2002 3717 2082 3766 suos
2106 3717 2184 3765 ere-

329 3857 392 3924 des
408 3873 617 3943 componere
634 3853 678 3922 ad
695 3869 780 3939 pars
802 3850 915 3937 ipsius
939 3848 1086 3916 ecclesie
1109 3849 1264 3936 triginta
1287 3847 1368 3917 auri
1392 3847 1521 3917 solidos
1544 3847 1801 3917 constantines.
1828 3851 2087 3919 Verumtamen
2110 3869 2186 3922 me-

329 4029 512 4081 moramus
536 4010 582 4080 ad
598 4008 667 4096 ipsi
692 4004 964 4094 quatuordecim
982 4003 1070 4074 anni
1086 4002 1291 4090 completim
1316 4000 1443 4090 inolita
1467 4001 1673 4090 supradicta
1695 4002 1863 4072 tradiclio
1887 4004 1999 4092 salba,
2016 4009 2051 4074 et
2068 4005 2186 4094 ipsum

336 4165 594 4235 abellanietum
617 4163 817 4232 laboratum
842 4164 879 4228 et
892 4161 1078 4247 operatum
1102 4159 1263 4226 rebertar
1279 4155 1325 4225 ad
1340 4173 1425 4242 pars
1440 4153 1553 4242 ipsius
1568 4155 1715 4224 ecclesie
1739 4174 1802 4244 per
1818 4157 2026 4243 supradicta
2050 4163 2187 4247 guadia

334 4325 373 4387 et
398 4319 558 4406 obligata
581 4334 701 4405 pena,
725 4319 774 4402 et,
799 4313 861 4382 ubi
886 4313 1072 4400 meruerit,
1095 4310 1221 4380 amodo
1243 4311 1340 4378 infra
1363 4312 1438 4398 ipso
1462 4310 1716 4380 abellanietum
1738 4311 1902 4381 abellane
1926 4312 1999 4380 illis
2023 4319 2190 4401 pastena-

253 4465 257 4473 ’
329 4479 428 4561 rent,
453 4471 545 4560 quod
568 4471 694 4558 scr-ipsi
719 4487 785 4556 ego
808 4465 994 4554 iaquintus
1017 4465 1181 4534 notarius
1203 4466 1266 4566 qui
1291 4464 1452 4534 interlui.

375 4597 405 4714 †
431 4627 507 4714 Ego
529 4622 699 4712 grimoalt

377 4752 408 4869 †
433 4781 508 4868 Ego
531 4777 694 4850 alderissi
720 4775 884 4845 notarius
907 4793 964 4843 me
988 4775 1194 4844 subscribsi.
