5414 7098
1277 532 1448 605 CODEX
1492 533 1755 611 cavensis

1367 968 1649 1055 DCCXIV.

1362 1231 1417 1310 A.
1445 1231 1496 1309 D.
1524 1229 1646 1314 1019.

645 1479 681 1620 †
709 1533 748 1598 ln
774 1530 919 1598 nomine
942 1527 1079 1597 domini
1102 1527 1286 1596 tricesimo
1309 1544 1406 1597 anno
1428 1528 1653 1617 principatus
1676 1529 1797 1598 domni
1819 1527 1932 1597 nostri
1948 1526 2162 1614 Guaimarii,
2178 1529 2223 1596 Et
2244 1527 2396 1596 secundo
2421 1530 2449 1610 Ι)

594 1702 690 1754 anno
713 1685 936 1772 principatus
950 1682 1068 1750 domni
1086 1681 1281 1771 guaimarii
1304 1681 1381 1750 eius
1396 1680 1477 1769 filii,
1493 1681 1639 1770 gloriosi
1655 1683 1893 1770 principibus
1907 1699 2026 1750 mense
2050 1681 2267 1769 februarius,
2285 1680 2442 1750 secunda

598 1838 808 1908 indictione.
833 1838 1125 1908 Memoratorium
1148 1839 1245 1907 sactu
1270 1857 1293 1908 6
1315 1835 1418 1904 nobis
1440 1836 1593 1924 eupraxi
1617 1855 1775 1924 grecus,
1799 1836 1860 1924 qui
1883 1854 1962 1902 sum
1994 1837 2170 1921 presbiter
2193 1838 2230 1902 et
2253 1838 2365 1906 abbas
2388 1856 2446 1906 ec-

594 1995 704 2063 clesie
727 1997 846 2062 sancti
869 1993 1012 2079 nicolay
1035 1993 1078 2060 de
1102 1993 1218 2060 locum
1241 1992 1380 2078 beteri,
1405 1989 1645 2078 pertinentem
1666 1989 1819 2059 ecclesia
1841 1989 1921 2075 ipsa
1944 1985 2112 2059 lamberti
2142 1991 2179 2057 et
2202 1988 2367 2058 landoari
2390 2009 2448 2060 co·

598 2150 747 2220 mitibus
763 2151 929 2238 germani
945 2148 1013 2217 lilii
1028 2148 1206 2236 quondam
1223 2147 1353 2218 alberti
1368 2143 1521 2224 comitis,
1535 2149 1571 2215 et
1582 2161 1647 2212 nos
1659 2144 1753 2212 risus
1766 2147 1803 2212 et
1813 2143 1993 2212 rodericus
2008 2145 2172 2230 germani
2184 2143 2253 2212 filii
2268 2143 2449 2231 quondam

598 2300 766 2388 maraldi,
779 2306 816 2370 et
830 2303 1027 2370 madelmus
1042 2302 1140 2370 iilius
1155 2300 1335 2388 quondam
1349 2299 1523 2388 iaquinti,
1539 2303 1575 2368 et
1590 2302 1712 2386 661166
1725 2301 1852 2385 666616
1868 2297 1971 2366 161166
1987 2297 2153 2366 madelmi
2171 2317 2214 2366 ac
2237 2298 2333 2367 filius
2345 2303 2442 2389 sergi

597 2463 633 2526 et
650 2457 889 2546 imperatisse,
915 2458 977 2545 qui
1003 2458 1082 2545 ipsa
1098 2457 1327 2544 imperatissa
1342 2473 1498 2524 sororem
1520 2459 1575 2524 est
1598 2456 1712 2542 ipsius
1728 2453 1910 2541 madelmi,
1927 2472 1994 2540 ego
2016 2453 2222 2523 nominatus
2245 2455 2351 2543 11666,
2369 2455 2448 2527 vice

596 2630 676 2681 mea
687 2615 724 2680 et
736 2611 814 2680 1166
826 2610 994 2680 romoaldi
1010 2610 1174 2679 notarius
1182 2627 1314 2696 genero
1321 2628 1420 2677 meus
1431 2613 1467 2678 et
1482 2608 1559 2678 vice
1572 2608 1743 2679 romoaldi
1757 2609 1854 2678 filius
1866 2626 1979 2693 meus,
1992 2609 2105 2694 elego
2117 2607 2322 2679 nominatus
2334 2612 2448 2681 abbas

597 2783 662 2852 pro
678 2766 755 2834 vice
773 2764 887 2852 ipsius
902 2765 1051 2834 ecclesie
1066 2769 1102 2832 et
1117 2781 1181 2851 per
1197 2763 1424 2848 largietatem
1439 2765 1481 2832 de
1498 2765 1585 2852 ipsis
1601 2763 1804 2851 comitibus,
1821 2762 1883 2850 qui
1898 2765 1982 2830 sunt
1994 2760 2144 2830 dominii
2157 2763 2269 2850 ipsius
2285 2763 2448 2856 ecclesie,

596 2937 639 2987 6ο
656 2918 748 3006 6661
763 2921 848 2988 6616
866 2915 1060 3005 subscripti
1075 2915 1222 3004 ydoneis
1233 2915 1438 2984 hominibus
1450 2915 1666 2984 tradidimus
1689 2914 1786 3003 sergi
1810 2921 1846 2984 et
1868 2915 1959 3003 ursi,
1976 2914 2038 3002 qui
2061 2915 2331 2986 suntnatibide
2346 2921 2450 2990 16116

595 3075 638 3143 16
650 3075 771 3146 amalfi
785 3096 827 3145 ac
844 3077 912 3144 filii
925 3074 1075 3145 iohanni
1089 3073 1278 3162 cumperti,
1295 3073 1338 3141 de
1355 3074 1461 3140 rebus
1477 3090 1545 3159 quc
1557 3090 1731 3141 conmune
1748 3075 1894 3141 abemus
1911 3073 1950 3140 in
1966 3071 2084 3140 locum
2097 3073 2226 3162 albole‚
2239 3077 2286 3142 ub
2298 3075 2449 3163 ipalom-

598 3233 687 3298 bara
700 3228 848 3317 dicitur,
865 3227 1087 3316 pertinentia
1109 3225 1343 3295 salernitana.
1363 3269 1374 3292 .
1393 3276 1401 3292 .
1421 3272 1430 3290 .
1456 3225 1640 3313 longitudo
1663 3226 1706 3294 de
1728 3229 1842 3296 anbas
1858 3227 1991 3296 lateras
2006 3245 2077 3297 ana
2093 3247 2214 3315 passos
2237 3234 2392 3319 centum,
2408 3237 2447 3300 et

502 3437 506 3445 .
595 3383 744 3454 latitudo
756 3383 795 3450 in
811 3381 907 3449 omni
924 3383 997 3450 loco
1012 3397 1134 3469 666666
1148 3380 1343 3468 sexaginta
1358 3396 1422 3447 sex
1436 3384 1472 3448 et
1487 3379 1555 3448 due
1571 3382 1667 3467 parti
1684 3381 1727 3450 de
1746 3432 1754 3448 .
1776 3429 1784 3447 .
1805 3428 1814 3446 .
1832 3382 2001 3468 hominis,
2015 3400 2084 3470 que
2097 3383 2237 3452 adiacet
2254 3385 2324 3453 ista
2339 3385 2447 3472 pecia

598 3537 637 3604 16
660 3555 744 3624 6616
760 3535 952 3606 6661166116
966 3539 1002 3604 61
1018 3536 1061 3605 16
1076 3536 1172 3604 661111
1189 3539 1287 3624 66116
1302 3534 1348 3604 61
1364 3535 1435 3602 fine
1451 3539 1574 3604 nostra
1585 3534 1779 3604 coniuncta
1802 3540 1869 3621 est,
1886 3554 1967 3604 oum
1992 3536 2068 3604 bice
2085 3538 2129 3605 de
2152 3535 2212 3618 bia
2235 3556 2302 3606 sua
2323 3587 2331 3606 .
2352 3585 2361 3604 .
2383 3590 2391 3606 .
2410 3545 2451 3608 ut

596 3690 771 3760 66161661
784 3689 1091 3777 usqueduodecim
1106 3691 1194 3760 anni
1207 3689 1360 3776 conpleti
1374 3688 1500 3758 61666
1516 3689 1606 3758 etde
1628 3689 1704 3757 6616
1716 3688 1908 3757 heredibus
1920 3686 1994 3756 sint
2017 3691 2240 3778 potestatem,
2254 3692 2449 3761 tenendum

593 3849 631 3915 61
645 3845 912 3933 dominandum,
926 3849 962 3914 et
976 3845 1074 3914 iobee
1086 3850 1123 3914 61
1139 3823 1254 3914 omnis
1271 3863 1335 3914 sue
1358 3843 1553 3934 hutilitatis
1569 3841 1701 3912 ibidem
1719 3841 1923 3912 1661661616
1940 3840 2035 3910 iusta
2051 3841 2205 3930 ratione,
2229 3849 2265 3913 61
2288 3845 2449 3916 reditum

597 3997 647 4066 ibi
663 3999 836 4086 facerent,
853 4001 889 4066 et
904 3997 1035 4066 ibidem
1053 3996 1251 4066 residerent
1266 4000 1303 4066 et
1317 3997 1515 4083 abitarent,
1531 4000 1568 4065 61
1584 3997 1623 4064 16
1638 3999 1714 4064 1616
1731 3995 1811 4082 1666
1828 3995 1930 4082 66616
1944 3999 2153 4082 6661666161
2171 3995 2278 4066 vinea
2293 3997 2337 4066 de
2356 3999 2450 4066 bono

599 4150 745 4239 vitinio,
761 4170 825 4220 seu
840 4152 1048 4220 cannietum
1062 4155 1099 4220 61
1112 4148 1298 4219 salicetum
1314 4153 1351 4218 et
1364 4150 1491 4238 pomis,
1507 4151 1544 4218 61
1559 4149 1642 4218 11161
1658 4147 1865 4220 annualiter
1879 4149 2042 4218 16161616
2065 4152 2102 4218 61
2124 4149 2339 4238 6161161661,
2356 4152 2452 4222 61661

598 4305 801 4391 meruerit;
824 4309 861 4374 61
885 4325 953 4392 666
979 4306 1102 4372 vinum
1126 4309 1162 4374 et
1185 4304 1344 4373 trudium
1367 4303 1451 4372 inde
1474 4303 1607 4373 exierit
1630 4303 1755 4376 amodo
1777 4307 1814 4372 et
1838 4322 1950 4390 usque
1973 4303 2132 4390 quinque
2155 4304 2245 4374 anni
2268 4304 2450 4396 completi,

598 4463 713 4528 totum
736 4459 817 4528 illut
840 4458 908 4527 sivi
933 4460 1093 4528 aberent.
1119 4459 1164 4528 Et
1186 4459 1232 4528 da
1254 4458 1337 4547 ipse
1352 4457 1510 4545 6616666
1525 4458 1613 4527 6661
1630 4475 1741 4546 usque
1757 4457 1826 4546 ipsi
1843 4455 2026 4526 duodecim
2041 4457 2131 4526 anni
2147 4457 2316 4546 conpleti‚
2332 4477 2450 4547 quan·

597 4617 675 4682 tum
690 4612 815 4682 vinum
832 4619 867 4682 et
883 4613 1005 4701 fruges
1020 4613 1103 4682 inde
1118 4614 1262 4699 exierit,
1279 4631 1342 4700 per
1358 4610 1586 4681 medietatem
1603 4611 1723 4698 ibique
1745 4610 1841 4681 inter
1858 4630 1921 4680 666
1936 4609 2151 4697 dividamus;
2175 4611 2249 4680 illis
2275 4612 2447 4684 medieta-

599 4771 685 4855 tem,
708 4769 745 4834 et
768 4785 832 4834 nos
855 4767 1094 4855 medietatem,
1111 4768 1163 4836 ita
1178 4771 1218 4836 ut
1231 4766 1275 4834 de
1290 4767 1361 4835 1616
1376 4769 1502 4836 666116
1516 4767 1705 4836 medietate
1722 4785 1807 4852 pars
1825 4763 1938 4852 ipsius
1960 4764 2107 4834 ecclesie
2131 4765 2241 4835 tollad
2264 4766 2349 4835 inde
2371 4785 2448 4833 me-

599 4921 784 5009 dietatem,
801 4925 837 4990 et
859 4937 923 4988 nos
946 4939 1067 4990 omnes
1090 4918 1327 5008 suprascripti
1354 4916 1595 5006 medietatem,
1620 4916 1666 4988 ad
1690 4915 1920 4986 dividendum
1944 4918 2140 5006 internos,
2164 4919 2257 4988 sicut
2279 4939 2345 5007 per
2370 4919 2450 5007 lege

600 5075 733 5144 ibidem
760 5078 868 5144 abere
891 5075 1060 5144 debemus
1083 5072 1289 5142 sortionem:
1314 5076 1457 5142 tantum
1480 5073 1546 5160 ipsi
1569 5075 1810 5160 pastenatores
1825 5071 2035 5142 annualiter
2051 5091 2114 5159 per
2130 5078 2286 5161 tempore
2304 5073 2348 5143 de
2371 5073 2452 5142 rin-

597 5229 712 5298 demie
727 5229 818 5297 scire
829 5229 966 5300 faciant
982 5247 1059 5316 nos,
1077 5231 1117 5296 ut
1133 5229 1218 5298 illuc
1234 5228 1435 5316 dirigamus
1451 5227 1576 5296 missos
1592 5231 1745 5314 nostros,
1760 5226 1926 5295 videlicet
1942 5245 2026 5313 pars
2043 5226 2155 5314 ipsius
2170 5228 2318 5296 ecclesie
2339 5245 2453 5297 unum

598 5385 759 5471 missum,
774 5388 810 5454 et
825 5400 888 5452 666
903 5399 1026 5452 omnes
1049 5383 1162 5452 alium
1185 5384 1334 5452 missum
1356 5400 1419 5469 pro
1446 5381 1689 5469 recipiendum
1708 5381 1786 5468 ipsa
1808 5383 1931 5450 nostra
1955 5380 2109 5452 sortione
2133 5381 2176 5451 de
2200 5381 2277 5471 ipso
2302 5381 2444 5470 vinom5

605 5637 701 5646 ——.--.-
731 5637 899 5645 -—..--——.
915 5639 1041 5650 -....-.

647 5815 669 5898 ¹)
692 5819 792 5899 Lege:
812 5821 934 5898 priora.
