5306 7140
665 597 711 670 56
1316 589 1490 663 coohx
1523 592 1789 667 CAVENSIS

617 823 750 894 militer
782 831 871 892 non‘
889 821 1023 892 siamus
1057 821 1140 891 inde
1173 818 1391 908 culpabiles3
1426 823 1462 888 et
1484 819 1515 886 si
1543 818 2206 906 616166166611166661666661611616
2242 827 2446 909 potuerimus

618 976 739 1062 ibique
763 975 969 1044 6661661661
988 1025 998 1062 ,
1022 977 1229 1062 potestatem
1260 975 1455 1060 abeamus,
1487 975 1523 1040 et
1545 974 1728 1058 operatum
1752 970 1835 1038 illut
1857 972 2028 1040 abeamus
2052 973 2192 1060 inipso
2216 977 2446 1073 constitutum,

618 1129 713 1198 sicut
736 1131 771 1196 et
794 1128 871 1214 ipso
892 1127 984 1196 aliut
1005 1129 1041 1194 et
1063 1125 1139 1213 ipse
1163 1125 1306 1212 quercie
1336 1125 1398 1211 qui
1421 1123 1472 1192 ibi
1496 1128 1605 1214 sunt,
1643 1127 1854 1211 potestatem
1884 1127 2056 1194 abeamus
2090 1144 2265 1215 spurgare
2300 1131 2335 1197 et
2368 1133 2447 1205 vites

617 1285 669 1354 ibi
706 1286 842 1354 iactare
864 1283 907 1351 de
929 1284 1021 1349 bono
1042 1279 1171 1348 vitinio
1194 1283 1231 1348 et
1253 1299 1318 1368 pro
1351 1283 1538 1350 arbustum
1571 1280 1652 1351 illas
1675 1299 1812 1368 semper
1848 1282 1899 1350 ibi
1923 1283 2059 1370 aberet;
2082 1284 2215 1352 etiam
2238 1283 2447 1374 (161661111-

617 1437 842 1508 (16611661161
877 1437 915 1502 in
940 1439 1046 1505 antea
1080 1434 1177 1502 omni
1201 1436 1358 1521 tempore
1382 1433 1461 1522 ipsa
1484 1434 1590 1503 vinea
1612 1435 1666 1503 vel
1690 1436 1876 1504 arbustum
1899 1453 1984 1521 quos
2008 1434 2059 1502 ibi
2083 1431 2298 1524 fecerimus,
2321 1442 2448 1525 quando

616 1594 810 1680 meruerit,
841 1591 1040 1661 lavoremus
1062 1593 1098 1658 et
1120 1590 1318 1658 studiemus
1350 1593 1385 1657 et
1415 1588 1587 1656 cultemus
1620 1588 1663 1656 de
1697 1607 1803 1676 super
1838 1593 1874 1658 et
1907 1589 1950 1656 (16
1986 1591 2121 1676 supter,
2149 1589 2245 1658 sicut
2267 1590 2360 1660 locus
2382 1596 2444 1682 ipse

615 1751 811 1836 meruerit,
846 1753 886 1818 ut
907 1729 997 1817 bene
1020 1747 1154 1835 paread
1177 1747 1400 1830 lavoratum,
1432 1751 1469 1812 et
1492 1761 1629 1831 semper
1654 1743 1692 1810 in
1723 1742 1850 1810 melius
1881 1742 2052 1840 proficiad
2075 1747 2111 1809 et
2145 1761 2218 1810 non
2248 1744 2446 1838 dispereat,

614 1908 648 1970 et
682 1921 807 1972 curam
829 1907 865 1970 et
888 1902 1136 1990 vigilationem
1161 1901 1243 1968 inde
1278 1900 1472 1984 abeamuS,
1508 1901 1543 1965 et
1565 1897 1705 1966 salbum
1728 1895 1809 1963 illut
1834 1854 2008 1963 iaciamus
2032 1896 2130 1966 iusta
2152 1895 2343 1985 rationem3
2366 1906 2397 1969 et
2424 1924 2450 1979 a

613 2076 683 2144 quo
711 2056 834 2122 vinum
858 2060 894 2124 et
916 2074 1020 2142 poma
1044 2056 1126 2123 inde
1149 2053 1295 2140 exierit,
1310 2058 1404 2152 tunc
1427 2053 1550 2120 amodo
1573 2055 1609 2121 et
1631 2069 1769 2139 semper
1792 2053 1998 2122 annualiter
2021 2054 2095 2122 suis
2119 2056 2340 2141 temporibus
2362 2061 2444 2130 scire

613 2212 787 2282 iaciamus
819 2213 936 2298 ipsum
959 2213 1150 2295 abbatem,
1175 2207 1231 2276 vel
1255 2225 1339 2294 pars
1363 2205 1474 2294 ipsius
1495 2205 1670 2291 ecclesie,
1704 2208 1744 2272 ut
1767 2206 1899 2273 ibidem
1923 2205 2066 2294 dirigad
2090 2208 2241 2296 missum
2277 2230 2392 2300 suum,
2415 2220 2445 2284 et

614 2385 679 2434 nos
701 2367 810 2434 vinea
833 2366 889 2434 vel
913 2367 1098 2434 arbustum
1123 2364 1239 2450 ipsum
1262 2361 1533 2446 vindemiemus,
1560 2362 1596 2427 et
1620 2360 1745 2426 vinum
1769 2359 1885 2446 ipsum
1913 2361 2033 2447 ibique
2059 2361 2105 2429 ad
2137 2363 2356 2450 palmentum
2378 2386 2445 2454 pro·

613 2539 781 2589 curemus
800 2571 809 2607 ,
833 2523 869 2588 et
893 2538 996 2606 poma
1031 2517 1155 2586 exinde
1178 2516 1389 2604 colligamus
1402 2564 1412 2602 ,
1447 2518 1481 2582 et
1504 2512 1618 2581 omnis
1641 2512 1766 2580 vinum
1788 2517 1824 2582 et
1847 2533 1951 2602 poma
1974 2534 2083 2602 quam
2107 2514 2189 2583 inde
2214 2517 2367 2605 exierit,
2389 2519 2447 2586 ibi·

611 2695 680 2762 que
699 2677 795 2744 inter
819 2691 883 2740 nos
906 2671 1104 2740 dividamus
1119 2693 1127 2737 :
1145 2669 1292 2737 missum
1316 2669 1427 2756 ipsius
1450 2666 1595 2737 ecclesie
1617 2658 1725 2737 tol'lad
1751 2669 1838 2736 illud
1862 2669 2005 2738 tertiam
2028 2689 2127 2757 pare,
2144 2673 2179 2739 et
2202 2689 2270 2757 ego
2294 2671 2347 2738 vel
2373 2672 2444 2740 meis

610 2830 802 2898 heredibus
826 2827 895 2895 due
919 2826 1051 2912 sertin,
1076 2825 1278 2894 iaciendum
1301 2822 1393 2910 quod
1416 2823 1659 2910 voluerimuS,
1682 2827 1718 2891 et
1741 2823 1784 2892 de
1807 2824 1874 2892 isto
1899 2824 2041 2892 illorum
2065 2825 2188 2892 vinum
2214 2827 2441 2912 reponendum

610 2984 711 3051 etde
736 2982 995 3070 palmentatioa
1018 2985 1053 3050 et
1076 2982 1118 3049 de
1142 2979 1372 3048 nutriendum
1397 2981 1471 3065 ipso
1494 2977 1642 3046 missum
1665 2978 1716 3045 sio
1740 2977 1999 3064 adimpleamus
2028 2976 2067 3044 in
2103 2997 2187 3066 pars
2212 2979 2325 3066 ipsius
2346 2983 2445 3051 eccle·

609 3136 689 3225 sie,
719 3137 812 3205 sicut
834 3155 945 3222 supra
975 3135 1155 3220 diximus;
1186 3135 1229 3202 de
1258 3134 1349 3219 quod
1372 3137 1491 3203 autem
1515 3153 1737 3220 perannum
1761 3134 1811 3202 ibi
1835 3133 2132 3202 seminaberimus
2155 3134 2202 3202 da
2235 3135 2303 3202 isto
2326 3137 2439 3204 nobum

609 3293 648 3358 in
685 3297 821 3379 antea,
856 3295 969 3359 totum
993 3291 1075 3358 illut
1099 3290 1200 3356 nobis
1224 3290 1393 3358 abeamus
1412 3283 1588 3378 ,tantum
1610 3288 1823 3356 terraticum
1846 3285 1965 3375 ibique
1988 3288 2071 3355 inde
2095 3288 2222 3356 demus
2258 3288 2303 3357 ad
2336 3307 2443 3358 aream

612 3443 657 3514 ad
681 3445 829 3513 missum
852 3444 965 3530 ipsius
989 3442 1134 3511 ecclesie
1157 3443 1350 3510 secundum
1374 3443 1590 3510 consuetudo
1615 3442 1726 3529 ipsius
1742 3441 1844 3509 locis.
1861 3443 1958 3509 Unde
1990 3443 2029 3509 in
2053 3461 2093 3509 eo
2116 3441 2269 3509 hordine
2291 3461 2351 3528 per
2373 3462 2443 3510 con·

611 3599 832 3669 benientiam
856 3597 991 3686 guadia
1014 3595 1104 3664 mihi
1129 3597 1204 3682 ipse
1227 3597 1340 3664 abbas
1362 3595 1482 3682 dedit,
1506 3613 1579 3664 una
1603 3615 1681 3663 curn
1706 3614 1746 3663 6ο
1769 3596 1909 3664 adesset
1935 3594 2011 3683 ipse
2047 3615 2151 3662 suum
2184 3595 2441 3682 advocatorem,

610 3755 647 3820 et
670 3751 900 3821 mediatorem
936 3750 1026 3818 mihi
1060 3751 1179 3837 posuit
1212 3749 1414 3817 romoaldus
1448 3747 1622 3836 presbiter
1646 3749 1758 3836 ipsius
1781 3749 1929 3818 ecclesie
1952 3748 2197 3836 cardinalem;
2232 3753 2268 3818 et
2291 3767 2349 3835 per
2374 3749 2441 3834 ipsa

609 3905 747 3992 guadio
770 3904 944 3992 obligavit
967 3924 1004 3972 se
1027 3909 1063 3972 et
1087 3922 1304 3971 successores
1328 3921 1409 3970 suos
1431 3907 1467 3971 et
1489 3904 1654 3990 partibus
1678 3903 1788 3990 ipsius
1811 3903 1959 3971 ecclesie
1975 3905 2100 3972 amodo
2123 3909 2158 3972 et
2174 3923 2313 3991 semper
2335 3903 2440 3972 delen-

606 4057 758 4126 sandum
789 4058 877 4125 mihi
907 4059 1047 4145 meique
1069 4057 1245 4142 eredibus,
1269 4060 1371 4125 natos
1394 4060 1604 4144 nascentes,
1628 4059 1703 4125 tota
1725 4061 1762 4124 et
1785 4057 1910 4125 inolita
1933 4057 2138 4142 supradicta
2162 4077 2232 4126 sua
2256 4057 2437 4128 traditione

604 4231 685 4280 cum
709 4212 784 4280 vice
808 4211 851 4279 de
873 4213 931 4280 bie
954 4230 1016 4278 sue
1040 4211 1086 4280 da
1109 4229 1229 4280 omnes
1253 4211 1413 4278 homines
1436 4210 1602 4297 omnique
1625 4209 1802 4299 partibus,
1826 4214 1863 4280 et
1887 4211 2068 4280 licentiam
2094 4212 2196 4279 nobis
2214 4211 2344 4280 tribuit
2365 4209 2442 4278 sali·

608 4384 666 4433 ces
690 4367 740 4432 ibi
764 4367 1038 4455 pastenandum,
1063 4367 1124 4436 ubi
1149 4368 1390 4453 potuerimus,
1407 4364 1461 4433 vel
1485 4383 1600 4434 caune
1623 4385 1686 4451 pro
1710 4364 1868 4434 utilitate
1890 4365 1933 4433 de
1958 4365 2032 4453 ipse
2050 4367 2142 4435 curti
2159 4364 2244 4434 inde
2261 4363 2440 4446 abesdum

606 4523 643 4588 et
668 4519 698 4585 si
723 4519 806 4588 inde
829 4521 1068 4607 superaberit,
1084 4523 1170 4587 tunc
1193 4519 1396 4588 dividamus
1419 4519 1479 4588 ille
1503 4520 1596 4589 inter
1620 4539 1684 4588 nos
1706 4539 1787 4588 cum
1811 4539 1895 4607 pars
1911 4521 2024 4608 ipsius
2040 4521 2200 4589 ecclesie:
2219 4521 2266 4590 de
2282 4519 2337 4587 ille
2358 4517 2439 4604 quod

609 4673 798 4742 fecerimus
821 4675 859 4740 in
883 4671 962 4760 ipsa
985 4675 1088 4742 curte
1111 4675 1266 4759 suptana
1288 4671 1490 4740 dividamus
1513 4672 1572 4740 ille
1597 4673 1690 4741 inter
1713 4693 1777 4742 nos
1800 4693 1863 4760 per
1888 4673 2125 4761 medietatem,
2139 4679 2175 4742 et
2189 4631 2235 4741 de
2259 4679 2330 4760 ipse
2353 4669 2434 4760 quod

608 4825 796 4894 fecerimus
820 4825 858 4892 in
882 4831 982 4894 curte
1006 4843 1176 4913 suprana,
1200 4825 1368 4895 tollamus
1392 4844 1456 4894 666
1479 4827 1548 4894 due
1571 4829 1688 4915 661116,
1712 4831 1748 4894 61
1770 4845 1854 4914 pars
1876 4827 1989 4915 ipsius
2013 4827 2158 4896 ecclesie
2183 4829 2329 4896 tertiam
2350 4841 2437 4912 pars,
2541 4891 2543 4904 2

603 4984 639 5047 61
663 4979 768 5066 quale
792 4985 950 5068 tempore
974 4983 1053 5068 ipsa
1076 4983 1177 5050 curte
1201 4985 1355 5067 supteno
1378 4978 1558 5049 dimittere
1580 4980 1795 5048 voluerimus
1819 4983 1855 5048 et
1878 4981 1960 5050 inde
1982 4980 2097 5068 exire,
2115 4982 2325 5068 potestatem
2341 4982 2438 5048 abea-

602 5151 693 5220 mus,
709 5138 744 5202 et
759 5135 865 5220 quale
887 5139 1044 5222 tempore
1068 5135 1113 5204 da
1136 5135 1205 5222 ipsi
1229 5133 1391 5202 tridecim
1415 5135 1500 5202 anni
1526 5135 1564 5201 in
1587 5139 1695 5204 antea
1719 5137 1797 5223 ipsa
1820 5139 1921 5203 curte
1945 5153 2104 5222 suprana
2127 5134 2308 5204 dimittere
2324 5132 2441 5201 volue-
2501 5128 2514 5254 Ι“

602 5287 728 5375 rimus,
744 5292 954 5374 potestatem
980 5291 1148 5358 abeamus
1163 5309 1173 5377 3
1198 5289 1249 5355 sic
1273 5292 1407 5376 tamen,
1426 5292 1466 5356 ut
1481 5289 1544 5358 illa
1567 5294 1603 5358 et
1625 5289 1690 5359 illa
1706 5294 1806 5358 curte
1830 5293 2019 5378 pastenata
2034 5294 2070 5358 et
2085 5296 2230 5377 operata
2246 5296 2282 5359 et
2297 5292 2440 5371 cultata,
2499 5268 2506 5357 l

601 5441 694 5510 sicut
717 5441 902 5530 meruerit,
927 5447 975 5530 et,
999 5445 1173 5528 utsupra
1202 5443 1369 5531 (11116616,
1394 5445 1619 5512 remittamus
1643 5443 1724 5512 illut
1747 5444 1786 5511 in
1808 5464 1891 5532 pars
1914 5446 2027 5533 ipsius
2050 5445 2197 5514 ecclesie
2220 5451 2257 5516 et
2280 5466 2355 5514 cum
2384 5461 2437 5510 or·

601 5615 717 5681 ganea
740 5597 851 5683 ipsius
879 5595 1026 5664 ecclesie
1049 5597 1095 5663 da
1120 5597 1193 5682 ipso
1217 5596 1338 5662 vinum
1364 5599 1618 5686 reponendum,
1643 5597 1673 5666 si
1699 5599 1780 5669 illas
1804 5601 2021 5688 abuerimus,
2048 5602 2275 5670 remittamus
2299 5599 2377 5668 illut
2401 5597 2434 5663 in

601 5769 687 5836 pars
711 5749 824 5836 ipsius
847 5751 1007 5838 ecclesie,
1031 5757 1067 5820 et
1090 5752 1139 5819 sic
1165 5751 1278 5819 licead
1302 5771 1356 5819 me
1380 5755 1415 5819 et
1432 5753 1520 5821 meis
1543 5753 1734 5822 heredibus
1751 5755 1832 5824 inde
1848 5755 1949 5824 exire
1965 5775 2046 5823 cum
2063 5757 2184 5826 omnia
2199 5763 2321 5827 nostra
2338 5773 2438 5824 causa

597 5903 746 5970 mobilia
771 5911 805 5971 ot
828 5924 1032 5994 pergamus,
1060 5905 1117 5971 ubi
1146 5905 1370 5972 voluerimus.
1398 5905 1545 5980 Quodsi
1571 5906 1693 5974 taliter
1717 5906 1838 5974 omnia
1861 5911 2108 5998 suprascripta
2132 5929 2215 5996 pars
2247 5912 2357 5998 ipsius
2391 5926 2439 5974 ec-
