5466 7106
603 560 671 637 108
1238 563 1410 641 GODEX
1443 564 1711 643 clvuusls
1746 593 1749 598 ·

535 761 662 832 niune
681 779 745 850 per
760 761 844 830 linis
859 763 896 832 et
912 778 1113 832 mensuras:
1130 760 1174 830 de
1190 761 1308 848 capite
1324 762 1396 831 dne
1411 760 1484 851 bia,
1507 761 1570 852 qui
1593 763 1766 837 discernit
1783 765 1879 838 inter
1895 783 1935 836 cc
1954 771 2061 838 rebus
2076 771 2113 839 et
2128 771 2235 838 rebus
2249 766 2398 838 ecclesie

535 916 653 986 sancti
677 917 825 986 eustasii
848 920 1019 1008 subgesta
1042 922 1078 988 et
1100 918 1338 1005 pertinentem
1360 918 1520 1006 predicte
1543 919 1689 990 ecclesie
1712 925 1837 992 sancte
1860 921 1988 1009 marie,
2006 921 2090 992 inde
2113 925 2197 992 sunt
2220 921 2319 1011 passi
2337 939 2393 990 se·

537 1071 713 1157 xaginta:
738 1091 762 1142 a
783 1075 886 1159 parte
908 1070 1058 1141 orientis
1081 1071 1152 1140 dne
1175 1069 1237 1140 bie
1259 1089 1437 1162 comune,
1462 1074 1545 1145 inde
1568 1081 1652 1145 sunt
1674 1079 1771 1164 passi
1796 1082 1960 1147 centum:
1995 1079 2038 1148 de
2072 1081 2197 1148 subtus
2230 1097 2254 1148 a
2290 1081 2398 1165 parte

536 1223 687 1294 meridie
703 1225 774 1294 dne
790 1225 908 1297 media
922 1243 1024 1314 sepe;
1042 1229 1079 1295 et
1101 1227 1147 1294 ab
1171 1224 1254 1294 inde
1277 1226 1484 1300 rebolbente
1512 1232 1548 1300 in
1572 1253 1656 1322 pars
1680 1233 1831 1306 meridie
1854 1256 1918 1324 per
1943 1236 2062 1306 media
2085 1254 2167 1324 sepe
2190 1239 2227 1306 et
2249 1235 2404 1305 coniun-

541 1381 649 1468 gente
671 1377 717 1448 ad
739 1379 853 1448 medio
876 1379 1088 1450 carbonario
1110 1381 1173 1468 qui
1196 1381 1369 1450 discernit
1392 1405 1415 1456 a
1437 1385 1508 1452 flue
1531 1385 1690 1472 predicte
1714 1387 1862 1458 ecclesie
1886 1392 2010 1458 sancte
2032 1389 2160 1475 marie,
2185 1391 2221 1456 et
2244 1388 2291 1457 ab
2315 1387 2399 1457 inde

540 1531 745 1602 rebolbente
768 1533 865 1603 iuste
889 1535 965 1621 ipso
987 1535 1202 1604 carbonario
1226 1507 1363 1605 rectum
1387 1538 1425 1606 in
1449 1557 1534 1628 pars
1557 1539 1754 1610 occidentis
1777 1559 1888 1629 usque
1911 1541 1957 1611 ad
1981 1541 2096 1611 medio
2120 1541 2193 1611 alio
2223 1542 2400 1612 carbona-

538 1687 606 1772 rio,
630 1685 693 1774 qui
716 1685 886 1756 discernit
909 1710 932 1759 a
955 1688 1027 1756 line
1049 1689 1092 1757 de
1115 1688 1181 1756 dlii
1206 1687 1383 1779 iohanni,
1407 1693 1490 1764 inde
1513 1699 1598 1764 sunt
1620 1715 1683 1783 per
1706 1697 1860 1766 latitudo
1883 1697 1978 1786 passi
2002 1697 2160 1786 triginta
2185 1699 2351 1785 septem:
2378 1718 2401 1767 a

540 1841 643 1926 parte
665 1839 883 1930 occidentis,
908 1842 1063 1930 qualiter
1086 1843 1172 1913 salit
1195 1845 1396 1933 permedio
1420 1846 1496 1935 ipso
1519 1852 1732 1920 carbonario
1754 1857 1791 1920 et
1813 1871 1876 1940 per
1900 1851 2018 1922 media
2041 1869 2123 1940 sepe
2147 1855 2183 1920 et
2206 1850 2399 1937 coniungit

540 1991 585 2061 ad
610 1995 687 2080 ipsa
710 1993 770 2062 bia
793 1994 911 2082 priore
933 1997 1015 2086 dne,
1033 1997 1115 2067 inde
1138 2003 1223 2069 sunt
1246 2001 1341 2088 passi
1365 2004 1510 2071 centum
1534 2008 1727 2091 sexaginta
1748 2023 1826 2110 sex,
1842 2009 1955 2074 totum
1978 2005 2023 2074 ad
2047 2005 2141 2073 iusto
2163 2021 2308 2092 passum
2333 2005 2399 2072 ho-

538 2145 629 2214 mini
651 2151 908 2219 mensuratum.
933 2150 1024 2239 ldeo,
1049 2156 1090 2220 ut
1112 2151 1287 2242 diximus,
1312 2154 1474 2226 inclitum
1497 2154 1578 2224 illut
1601 2175 1723 2225 eorum
1746 2158 1961 2228 tradidimus
1985 2163 2105 2245 scepto
2130 2157 2214 2226 inde
2240 2177 2263 2226 a
2287 2161 2395 2245 parte

539 2299 691 2370 orientis
713 2320 802 2390 erga
824 2303 903 2390 ipsa
925 2322 1006 2392 sepe
1029 2305 1075 2375 da
1097 2307 1247 2377 meridie
1270 2328 1333 2396 per
1356 2311 1538 2380 mensuria
1561 2332 1624 2400 per
1648 2313 1833 2402 longitudo
1857 2314 1954 2402 passi
1977 2312 2107 2400 biginti
2134 2316 2169 2382 et
2192 2331 2255 2400 per
2273 2311 2397 2382 latitu-

539 2455 586 2525 do
608 2457 705 2544 passi
728 2456 1021 2543 quadtuordecim
1045 2459 1091 2528 a'd
1116 2461 1208 2530 iusto
1230 2481 1396 2549 passum:
1424 2463 1494 2531 ista
1517 2465 1619 2550 pecie
1642 2484 1705 2552 per
1727 2466 1798 2534 ista
1821 2465 2005 2534 mensurio
2020 2464 2065 2534 ad
2082 2482 2161 2533 mea
2178 2481 2320 2532 reservo
2338 2479 2399 2549 po-

539 2609 672 2676 testate
685 2628 695 2694 ;
720 2624 803 2677 nam
829 2608 889 2675 illo
912 2610 1004 2679 aliut
1027 2615 1142 2680 totum
1164 2619 1200 2682 et
1223 2612 1386 2682 inclitum
1412 2615 1492 2684 illut
1516 2635 1639 2684 eorum
1661 2617 1875 2686 tradidimus
1898 2616 1964 2684 tali
1988 2616 2128 2702 ordine,
2146 2625 2186 2683 ut
2209 2615 2337 2684 amodo
2364 2619 2401 2682 et

540 2761 637 2829 omui
661 2767 816 2850 tempore
840 2765 886 2834 ad
909 2783 976 2835 sua
998 2769 1035 2834 et
1057 2766 1100 2834 de
1123 2765 1197 2832 suis
1220 2765 1385 2836 eredibus
1409 2765 1482 2835 sint
1503 2771 1715 2854 potestatem
1738 2768 1819 2838 illut
1842 2766 2057 2853 tenendum,
2081 2769 2118 2834 et
2142 2766 2241 2835 lobee
2263 2769 2300 2834 et
2323 2783 2400 2831 om·

544 2914 603 2983 nis
626 2935 688 2984 sue
712 2915 881 2986 utilitatis
903 2918 999 2987 iusta
1021 2918 1198 3032 rationem
1222 2918 1352 2988 ibidem
1376 2920 1606 3010 faciendum,
1637 2925 1674 2990 et
1697 2923 1822 2991 amodo
1846 2921 1977 2992 ibidem
2001 2921 2156 2990 residere
2180 2923 2218 2988 et
2241 2916 2399 3006 abitare,

543 3075 580 3138 et
603 3069 727 3139 amodo
751 3071 934 3139 circoitum
959 3069 1040 3139 illut
1062 3071 1203 3140 cludere
1226 3075 1263 3139 et
1284 3072 1421 3140 clusum
1445 3072 1527 3141 illut
1550 3075 1671 3161 abere,
1695 3075 1789 3142 sicut
1811 3074 1998 3160 meruerit,
2024 3078 2059 3142 et
2082 3071 2221 3158 a1n0d0‚
2239 3071 2301 3139 ubi
2327 3087 2403 3136 me·

544 3221 685 3308 ruerit,
709 3225 897 3308 pastenare
921 3191 1074 3291 arbores¹
1087 3227 1124 3290 et
1146 3223 1238 3291 vites
1261 3229 1296 3292 et
1319 3241 1492 3311 surgere3
1523 3229 1561 3294 at
1583 3225 1749 3311 completi
1772 3229 1895 3294 autem
1917 3225 2037 3294 decem
2062 3225 2150 3293 anni
2175 3228 2288 3292 totum
2314 3223 2402 3290 illut

544 3379 687 3444 eurtum
711 3379 819 3446 abere
841 3383 878 3446 et
899 3377 1094 3464 perfectum
1118 3382 1316 3467 arbustum,
1341 3381 1435 3448 sicut
1458 3383 1642 3466 meruerit,
1667 3385 1707 3449 ut
1730 3398 1860 3448 vonum
1882 3385 2008 3469 pareat
2031 3381 2163 3449 iactum
2187 3383 2224 3447 et
2248 3379 2403 3463 elusum,

547 3537 582 3596 et
607 3531 730 3600 amodo
746 3549 809 3618 per
826 3549 961 3600 anuum
983 3535 1065 3618 apto
1079 3535 1249 3620 tempore,
1265 3533 1408 3620 quando
1424 3531 1609 3619 meruerit,
1627 3534 1812 3601 arbustum
1828 3533 1945 3620 ipsum
1961 3549 2025 3600 suo
2041 3519 2199 3619 tempore
2222 3533 2266 3601 de
2290 3549 2397 3618 super

549 3683 650 3750 etde
674 3685 796 3751 subter
819 3684 982 3752 lavorare
1005 3687 1041 3752 et
1066 3683 1209 3753 cultere
1227 3689 1262 3754 et
1286 3686 1542 3773 propaginare,
1567 3689 1616 3772 et,
1639 3685 1703 3754 ubi
1726 3683 1911 3772 meruerit,
1928 3687 2074 3754 arbores
2096 3691 2133 3754 et
2155 3683 2245 3752 vites
2268 3683 2401 3753 ibidem

549 3835 727 3923 plantare,
750 3839 786 3904 et
808 3854 969 3923 surgere,
994 3841 1030 3905 et
1053 3836 1225 3924 studiare‚
1249 3836 1343 3908 sicut
1366 3839 1551 3924 meruerit,
1576 3843 1612 3907 et
1634 3836 1686 3905 sic
1709 3856 1772 3925 per
1796 3855 1932 3906 annum
1956 3842 2071 3906 totum
2095 3837 2177 3905 illut
2200 3836 2366 3906 lavorare
2395 3887 2405 3924 ,

548 3991 585 4056 et
608 3986 785 4072 studiare‚
811 3991 848 4054 et
870 3987 1030 4076 cultore,
1055 3989 1149 4057 sicut
1173 3990 1211 4056 in
1235 3990 1315 4076 ipso
1338 3989 1453 4057 locum
1477 3987 1664 4076 meruerit,
1689 3993 1729 4056 ut
1752 4007 1815 4076 per
1838 3990 1953 4056 omnis
1977 4007 2114 4058 annum
2136 3992 2251 4056 toturn
2276 3989 2407 4056 vobum

553 4141 752 4211 lavoratum
776 4147 811 4211 et
834 4145 1029 4213 studiatum
1052 4148 1189 4231 pareat,
1203 4161 1303 4211 seum
1326 4141 1511 4210 circoitum
1528 4143 1665 4210 clusum
1690 4158 1821 4208 vonum
1843 4143 1880 4208 et
1896 4139 2036 4208 salbum
2049 4144 2163 4208 totum
2179 4139 2259 4206 illut
2274 4143 2311 4207 et
2330 4137 2408 4225 ipsa

554 4313 658 4382 poma
681 4313 744 4382 per
768 4313 904 4363 annum
927 4293 1063 4366 saciant
1078 4299 1114 4364 et
1129 4298 1272 4383 abeant,
1289 4294 1383 4364 sicut
1406 4295 1592 4381 meruerit3
1608 4298 1644 4362 ei
1660 4293 1785 4362 amodo
1801 4303 1837 4362 et
1851 4311 1989 4380 semper
2013 4293 2222 4362 annualiter
2239 4309 2308 4378 per
2326 4293 2408 4360 vin-

554 4447 670 4517 demie
687 4447 821 4517 saciant
837 4448 929 4515 scire
944 4466 1028 4535 pars
1041 4447 1153 4534 ipsius
1170 4448 1330 4536 ecclesie,
1346 4453 1386 4516 ut
1402 4447 1550 4516 missum
1566 4451 1728 4515 nostrum
1745 4447 1830 4514 illuc
1847 4445 2101 4533 dirigemus,et
2118 4445 2191 4513 illis
2206 4450 2242 4514 et
2263 4443 2410 4512 illorum

558 4605 706 4674 heredes
729 4609 842 4673 totum
867 4603 942 4690 ipso
966 4607 1152 4673 arbustum
1175 4623 1239 4672 suo
1262 4609 1419 4692 tempore
1441 4605 1678 4691 vindemiare,
1694 4607 1743 4692 et,
1759 4603 1901 4691 quando
1925 4603 2108 4689 meruerit,
2125 4620 2229 4689 poma
2247 4600 2329 4670 inde
2344 4620 2409 4688 per

559 4778 695 4828 annum
717 4759 910 4846 colligere,
934 4763 971 4827 et
995 4759 1110 4826 omnis
1134 4757 1259 4826 uinum
1282 4758 1412 4826 exinde
1436 4758 1556 4846 ibique
1580 4759 1626 4828 ad
1648 4759 1870 4846 pulmentum
1893 4761 1929 4826 et
1953 4758 2031 4844 ipsa
2055 4775 2158 4844 poma
2181 4759 2302 4844 ibique
2326 4755 2409 4824 illut

561 4913 656 4981 inter
679 4930 743 4980 nos
766 4912 967 4982 dividamus
990 4914 1030 4982 in
1052 4913 1211 4998 quinque
1234 4911 1363 4980 sortis:
1388 4928 1453 4980 nos
1476 4911 1642 4981 tollamus
1665 4913 1748 4981 inde
1771 4917 1843 4982 tres
1866 4910 1986 4998 sortis,
2009 4918 2045 4980 et
2069 4911 2141 4980 illis
2172 4909 2301 4980 tollant
2324 4909 2408 4978 indo

560 5066 628 5134 due
652 5067 758 5135 sortis
781 5065 824 5134 de
847 5066 922 5152 ipso
945 5065 1081 5154 vinum,
1108 5063 1185 5152 ipsa
1209 5087 1324 5155 poma,
1348 5071 1388 5136 ut
1410 5065 1580 5153 diximus,
1603 5086 1666 5154 per
1690 5085 1825 5138 annum
1849 5066 2028 5153 colligere,
2045 5071 2082 5133 et
2097 5085 2160 5153 per
2177 5064 2406 5134 medietatem

561 5219 639 5306 ipse
662 5236 765 5305 poma
788 5219 884 5288 inter
907 5237 971 5287 nos
994 5219 1221 5309 dividamus3
1244 5225 1387 5289 tantum
1411 5221 1531 5308 licum,
1556 5224 1618 5307 qui
1641 5221 1692 5287 ibi
1715 5224 1812 5305 sunt,
1836 5237 1899 5305 per
1923 5235 2059 5286 annum
2082 5217 2251 5304 colligere
2273 5219 2311 5283 et
2337 5232 2412 5282 sec·

561 5391 658 5458 care,
680 5371 773 5440 sicut
796 5373 980 5458 meruerit,
1004 5377 1040 5440 et
1062 5371 1160 5441 solbe
1183 5371 1409 5441 medietatem
1434 5372 1493 5440 ille
1517 5373 1618 5440 nobis
1641 5371 1728 5440 dare
1751 5376 1788 5439 et
1813 5371 2075 5456 palmentateca
2099 5387 2161 5457 per
2186 5385 2323 5438 annum
2346 5385 2413 5434 uo-

562 5525 620 5592 bis
644 5525 744 5612 dare,
767 5531 804 5596 et
826 5546 889 5614 per
912 5543 1048 5594 annum
1071 5530 1146 5594 tota
1169 5527 1275 5593 rebus
1298 5526 1377 5611 ipsa
1399 5543 1518 5611 arare,
1544 5530 1578 5592 et
1601 5525 1773 5612 studiare‚
1797 5529 1833 5592 et
1855 5525 2045 5611 seminare,
2064 5527 2100 5591 et
2121 5523 2292 5608 studiare‚
2309 5527 2345 5590 et
2360 5540 2418 5589 re-

563 5679 748 5768 colligere,
764 5685 801 5750 et
815 5680 952 5748 saciant
975 5698 1038 5747 nos
1061 5679 1167 5764 scire,
1186 5682 1225 5745 ut
1249 5679 1396 5746 missum
1420 5682 1581 5746 nostrum
1605 5678 1689 5746 illuc
1713 5676 1926 5764 dirigamus,
1947 5681 1983 5745 et
2007 5675 2123 5742 omnis
2146 5675 2280 5742 victum
2302 5679 2339 5742 et
2363 5674 2415 5744 la-

564 5852 683 5902 torem
716 5833 848 5904 exinde
882 5839 918 5902 et
941 5833 983 5901 de
1008 5838 1136 5902 ortura
1159 5832 1251 5920 quod
1276 5831 1406 5900 ibidem
1430 5832 1583 5918 fecerit,
1606 5830 1806 5900 dividamus
1829 5833 1942 5897 totum
1966 5827 2047 5897 illut
2072 5826 2166 5897 inter
2190 5845 2254 5896 nos
2277 5827 2316 5894 in
2340 5831 2418 5894 tres
