5422 7102
603 576 673 645 aad
1242 579 1415 650 Conssx
1451 575 1718 650 Cnl'Exsls

562 807 651 869 runt
676 803 863 889 iaquintus
885 803 983 874 filius
998 805 1175 892 quondam
1192 802 1352 891 iannaci3
1367 808 1403 872 et
1420 823 1483 891 per
1499 805 1576 892 ipsa
1592 803 1726 891 guadia
1742 803 1993 891 obligaberunt
2009 822 2047 870 se
2064 807 2100 872 et
2117 803 2260 872 illorum
2276 807 2413 895 eredes,

557 960 597 1022 ut
610 949 676 1042 per
699 960 822 1043 partes
838 957 910 1026 illis
926 965 962 1028 11
986 958 1128 1026 illorum
1151 958 1273 1026 eredes
1289 957 1497 1036 ¹dividerent
1514 956 1589 1042 ipse
1606 956 1712 1042 socie,
1737 955 1895 1042 qualiter
1912 959 2077 1045 superius
2094 956 2154 1026 ille
2171 977 2412 1044 compreense·

557 1112 644 1176 runt
668 1109 765 1179 iusta
789 1111 940 1198 ratione,
964 1117 1000 1179 et
1022 1111 1158 1180 faciant
1183 1109 1265 1178 inde
1289 1128 1382 1177 unus
1406 1109 1561 1178 alterum
1582 1108 1625 1176 de
1648 1128 1715 1178 sua
1738 1109 1833 1178 socia
1856 1109 1924 1176 due
1947 1108 2066 1196 sortis,
2091 1127 2172 1176 cum
2196 1108 2273 1177 vice
2290 1109 2333 1177 de
2351 1112 2409 1178 bie

560 1265 596 1326 et
620 1261 743 1329 andito
766 1280 842 1350 suo,
867 1263 960 1330 sicut
982 1263 1225 1349 supradictum
1248 1266 1314 1346 est3
1340 1265 1375 1328 11
1399 1260 1441 1329 de
1466 1259 1546 1328 illut
1569 1261 1660 1347 quod
1676 1261 1803 1330 dividit
1822 1263 1896 1349 ipse
1914 1262 2088 1348 marinus,
2105 1261 2161 1329 vel
2175 1262 2253 1329 eius
2268 1263 2402 1351 eredeS,

559 1411 661 1498 prius
685 1414 768 1481 inde
792 1416 1043 1501 compreendat
1067 1417 1141 1503 ipse
1166 1415 1327 1501 iannaci,
1351 1413 1406 1482 vel
1430 1415 1507 1480 eius
1530 1413 1678 1498 eredeS,
1704 1430 1777 1481 una
1800 1413 1843 1480 de
1867 1413 1942 1501 ipse
1965 1415 2071 1480 sortis
2101 1414 2207 1499 quale
2236 1413 2402 1502 boluerit,

556 1565 591 1627 et
615 1561 678 1629 illa
702 1564 762 1648 qui
786 1568 1012 1652 remanserit,
1031 1567 1114 1634 inde
1129 1566 1384 1652 comprendant
1406 1584 1466 1632 eas
1484 1565 1557 1650 ipse
1574 1565 1735 1632 marinus
1759 1563 1811 1630 vel
1829 1565 1906 1632 eius
1922 1564 2057 1632 eredes,
2082 1567 2127 1632 Et
2143 1566 2186 1633 de
2203 1565 2281 1650 ipsa
2307 1567 2405 1634 socia

524 1741 526 1744 ·
556 1713 647 1798 quod
670 1714 797 1783 dividit
820 1716 895 1804 ipse
919 1717 1076 1803 iannaci,
1101 1718 1156 1784 vel
1180 1719 1258 1785 eius
1281 1718 1415 1803 eredes,
1441 1719 1540 1803 prius
1557 1717 1639 1785 inde
1655 1719 1931 1803 compreendam
1955 1719 2031 1805 ipse
2054 1719 2228 1806 marinuS,
2245 1718 2301 1786 vel
2324 1718 2402 1784 eius

557 1865 709 1953 eredeS,
733 1867 867 1953 gnadia
891 1870 966 1954 ipse
990 1867 1096 1935 sortis
1119 1868 1224 1953 quale
1248 1869 1426 1954 boluerit,
1451 1873 1487 1936 et
1511 1868 1588 1954 ipsa
1610 1867 1710 1936 nalia
1734 1869 2010 1954 compreendam
2034 1872 2107 1956 ipse
2139 1871 2318 1957 iannaci,
2353 1863 2408 1939 vel

556 2017 634 2087 eius
659 2019 794 2108 eredes,
818 2025 853 2088 11
876 2040 939 2107 per
963 2024 1082 2108 parles
1106 2020 1179 2088 illis
1202 2025 1237 2089 11
1261 2021 1403 2089 illorum
1427 2022 1548 2089 eredes
1571 2024 1679 2090 sortis
1702 2023 1777 2108 ipse
1802 2024 1895 2090 inter
1920 2041 1957 2091 se
1980 2023 2135 2099 tradere,
2161 2042 2243 2090 cum
2267 1996 2344 2092 vice
2360 2025 2403 2093 de

557 2175 613 2240 bie
637 2177 672 2240 et
695 2172 818 2241 andito
834 2191 897 2240 suo
912 2193 974 2260 per
998 2173 1069 2241 tale
1093 2175 1193 2240 firme
1217 2174 1437 2260 scriptionis,
1462 2174 1555 2241 siout
1579 2175 1637 2244 lex
1660 2179 1695 2243 et
1711 2175 1924 2242 consuetudo
1944 2179 1997 2243 est
2014 2175 2117 2244 istius
2134 2176 2308 2262 civitatiS,
2324 2197 2406 2246 cum

556 2346 651 2412 pena
675 2326 836 2414 obligata
859 2329 902 2396 de
925 2331 1066 2396 centum
1091 2329 1171 2396 auri
1196 2328 1324 2395 solidos
1348 2331 1603 2398 constantines.
1631 2333 1674 2397 Et
1699 2333 1727 2397 si
1752 2331 1872 2400 taliter
1888 2333 2009 2399 omnia
2026 2333 2270 2418 suprascripta
2288 2331 2327 2399 in
2345 2349 2405 2400 su-

556 2480 717 2565 pradicta
740 2481 881 2548 ratione
903 2481 975 2548 illis
998 2485 1034 2548 11
1058 2482 1200 2548 illorum
1223 2483 1343 2550 eredes
1368 2500 1438 2550 non
1463 2483 1739 2568 adimpleberint
1763 2488 1798 2551 et
1826 2483 1955 2570 aliquit
1986 2485 2068 2552 inde
2097 2485 2400 2572 contradixerint,
2442 2461 2445 2466 ’

557 2651 620 2716 per
645 2633 904 2700 combenientia
927 2653 989 2719 per
1013 2634 1090 2719 ipsa
1114 2632 1247 2718 guadia
1272 2653 1478 2720 componere
1503 2634 1676 2722 obligabit
1699 2653 1736 2701 se
1760 2637 1823 2704 illa
1846 2655 1930 2722 pars
1946 2641 1983 2702 et
1999 2655 2079 2703 snos
2095 2638 2216 2704 eredes
2234 2639 2296 2722 qui
2313 2637 2403 2706 talia

556 2785 701 2872 asserit,
726 2786 771 2853 ad
795 2786 859 2854 illa
882 2789 1051 2886 peranui
1075 2787 1113 2853 in
1137 2787 1381 2874 suprascripta
1406 2793 1503 2856 stare
1527 2794 1561 2856 11
1585 2789 1777 2875 adimplere
1803 2787 1975 2894 boluerit,
2000 2795 2143 2856 centum
2166 2791 2247 2858 auri
2273 2791 2401 2858 solidos

556 2939 811 3026 constantinae,
835 2945 871 3007 et
894 2942 1015 3007 omnia
1039 2941 1285 3025 suprascripta
1309 2941 1402 3008 inter
1425 2960 1462 3008 se
1487 2941 1736 3027 adimplerent,
1761 2943 1852 3008 sicut
1876 2941 2119 3026 supradictum
2151 2947 2216 3011 est.
2248 2947 2404 3011 Verum-

558 3095 679 3160 tamen
705 3095 982 3178 sceptuaberunt
1005 3091 1084 3158 illut
1107 3094 1149 3160 de
1173 3093 1342 3162 iamdicto
1364 3094 1479 3160 locum
1504 3094 1625 3182 airole,
1644 3096 1704 3162 ubi
1722 3097 1842 3164 ambia
1864 3094 2008 3182 dicitur,
2033 3096 2125 3181 quod
2148 3098 2224 3184 ipse
2257 3099 2403 3168 iannaci

558 3264 624 3313 suo
649 3247 793 3312 nomine
808 3249 977 3331 paratum
994 3249 1075 3314 abet
1091 3247 1135 3314 ad
1151 3249 1369 3334 pastenatori
1387 3248 1541 3314 illorum.
1560 3251 1604 3316 Et
1620 3249 1648 3316 si
1666 3249 1708 3316 de
1723 3251 1924 3336 supradicte
1941 3251 2045 3318 sortis
2062 3266 2124 3336 per
2140 3251 2254 3340 legem
2271 3256 2401 3340 absque

559 3396 709 3462 colludio
733 3397 977 3484 perdiderint,
1002 3417 1095 3464 unus
1118 3397 1270 3466 alterum
1296 3399 1390 3468 iusta
1416 3403 1554 3468 ratione
1579 3403 1673 3469 inter
1697 3421 1734 3469 se
1757 3407 1793 3471 11
1816 3405 1889 3472 suis
1913 3406 2078 3474 eredibus
2108 3407 2239 3476 exinde
2267 3412 2406 3478 restau-

559 3564 639 3614 rare
663 3565 726 3631 per
750 3548 957 3632 supradicta
982 3549 1115 3635 guadia
1139 3554 1174 3618 11
1197 3550 1355 3638 obligata
1378 3571 1497 3640 pena,
1522 3557 1557 3621 et
1580 3554 1702 3622 taliter
1725 3573 1788 3641 pro
1810 3563 1912 3641 parto
1936 3559 2049 3642 ipsius
2080 3561 2225 3628 iannaci
2250 3559 2405 3628 scribere

559 3703 707 3770 lecimus
732 3707 766 3770 te
790 3703 947 3771 ademari
975 3699 1171 3772 notarius'

602 3827 632 3942 †
658 3859 732 3943 Ego
756 3859 815 3942 qui
843 3877 950 3944 snpra
974 3859 1144 3943 grimoalt
1168 3878 1282 3926 cernes
1306 3865 1339 3926 el,
1365 3861 1484 3927 iudex.

1339 4504 1603 4586 DCCCLI.

1330 4768 1383 4842 A.
1413 4765 1463 4842 D.
1492 4764 1620 4846 1033.

601 5004 636 5142 †
661 5059 701 5124 ln
725 5057 867 5124 nomine
892 5055 1024 5124 domini
1049 5056 1320 5144 quadragesimo
1343 5054 1491 5142 septimo
1515 5074 1610 5125 anne
1634 5059 1855 5143 principatus
1886 5061 2004 5127 domni
2041 5065 2185 5132 landolfi
2221 5065 2398 5154 gloriosus

554 5210 734 5296 princeps,
752 5215 787 5277 et
804 5210 969 5277 vicesimo
995 5209 1099 5278 111111
1122 5226 1215 5276 anno
1238 5207 1459 5294 principatus
1483 5209 1602 5277 domni
1626 5209 1767 5295 paldelli
1792 5211 1858 5278 filii
1883 5214 1973 5300 eius,
1991 5233 2110 5283 mense
2128 5220 2263 5306 iunius,
2281 5219 2397 5306 prima

553 5363 763 5430 indictione.
789 5363 1075 5430 llemoratorium
1099 5363 1231 5429 tactum
1256 5383 1278 5431 a
1300 5363 1401 5429 nobis
1424 5367 1543 5448 petrus
1568 5365 1740 5449 presbiter
1764 5363 1860 5433 lilius
1890 5369 1995 5454 genci
2026 5374 2063 5437 et
2098 5371 2272 5440 iohannes
2303 5373 2400 5442 filius

552 5513 733 5598 marandi,
758 5532 799 5582 eo
823 5513 915 5598 quod
939 5517 1023 5580 ante
1047 5513 1259 5578 nobiliorum
1283 5512 1562 5599 subscriptorum
1585 5518 1730 5584 testium
1755 5520 2007 5590 coniunximus
2030 5541 2093 5590 nos
2116 5525 2155 5592 in
2171 5543 2299 5594 vonam
2315 5543 2397 5592 con-

557 5670 778 5738 benientiam
796 5687 876 5735 cum
900 5668 1073 5736 iohannes
1097 5671 1132 5733 11
1155 5664 1345 5732 simeonem
1369 5670 1533 5754 germani
1557 5669 1621 5737 filii
1647 5669 1807 5756 iohanni3
1832 5677 1868 5740 et
1890 5673 1967 5740 ideo
1990 5675 2114 5742 ordine
2137 5675 2398 5746 combeniemie

551 5821 648 5890 iusta
672 5820 786 5908 legem
810 5822 970 5890 dedimus
993 5826 1028 5888 et
1052 5819 1264 5886 tradidimus
1288 5836 1408 5886 eorum
1433 5837 1506 5887 una
1530 5822 1629 5906 pecta
1645 5821 1687 5888 de
1705 5823 1816 5889 ‘rebus
1833 5829 1955 5892 nostra
1970 5843 2038 5910 que
2055 5833 2107 5896 est
2127 5829 2300 5918 beterale,
2318 5849 2397 5898 eum
