<?xml version="1.0" encoding="UTF-8"?>
<!DOCTYPE html PUBLIC "-//W3C//DTD XHTML 1.0 Transitional//EN"
    "http://www.w3.org/TR/xhtml1/DTD/xhtml1-transitional.dtd">
<html xmlns="http://www.w3.org/1999/xhtml" xml:lang="en" lang="en">
 <head>
  <title>
</title>
<meta http-equiv="Content-Type" content="text/html;charset=utf-8" />
  <meta name='ocr-system' content='tesseract 3.04.00' />
  <meta name='ocr-capabilities' content='ocr_page ocr_carea ocr_par ocr_line ocrx_word'/>
</head>
<body>
  <div class='ocr_page' id='page_1' title='image "./codexdiplomatic03aragoog_0109.png"; bbox 0 0 5414 7098; ppageno 0'>
   <div class='ocr_carea' id='block_1_1' title="bbox 1035 532 2114 619">
    <p class='ocr_par' dir='ltr' id='par_1_1' title="bbox 1035 532 2114 619">
     <span class='ocr_line' id='line_1_1' title="bbox 1035 532 2114 619; baseline 0.015 -17"><span class='ocrx_word' id='word_1_1' title='bbox 1035 532 1431 610; x_wconf 76' lang='lat' dir='ltr'>ulrtollnrlclls</span> <span class='ocrx_word' id='word_1_2' title='bbox 2068 547 2114 619; x_wconf 88' lang='grc'>65</span> 
     </span>
    </p>
   </div>
   <div class='ocr_carea' id='block_1_2' title="bbox 302 748 2161 1622">
    <p class='ocr_par' dir='ltr' id='par_1_2' title="bbox 302 748 2161 1622">
     <span class='ocr_line' id='line_1_2' title="bbox 302 748 2155 857; baseline 0.013 -39"><span class='ocrx_word' id='word_1_3' title='bbox 302 753 340 818; x_wconf 88' lang='lat' dir='ltr'>et</span> <span class='ocrx_word' id='word_1_4' title='bbox 355 748 470 819; x_wconf 89' lang='lat' dir='ltr'>licead</span> <span class='ocrx_word' id='word_1_5' title='bbox 494 750 555 820; x_wconf 91' lang='lat' dir='ltr'>ille</span> <span class='ocrx_word' id='word_1_6' title='bbox 579 754 616 820; x_wconf 89' lang='lat' dir='ltr'>et</span> <span class='ocrx_word' id='word_1_7' title='bbox 639 769 720 820; x_wconf 89' lang='lat' dir='ltr'>suos</span> <span class='ocrx_word' id='word_1_8' title='bbox 743 753 865 822; x_wconf 89' lang='lat' dir='ltr'>eredes</span> <span class='ocrx_word' id='word_1_9' title='bbox 889 755 970 826; x_wconf 88' lang='lat' dir='ltr'>inde</span> <span class='ocrx_word' id='word_1_10' title='bbox 994 757 1094 828; x_wconf 82' lang='lat' dir='ltr'>exire</span> <span class='ocrx_word' id='word_1_11' title='bbox 1117 779 1198 828; x_wconf 90' lang='lat' dir='ltr'>cum</span> <span class='ocrx_word' id='word_1_12' title='bbox 1215 765 1330 832; x_wconf 91' lang='lat' dir='ltr'>omnis</span> <span class='ocrx_word' id='word_1_13' title='bbox 1354 781 1420 834; x_wconf 88' lang='lat' dir='ltr'>sua</span> <span class='ocrx_word' id='word_1_14' title='bbox 1442 785 1563 838; x_wconf 87' lang='lat' dir='ltr'>causa.</span> <span class='ocrx_word' id='word_1_15' title='bbox 1588 767 1686 840; x_wconf 90' lang='lat' dir='ltr'>Unde</span> <span class='ocrx_word' id='word_1_16' title='bbox 1703 787 1766 857; x_wconf 90' lang='lat' dir='ltr'>per</span> <span class='ocrx_word' id='word_1_17' title='bbox 1783 770 1877 840; x_wconf 89' lang='lat' dir='ltr'>bona</span> <span class='ocrx_word' id='word_1_18' title='bbox 1892 773 2155 842; x_wconf 90' lang='lat' dir='ltr'>combenientia</span> 
     </span>
     <span class='ocr_line' id='line_1_3' title="bbox 304 905 2160 1009; baseline 0.01 -34"><span class='ocrx_word' id='word_1_19' title='bbox 304 925 370 994; x_wconf 88' lang='lat' dir='ltr'>per</span> <span class='ocrx_word' id='word_1_20' title='bbox 387 905 699 977; x_wconf 80' lang='lat' dir='ltr'>demandationem</span> <span class='ocrx_word' id='word_1_21' title='bbox 715 908 758 977; x_wconf 89' lang='lat' dir='ltr'>do</span> <span class='ocrx_word' id='word_1_22' title='bbox 774 908 850 997; x_wconf 87' lang='lat' dir='ltr'>ipso</span> <span class='ocrx_word' id='word_1_23' title='bbox 866 913 996 981; x_wconf 77' lang='lat' dir='ltr'>abbate</span> <span class='ocrx_word' id='word_1_24' title='bbox 1010 913 1146 1000; x_wconf 81' lang='lat' dir='ltr'>guadia</span> <span class='ocrx_word' id='word_1_25' title='bbox 1168 915 1278 986; x_wconf 92' lang='lat' dir='ltr'>michi</span> <span class='ocrx_word' id='word_1_26' title='bbox 1301 916 1377 1004; x_wconf 89' lang='lat' dir='ltr'>ipse</span> <span class='ocrx_word' id='word_1_27' title='bbox 1402 919 1575 990; x_wconf 89' lang='lat' dir='ltr'>iohannes</span> <span class='ocrx_word' id='word_1_28' title='bbox 1598 921 1708 1009; x_wconf 83' lang='lat' dir='ltr'>dedit,</span> <span class='ocrx_word' id='word_1_29' title='bbox 1731 927 1767 992; x_wconf 87' lang='lat' dir='ltr'>et</span> <span class='ocrx_word' id='word_1_30' title='bbox 1790 923 2022 995; x_wconf 84' lang='lat' dir='ltr'>mediatorem</span> <span class='ocrx_word' id='word_1_31' title='bbox 2045 925 2160 994; x_wconf 91' lang='lat' dir='ltr'>michi</span> 
     </span>
     <span class='ocr_line' id='line_1_4' title="bbox 304 1057 2161 1168; baseline 0.016 -45"><span class='ocrx_word' id='word_1_32' title='bbox 304 1057 423 1144; x_wconf 89' lang='lat' dir='ltr'>posuit</span> <span class='ocrx_word' id='word_1_33' title='bbox 436 1058 673 1147; x_wconf 85' lang='lat' dir='ltr'>rodelgrimus</span> <span class='ocrx_word' id='word_1_34' title='bbox 696 1061 739 1130; x_wconf 91' lang='lat' dir='ltr'>de</span> <span class='ocrx_word' id='word_1_35' title='bbox 763 1063 838 1149; x_wconf 90' lang='lat' dir='ltr'>ipso</span> <span class='ocrx_word' id='word_1_36' title='bbox 862 1063 977 1132; x_wconf 88' lang='lat' dir='ltr'>locum</span> <span class='ocrx_word' id='word_1_37' title='bbox 1000 1067 1149 1136; x_wconf 90' lang='lat' dir='ltr'>nuceria</span> <span class='ocrx_word' id='word_1_38' title='bbox 1172 1067 1267 1136; x_wconf 87' lang='lat' dir='ltr'>filius</span> <span class='ocrx_word' id='word_1_39' title='bbox 1291 1073 1470 1158; x_wconf 93' lang='lat' dir='ltr'>quondam</span> <span class='ocrx_word' id='word_1_40' title='bbox 1494 1073 1659 1162; x_wconf 85' lang='lat' dir='ltr'>maraldi3</span> <span class='ocrx_word' id='word_1_41' title='bbox 1682 1081 1719 1146; x_wconf 93' lang='lat' dir='ltr'>et</span> <span class='ocrx_word' id='word_1_42' title='bbox 1735 1096 1798 1165; x_wconf 87' lang='lat' dir='ltr'>per</span> <span class='ocrx_word' id='word_1_43' title='bbox 1814 1081 1893 1164; x_wconf 89' lang='lat' dir='ltr'>ipsa</span> <span class='ocrx_word' id='word_1_44' title='bbox 1909 1079 2045 1168; x_wconf 82' lang='lat' dir='ltr'>guadio</span> <span class='ocrx_word' id='word_1_45' title='bbox 2068 1083 2161 1152; x_wconf 91' lang='lat' dir='ltr'>obli·</span> 
     </span>
     <span class='ocr_line' id='line_1_5' title="bbox 305 1185 2156 1319; baseline 0.014 -40"><span class='ocrx_word' id='word_1_46' title='bbox 305 1185 408 1296; x_wconf 78' lang='lat' dir='ltr'>gabli</span> <span class='ocrx_word' id='word_1_47' title='bbox 424 1229 462 1280; x_wconf 88' lang='lat' dir='ltr'>se</span> <span class='ocrx_word' id='word_1_48' title='bbox 478 1215 514 1280; x_wconf 91' lang='lat' dir='ltr'>et</span> <span class='ocrx_word' id='word_1_49' title='bbox 529 1231 611 1282; x_wconf 90' lang='lat' dir='ltr'>suos</span> <span class='ocrx_word' id='word_1_50' title='bbox 632 1214 769 1302; x_wconf 89' lang='lat' dir='ltr'>eredes,</span> <span class='ocrx_word' id='word_1_51' title='bbox 784 1218 826 1284; x_wconf 92' lang='lat' dir='ltr'>ut</span> <span class='ocrx_word' id='word_1_52' title='bbox 841 1215 871 1284; x_wconf 86' lang='lat' dir='ltr'>si</span> <span class='ocrx_word' id='word_1_53' title='bbox 887 1216 1009 1286; x_wconf 89' lang='lat' dir='ltr'>taliter</span> <span class='ocrx_word' id='word_1_54' title='bbox 1024 1219 1270 1307; x_wconf 89' lang='lat' dir='ltr'>suprascripta</span> <span class='ocrx_word' id='word_1_55' title='bbox 1286 1242 1349 1310; x_wconf 91' lang='lat' dir='ltr'>per</span> <span class='ocrx_word' id='word_1_56' title='bbox 1365 1226 1568 1313; x_wconf 87' lang='lat' dir='ltr'>supradicto</span> <span class='ocrx_word' id='word_1_57' title='bbox 1584 1228 1709 1297; x_wconf 91' lang='lat' dir='ltr'>ordine</span> <span class='ocrx_word' id='word_1_58' title='bbox 1724 1229 1762 1298; x_wconf 94' lang='lat' dir='ltr'>in</span> <span class='ocrx_word' id='word_1_59' title='bbox 1779 1249 1864 1318; x_wconf 88' lang='lat' dir='ltr'>pars</span> <span class='ocrx_word' id='word_1_60' title='bbox 1880 1231 1993 1319; x_wconf 90' lang='lat' dir='ltr'>ipsius</span> <span class='ocrx_word' id='word_1_61' title='bbox 2006 1234 2156 1304; x_wconf 84' lang='lat' dir='ltr'>ecclesie</span> 
     </span>
     <span class='ocr_line' id='line_1_6' title="bbox 306 1363 2159 1472; baseline 0.014 -46"><span class='ocrx_word' id='word_1_62' title='bbox 306 1379 378 1429; x_wconf 90' lang='lat' dir='ltr'>non</span> <span class='ocrx_word' id='word_1_63' title='bbox 396 1363 636 1453; x_wconf 87' lang='lat' dir='ltr'>adinpleberit</span> <span class='ocrx_word' id='word_1_64' title='bbox 651 1371 687 1436; x_wconf 92' lang='lat' dir='ltr'>et</span> <span class='ocrx_word' id='word_1_65' title='bbox 703 1365 834 1454; x_wconf 88' lang='lat' dir='ltr'>aliquit</span> <span class='ocrx_word' id='word_1_66' title='bbox 856 1368 987 1438; x_wconf 85' lang='lat' dir='ltr'>exinde</span> <span class='ocrx_word' id='word_1_67' title='bbox 1003 1371 1276 1460; x_wconf 82' lang='lat' dir='ltr'>contradixerit,</span> <span class='ocrx_word' id='word_1_68' title='bbox 1289 1395 1351 1462; x_wconf 93' lang='lat' dir='ltr'>per</span> <span class='ocrx_word' id='word_1_69' title='bbox 1361 1377 1454 1446; x_wconf 90' lang='lat' dir='ltr'>bona</span> <span class='ocrx_word' id='word_1_70' title='bbox 1471 1379 1733 1448; x_wconf 89' lang='lat' dir='ltr'>combenientia</span> <span class='ocrx_word' id='word_1_71' title='bbox 1748 1401 1812 1468; x_wconf 93' lang='lat' dir='ltr'>per</span> <span class='ocrx_word' id='word_1_72' title='bbox 1824 1381 1903 1468; x_wconf 88' lang='lat' dir='ltr'>ipsa</span> <span class='ocrx_word' id='word_1_73' title='bbox 1919 1384 2055 1472; x_wconf 81' lang='lat' dir='ltr'>guadia</span> <span class='ocrx_word' id='word_1_74' title='bbox 2070 1386 2159 1454; x_wconf 92' lang='lat' dir='ltr'>obli-</span> 
     </span>
     <span class='ocr_line' id='line_1_7' title="bbox 306 1515 2158 1622; baseline 0.013 -40"><span class='ocrx_word' id='word_1_75' title='bbox 306 1515 409 1602; x_wconf 74' lang='lat' dir='ltr'>gabit</span> <span class='ocrx_word' id='word_1_76' title='bbox 432 1535 470 1587; x_wconf 89' lang='lat' dir='ltr'>se</span> <span class='ocrx_word' id='word_1_77' title='bbox 493 1537 642 1606; x_wconf 83' lang='lat' dir='ltr'>suosque</span> <span class='ocrx_word' id='word_1_78' title='bbox 666 1519 758 1588; x_wconf 87' lang='lat' dir='ltr'>filios</span> <span class='ocrx_word' id='word_1_79' title='bbox 781 1525 817 1588; x_wconf 88' lang='lat' dir='ltr'>et</span> <span class='ocrx_word' id='word_1_80' title='bbox 840 1521 964 1590; x_wconf 89' lang='lat' dir='ltr'>eredes</span> <span class='ocrx_word' id='word_1_81' title='bbox 988 1521 1033 1590; x_wconf 87' lang='lat' dir='ltr'>ad</span> <span class='ocrx_word' id='word_1_82' title='bbox 1058 1526 1334 1611; x_wconf 89' lang='lat' dir='ltr'>componendum</span> <span class='ocrx_word' id='word_1_83' title='bbox 1360 1530 1399 1595; x_wconf 87' lang='lat' dir='ltr'>in</span> <span class='ocrx_word' id='word_1_84' title='bbox 1422 1549 1506 1616; x_wconf 91' lang='lat' dir='ltr'>pars</span> <span class='ocrx_word' id='word_1_85' title='bbox 1531 1531 1642 1618; x_wconf 90' lang='lat' dir='ltr'>ipsius</span> <span class='ocrx_word' id='word_1_86' title='bbox 1656 1532 1804 1602; x_wconf 89' lang='lat' dir='ltr'>ecclesie</span> <span class='ocrx_word' id='word_1_87' title='bbox 1819 1534 1974 1622; x_wconf 82' lang='lat' dir='ltr'>triginta</span> <span class='ocrx_word' id='word_1_88' title='bbox 1996 1536 2077 1607; x_wconf 91' lang='lat' dir='ltr'>auri</span> <span class='ocrx_word' id='word_1_89' title='bbox 2102 1555 2158 1606; x_wconf 89' lang='lat' dir='ltr'>so-</span> 
     </span>
    </p>
   </div>
   <div class='ocr_carea' id='block_1_3' title="bbox 307 1669 2158 1780">
    <p class='ocr_par' dir='ltr' id='par_1_3' title="bbox 307 1669 2158 1780">
     <span class='ocr_line' id='line_1_8' title="bbox 307 1669 2158 1780; baseline 0.014 -46"><span class='ocrx_word' id='word_1_90' title='bbox 307 1669 397 1740; x_wconf 85' lang='lat' dir='ltr'>lidos</span> <span class='ocrx_word' id='word_1_91' title='bbox 419 1673 677 1761; x_wconf 84' lang='lat' dir='ltr'>constantin0s3</span> <span class='ocrx_word' id='word_1_92' title='bbox 706 1679 827 1744; x_wconf 89' lang='lat' dir='ltr'>tamen</span> <span class='ocrx_word' id='word_1_93' title='bbox 851 1676 1072 1764; x_wconf 88' lang='lat' dir='ltr'>annualiter,</span> <span class='ocrx_word' id='word_1_94' title='bbox 1101 1679 1242 1766; x_wconf 88' lang='lat' dir='ltr'>quando</span> <span class='ocrx_word' id='word_1_95' title='bbox 1266 1681 1431 1750; x_wconf 88' lang='lat' dir='ltr'>benerint</span> <span class='ocrx_word' id='word_1_96' title='bbox 1454 1684 1586 1764; x_wconf 87' lang='lat' dir='ltr'>ibidem</span> <span class='ocrx_word' id='word_1_97' title='bbox 1610 1685 1759 1753; x_wconf 89' lang='lat' dir='ltr'>missum</span> <span class='ocrx_word' id='word_1_98' title='bbox 1782 1687 1895 1774; x_wconf 89' lang='lat' dir='ltr'>ipsius</span> <span class='ocrx_word' id='word_1_99' title='bbox 1921 1689 2069 1760; x_wconf 87' lang='lat' dir='ltr'>ecclesie</span> <span class='ocrx_word' id='word_1_100' title='bbox 2092 1711 2158 1780; x_wconf 92' lang='lat' dir='ltr'>pro</span> 
     </span>
    </p>
   </div>
   <div class='ocr_carea' id='block_1_4' title="bbox 177 1824 2157 1928">
    <p class='ocr_par' dir='ltr' id='par_1_4' title="bbox 177 1824 2157 1928">
     <span class='ocr_line' id='line_1_9' title="bbox 177 1824 2157 1928; baseline 0.014 -42"><span class='ocrx_word' id='word_1_101' title='bbox 177 1921 180 1928; x_wconf 86' lang='lat'>.</span> <span class='ocrx_word' id='word_1_102' title='bbox 306 1824 385 1909; x_wconf 87' lang='lat' dir='ltr'>ipsa</span> <span class='ocrx_word' id='word_1_103' title='bbox 408 1826 529 1895; x_wconf 82' lang='lat' dir='ltr'>frudia</span> <span class='ocrx_word' id='word_1_104' title='bbox 551 1827 762 1917; x_wconf 90' lang='lat' dir='ltr'>tollendum,</span> <span class='ocrx_word' id='word_1_105' title='bbox 786 1830 870 1898; x_wconf 89' lang='lat' dir='ltr'>dum</span> <span class='ocrx_word' id='word_1_106' title='bbox 892 1831 953 1900; x_wconf 92' lang='lat' dir='ltr'>ille</span> <span class='ocrx_word' id='word_1_107' title='bbox 977 1829 1109 1899; x_wconf 91' lang='lat' dir='ltr'>ibidem</span> <span class='ocrx_word' id='word_1_108' title='bbox 1132 1831 1311 1920; x_wconf 87' lang='lat' dir='ltr'>steterint,</span> <span class='ocrx_word' id='word_1_109' title='bbox 1337 1832 1396 1901; x_wconf 92' lang='lat' dir='ltr'>ille</span> <span class='ocrx_word' id='word_1_110' title='bbox 1413 1837 1449 1902; x_wconf 91' lang='lat' dir='ltr'>et</span> <span class='ocrx_word' id='word_1_111' title='bbox 1471 1853 1552 1903; x_wconf 86' lang='lat' dir='ltr'>suos</span> <span class='ocrx_word' id='word_1_112' title='bbox 1567 1837 1689 1906; x_wconf 89' lang='lat' dir='ltr'>eredes</span> <span class='ocrx_word' id='word_1_113' title='bbox 1709 1856 1790 1908; x_wconf 91' lang='lat' dir='ltr'>eum</span> <span class='ocrx_word' id='word_1_114' title='bbox 1806 1843 1944 1911; x_wconf 88' lang='lat' dir='ltr'>notrire</span> <span class='ocrx_word' id='word_1_115' title='bbox 1961 1844 2157 1913; x_wconf 89' lang='lat' dir='ltr'>secundum</span> 
     </span>
    </p>
   </div>
   <div class='ocr_carea' id='block_1_5' title="bbox 307 1981 2157 2228">
    <p class='ocr_par' dir='ltr' id='par_1_5' title="bbox 307 1981 2157 2228">
     <span class='ocr_line' id='line_1_10' title="bbox 307 1981 2155 2086; baseline 0.014 -42"><span class='ocrx_word' id='word_1_116' title='bbox 307 1997 410 2047; x_wconf 89' lang='lat' dir='ltr'>suam</span> <span class='ocrx_word' id='word_1_117' title='bbox 432 1981 707 2067; x_wconf 88' lang='lat' dir='ltr'>possibilitatem</span> <span class='ocrx_word' id='word_1_118' title='bbox 730 2003 794 2071; x_wconf 92' lang='lat' dir='ltr'>per</span> <span class='ocrx_word' id='word_1_119' title='bbox 819 1982 987 2054; x_wconf 89' lang='lat' dir='ltr'>iamdicta</span> <span class='ocrx_word' id='word_1_120' title='bbox 1010 1985 1146 2072; x_wconf 80' lang='lat' dir='ltr'>guadia</span> <span class='ocrx_word' id='word_1_121' title='bbox 1168 1992 1204 2055; x_wconf 91' lang='lat' dir='ltr'>et</span> <span class='ocrx_word' id='word_1_122' title='bbox 1227 1988 1388 2077; x_wconf 85' lang='lat' dir='ltr'>obligata</span> <span class='ocrx_word' id='word_1_123' title='bbox 1411 2008 1518 2078; x_wconf 90' lang='lat' dir='ltr'>pena:</span> <span class='ocrx_word' id='word_1_124' title='bbox 1533 1997 1781 2064; x_wconf 88' lang='lat' dir='ltr'>verumtamen</span> <span class='ocrx_word' id='word_1_125' title='bbox 1798 2015 2048 2078; x_wconf 89' lang='lat' dir='ltr'>memoramus,</span> <span class='ocrx_word' id='word_1_126' title='bbox 2067 2000 2155 2086; x_wconf 89' lang='lat' dir='ltr'>quia</span> 
     </span>
     <span class='ocr_line' id='line_1_11' title="bbox 309 2132 2157 2228; baseline 0.015 -33"><span class='ocrx_word' id='word_1_127' title='bbox 309 2147 431 2200; x_wconf 88' lang='lat' dir='ltr'>ornnes</span> <span class='ocrx_word' id='word_1_128' title='bbox 449 2132 546 2220; x_wconf 87' lang='lat' dir='ltr'>ipsas</span> <span class='ocrx_word' id='word_1_129' title='bbox 569 2135 689 2205; x_wconf 82' lang='lat' dir='ltr'>trudia</span> <span class='ocrx_word' id='word_1_130' title='bbox 713 2135 774 2204; x_wconf 92' lang='lat' dir='ltr'>ille</span> <span class='ocrx_word' id='word_1_131' title='bbox 797 2139 833 2204; x_wconf 90' lang='lat' dir='ltr'>et</span> <span class='ocrx_word' id='word_1_132' title='bbox 857 2155 939 2206; x_wconf 89' lang='lat' dir='ltr'>suos</span> <span class='ocrx_word' id='word_1_133' title='bbox 962 2137 1085 2206; x_wconf 88' lang='lat' dir='ltr'>eredes</span> <span class='ocrx_word' id='word_1_134' title='bbox 1107 2138 1232 2206; x_wconf 90' lang='lat' dir='ltr'>amodo</span> <span class='ocrx_word' id='word_1_135' title='bbox 1256 2145 1291 2209; x_wconf 89' lang='lat' dir='ltr'>et</span> <span class='ocrx_word' id='word_1_136' title='bbox 1314 2159 1453 2228; x_wconf 89' lang='lat' dir='ltr'>semper</span> <span class='ocrx_word' id='word_1_137' title='bbox 1476 2144 1687 2214; x_wconf 88' lang='lat' dir='ltr'>annualiter</span> <span class='ocrx_word' id='word_1_138' title='bbox 1711 2147 1818 2218; x_wconf 91' lang='lat' dir='ltr'>deant</span> <span class='ocrx_word' id='word_1_139' title='bbox 1840 2149 1923 2220; x_wconf 90' lang='lat' dir='ltr'>inde</span> <span class='ocrx_word' id='word_1_140' title='bbox 1940 2151 1986 2220; x_wconf 88' lang='lat' dir='ltr'>ad</span> <span class='ocrx_word' id='word_1_141' title='bbox 2009 2153 2157 2222; x_wconf 86' lang='lat' dir='ltr'>missum</span> 
     </span>
    </p>
   </div>
   <div class='ocr_carea' id='block_1_6' title="bbox 308 2283 2153 2392">
    <p class='ocr_par' dir='ltr' id='par_1_6' title="bbox 308 2283 2153 2392">
     <span class='ocr_line' id='line_1_12' title="bbox 308 2283 2153 2392; baseline 0.014 -42"><span class='ocrx_word' id='word_1_142' title='bbox 308 2283 421 2368; x_wconf 90' lang='lat' dir='ltr'>ipsius</span> <span class='ocrx_word' id='word_1_143' title='bbox 444 2285 592 2355; x_wconf 88' lang='lat' dir='ltr'>ecclesie</span> <span class='ocrx_word' id='word_1_144' title='bbox 615 2287 747 2356; x_wconf 91' lang='lat' dir='ltr'>ibidem</span> <span class='ocrx_word' id='word_1_145' title='bbox 771 2287 898 2358; x_wconf 89' lang='lat' dir='ltr'>inclita</span> <span class='ocrx_word' id='word_1_146' title='bbox 921 2289 1001 2376; x_wconf 89' lang='lat' dir='ltr'>ipsa</span> <span class='ocrx_word' id='word_1_147' title='bbox 1024 2289 1169 2359; x_wconf 87' lang='lat' dir='ltr'>tertiam</span> <span class='ocrx_word' id='word_1_148' title='bbox 1193 2295 1345 2378; x_wconf 89' lang='lat' dir='ltr'>partem,</span> <span class='ocrx_word' id='word_1_149' title='bbox 1369 2295 1463 2364; x_wconf 89' lang='lat' dir='ltr'>sicut</span> <span class='ocrx_word' id='word_1_150' title='bbox 1478 2298 1642 2384; x_wconf 89' lang='lat' dir='ltr'>superius</span> <span class='ocrx_word' id='word_1_151' title='bbox 1668 2299 1804 2369; x_wconf 91' lang='lat' dir='ltr'>dictum</span> <span class='ocrx_word' id='word_1_152' title='bbox 1828 2307 1894 2391; x_wconf 88' lang='lat' dir='ltr'>est,</span> <span class='ocrx_word' id='word_1_153' title='bbox 1920 2308 1956 2373; x_wconf 88' lang='lat' dir='ltr'>et</span> <span class='ocrx_word' id='word_1_154' title='bbox 1982 2307 2058 2392; x_wconf 90' lang='lat' dir='ltr'>ipso</span> <span class='ocrx_word' id='word_1_155' title='bbox 2081 2311 2153 2375; x_wconf 85' lang='lat' dir='ltr'>ter-</span> 
     </span>
    </p>
   </div>
   <div class='ocr_carea' id='block_1_7' title="bbox 257 2439 2158 2686">
    <p class='ocr_par' dir='ltr' id='par_1_7' title="bbox 257 2439 2158 2686">
     <span class='ocr_line' id='line_1_13' title="bbox 257 2439 2158 2549; baseline 0.016 -48"><span class='ocrx_word' id='word_1_156' title='bbox 257 2505 261 2511; x_wconf 63' lang='lat'>,</span> <span class='ocrx_word' id='word_1_157' title='bbox 307 2439 475 2524; x_wconf 89' lang='lat' dir='ltr'>raticum,</span> <span class='ocrx_word' id='word_1_158' title='bbox 500 2439 657 2526; x_wconf 90' lang='lat' dir='ltr'>qualiter</span> <span class='ocrx_word' id='word_1_159' title='bbox 681 2440 849 2510; x_wconf 88' lang='lat' dir='ltr'>similiter</span> <span class='ocrx_word' id='word_1_160' title='bbox 872 2442 1038 2530; x_wconf 89' lang='lat' dir='ltr'>superius</span> <span class='ocrx_word' id='word_1_161' title='bbox 1061 2443 1196 2512; x_wconf 90' lang='lat' dir='ltr'>dictum</span> <span class='ocrx_word' id='word_1_162' title='bbox 1220 2451 1286 2532; x_wconf 90' lang='lat' dir='ltr'>est,</span> <span class='ocrx_word' id='word_1_163' title='bbox 1303 2468 1366 2535; x_wconf 92' lang='lat' dir='ltr'>per</span> <span class='ocrx_word' id='word_1_164' title='bbox 1391 2449 1562 2521; x_wconf 86' lang='lat' dir='ltr'>iamdicta</span> <span class='ocrx_word' id='word_1_165' title='bbox 1585 2454 1720 2540; x_wconf 72' lang='lat' dir='ltr'>guallia</span> <span class='ocrx_word' id='word_1_166' title='bbox 1743 2463 1779 2526; x_wconf 90' lang='lat' dir='ltr'>et</span> <span class='ocrx_word' id='word_1_167' title='bbox 1802 2458 1963 2548; x_wconf 80' lang='lat' dir='ltr'>obligata</span> <span class='ocrx_word' id='word_1_168' title='bbox 1986 2481 2092 2549; x_wconf 90' lang='lat' dir='ltr'>pena;</span> <span class='ocrx_word' id='word_1_169' title='bbox 2122 2469 2158 2532; x_wconf 91' lang='lat' dir='ltr'>et</span> 
     </span>
     <span class='ocr_line' id='line_1_14' title="bbox 307 2593 1470 2686; baseline 0.014 -30"><span class='ocrx_word' id='word_1_170' title='bbox 307 2593 404 2659; x_wconf 91' lang='lat' dir='ltr'>hunc</span> <span class='ocrx_word' id='word_1_171' title='bbox 427 2593 571 2660; x_wconf 89' lang='lat' dir='ltr'>brebem</span> <span class='ocrx_word' id='word_1_172' title='bbox 595 2593 722 2680; x_wconf 85' lang='lat' dir='ltr'>scripsi</span> <span class='ocrx_word' id='word_1_173' title='bbox 745 2611 811 2682; x_wconf 82' lang='lat' dir='ltr'>ego</span> <span class='ocrx_word' id='word_1_174' title='bbox 834 2593 993 2663; x_wconf 90' lang='lat' dir='ltr'>ademari</span> <span class='ocrx_word' id='word_1_175' title='bbox 1017 2597 1181 2666; x_wconf 90' lang='lat' dir='ltr'>notarius</span> <span class='ocrx_word' id='word_1_176' title='bbox 1204 2601 1266 2686; x_wconf 89' lang='lat' dir='ltr'>qui</span> <span class='ocrx_word' id='word_1_177' title='bbox 1291 2602 1470 2674; x_wconf 57' lang='lat' dir='ltr'>interfui*</span> 
     </span>
    </p>
   </div>
   <div class='ocr_carea' id='block_1_8' title="bbox 352 2717 1116 2836">
    <p class='ocr_par' dir='ltr' id='par_1_8' title="bbox 352 2717 1116 2836">
     <span class='ocr_line' id='line_1_15' title="bbox 352 2717 1116 2836; baseline 0.007 -25"><span class='ocrx_word' id='word_1_178' title='bbox 352 2717 382 2832; x_wconf 85' lang='lat'><em>†</em></span> <span class='ocrx_word' id='word_1_179' title='bbox 407 2746 483 2832; x_wconf 81' lang='lat' dir='ltr'>Ego</span> <span class='ocrx_word' id='word_1_180' title='bbox 508 2750 632 2833; x_wconf 88' lang='lat' dir='ltr'>petrus</span> <span class='ocrx_word' id='word_1_181' title='bbox 655 2749 818 2816; x_wconf 88' lang='lat' dir='ltr'>notarius</span> <span class='ocrx_word' id='word_1_182' title='bbox 842 2767 899 2816; x_wconf 92' lang='lat' dir='ltr'>me</span> <span class='ocrx_word' id='word_1_183' title='bbox 922 2749 1116 2836; x_wconf 89' lang='lat' dir='ltr'>subscripsi</span> 
     </span>
    </p>
   </div>
   <div class='ocr_carea' id='block_1_9' title="bbox 349 2870 975 2990">
    <p class='ocr_par' dir='ltr' id='par_1_9' title="bbox 349 2870 975 2990">
     <span class='ocr_line' id='line_1_16' title="bbox 349 2870 975 2990; baseline 0.011 -27"><span class='ocrx_word' id='word_1_184' title='bbox 349 2870 380 2985; x_wconf 85' lang='lat'>†</span> <span class='ocrx_word' id='word_1_185' title='bbox 405 2900 481 2986; x_wconf 82' lang='lat' dir='ltr'>Ego</span> <span class='ocrx_word' id='word_1_186' title='bbox 506 2900 663 2970; x_wconf 86' lang='lat' dir='ltr'>ademari</span> <span class='ocrx_word' id='word_1_187' title='bbox 691 2921 747 2970; x_wconf 89' lang='lat' dir='ltr'>mc</span> <span class='ocrx_word' id='word_1_188' title='bbox 770 2902 975 2990; x_wconf 84' lang='lat' dir='ltr'>subscripsi.</span> 
     </span>
    </p>
   </div>
   <div class='ocr_carea' id='block_1_10' title="bbox 1018 3155 1423 3168">
    <p class='ocr_par' dir='ltr' id='par_1_10' title="bbox 1018 3155 1423 3168">
     <span class='ocr_line' id='line_1_17' title="bbox 1018 3155 1423 3168; baseline 0.01 -4"><span class='ocrx_word' id='word_1_189' title='bbox 1018 3155 1423 3168; x_wconf 49' lang='grc' dir='ltr'>..ιω-...-</span> 
     </span>
    </p>
   </div>
   <div class='ocr_carea' id='block_1_11' title="bbox 1042 3456 1394 3540">
    <p class='ocr_par' dir='ltr' id='par_1_11' title="bbox 1042 3456 1394 3540">
     <span class='ocr_line' id='line_1_18' title="bbox 1042 3456 1394 3540; baseline -0.003 -3"><span class='ocrx_word' id='word_1_190' title='bbox 1042 3456 1394 3540; x_wconf 87' lang='lat' dir='ltr'>DCCXLVII.</span> 
     </span>
    </p>
   </div>
   <div class='ocr_carea' id='block_1_12' title="bbox 1078 3721 1469 3846">
    <p class='ocr_par' dir='ltr' id='par_1_12' title="bbox 1078 3721 1469 3846">
     <span class='ocr_line' id='line_1_19' title="bbox 1078 3721 1469 3846; baseline 0.01 -48"><span class='ocrx_word' id='word_1_191' title='bbox 1078 3722 1133 3798; x_wconf 81' lang='lat' dir='ltr'>n.</span> <span class='ocrx_word' id='word_1_192' title='bbox 1162 3721 1212 3798; x_wconf 86' lang='lat' dir='ltr'>n.</span> <span class='ocrx_word' id='word_1_193' title='bbox 1241 3721 1370 3804; x_wconf 81' lang='lat' dir='ltr'>roae.</span> <span class='ocrx_word' id='word_1_194' title='bbox 1465 3839 1469 3846; x_wconf 87' lang='lat'><em>.</em></span> 
     </span>
    </p>
   </div>
   <div class='ocr_carea' id='block_1_13' title="bbox 348 3925 2156 4077">
    <p class='ocr_par' dir='ltr' id='par_1_13' title="bbox 348 3925 2156 4077">
     <span class='ocr_line' id='line_1_20' title="bbox 348 3925 2156 4077; baseline 0.009 -35"><span class='ocrx_word' id='word_1_195' title='bbox 348 3925 384 4064; x_wconf 81' lang='lat'>†</span> <span class='ocrx_word' id='word_1_196' title='bbox 408 3978 449 4043; x_wconf 91' lang='lat' dir='ltr'>ln</span> <span class='ocrx_word' id='word_1_197' title='bbox 471 3979 615 4048; x_wconf 91' lang='lat' dir='ltr'>nomine</span> <span class='ocrx_word' id='word_1_198' title='bbox 639 3979 775 4048; x_wconf 91' lang='lat' dir='ltr'>domini</span> <span class='ocrx_word' id='word_1_199' title='bbox 799 3982 978 4051; x_wconf 90' lang='lat' dir='ltr'>tricesimo</span> <span class='ocrx_word' id='word_1_200' title='bbox 1001 3985 1126 4070; x_wconf 83' lang='lat' dir='ltr'>quinto</span> <span class='ocrx_word' id='word_1_201' title='bbox 1142 4001 1238 4053; x_wconf 92' lang='lat' dir='ltr'>anno</span> <span class='ocrx_word' id='word_1_202' title='bbox 1253 3983 1478 4072; x_wconf 89' lang='lat' dir='ltr'>principatus</span> <span class='ocrx_word' id='word_1_203' title='bbox 1495 3985 1613 4054; x_wconf 91' lang='lat' dir='ltr'>domni</span> <span class='ocrx_word' id='word_1_204' title='bbox 1630 3985 1745 4054; x_wconf 91' lang='lat' dir='ltr'>nostri</span> <span class='ocrx_word' id='word_1_205' title='bbox 1760 3987 1974 4075; x_wconf 83' lang='lat' dir='ltr'>guaimarii,</span> <span class='ocrx_word' id='word_1_206' title='bbox 1998 3993 2033 4058; x_wconf 89' lang='lat' dir='ltr'>et</span> <span class='ocrx_word' id='word_1_207' title='bbox 2049 3991 2156 4077; x_wconf 92' lang='lat' dir='ltr'>quin·</span> 
     </span>
    </p>
   </div>
   <div class='ocr_carea' id='block_1_14' title="bbox 293 4133 2153 5754">
    <p class='ocr_par' dir='ltr' id='par_1_14' title="bbox 293 4133 2153 5754">
     <span class='ocr_line' id='line_1_21' title="bbox 298 4133 2152 4230; baseline 0.006 -28"><span class='ocrx_word' id='word_1_208' title='bbox 298 4144 341 4202; x_wconf 85' lang='lat' dir='ltr'>to</span> <span class='ocrx_word' id='word_1_209' title='bbox 363 4152 460 4204; x_wconf 89' lang='lat' dir='ltr'>anno</span> <span class='ocrx_word' id='word_1_210' title='bbox 483 4133 707 4222; x_wconf 87' lang='lat' dir='ltr'>principatus</span> <span class='ocrx_word' id='word_1_211' title='bbox 731 4135 850 4203; x_wconf 90' lang='lat' dir='ltr'>domni</span> <span class='ocrx_word' id='word_1_212' title='bbox 875 4135 1059 4225; x_wconf 82' lang='lat' dir='ltr'>guaimari</span> <span class='ocrx_word' id='word_1_213' title='bbox 1081 4138 1159 4205; x_wconf 89' lang='lat' dir='ltr'>eius</span> <span class='ocrx_word' id='word_1_214' title='bbox 1181 4135 1279 4225; x_wconf 84' lang='lat' dir='ltr'>filio,</span> <span class='ocrx_word' id='word_1_215' title='bbox 1303 4137 1450 4226; x_wconf 85' lang='lat' dir='ltr'>gloriosi</span> <span class='ocrx_word' id='word_1_216' title='bbox 1475 4137 1682 4226; x_wconf 86' lang='lat' dir='ltr'>principes,</span> <span class='ocrx_word' id='word_1_217' title='bbox 1706 4157 1827 4208; x_wconf 88' lang='lat' dir='ltr'>mense</span> <span class='ocrx_word' id='word_1_218' title='bbox 1862 4140 2020 4230; x_wconf 88' lang='lat' dir='ltr'>aprilis,</span> <span class='ocrx_word' id='word_1_219' title='bbox 2045 4149 2152 4215; x_wconf 86' lang='lat' dir='ltr'>sexta</span> 
     </span>
     <span class='ocr_line' id='line_1_22' title="bbox 299 4289 2152 4384; baseline 0.005 -28"><span class='ocrx_word' id='word_1_220' title='bbox 299 4289 509 4358; x_wconf 89' lang='lat' dir='ltr'>indictione.</span> <span class='ocrx_word' id='word_1_221' title='bbox 535 4291 827 4359; x_wconf 89' lang='lat' dir='ltr'>Memoratorium</span> <span class='ocrx_word' id='word_1_222' title='bbox 852 4292 984 4362; x_wconf 85' lang='lat' dir='ltr'>sactum</span> <span class='ocrx_word' id='word_1_223' title='bbox 1009 4311 1031 4359; x_wconf 89' lang='lat' dir='ltr'>a</span> <span class='ocrx_word' id='word_1_224' title='bbox 1055 4309 1110 4358; x_wconf 93' lang='lat' dir='ltr'>me</span> <span class='ocrx_word' id='word_1_225' title='bbox 1135 4309 1218 4358; x_wconf 90' lang='lat' dir='ltr'>urso</span> <span class='ocrx_word' id='word_1_226' title='bbox 1240 4289 1314 4358; x_wconf 86' lang='lat' dir='ltr'>filio</span> <span class='ocrx_word' id='word_1_227' title='bbox 1337 4291 1446 4378; x_wconf 89' lang='lat' dir='ltr'>petri,</span> <span class='ocrx_word' id='word_1_228' title='bbox 1470 4310 1510 4358; x_wconf 92' lang='lat' dir='ltr'>eo</span> <span class='ocrx_word' id='word_1_229' title='bbox 1534 4289 1628 4377; x_wconf 89' lang='lat' dir='ltr'>quod</span> <span class='ocrx_word' id='word_1_230' title='bbox 1651 4292 1942 4380; x_wconf 90' lang='lat' dir='ltr'>antesupscripti</span> <span class='ocrx_word' id='word_1_231' title='bbox 1962 4297 2070 4366; x_wconf 87' lang='lat' dir='ltr'>testes</span> <span class='ocrx_word' id='word_1_232' title='bbox 2087 4318 2152 4384; x_wconf 90' lang='lat' dir='ltr'>per</span> 
     </span>
     <span class='ocr_line' id='line_1_23' title="bbox 299 4440 2153 4536; baseline 0.004 -27"><span class='ocrx_word' id='word_1_233' title='bbox 299 4446 394 4513; x_wconf 87' lang='lat' dir='ltr'>bona</span> <span class='ocrx_word' id='word_1_234' title='bbox 418 4443 680 4512; x_wconf 89' lang='lat' dir='ltr'>combenientia</span> <span class='ocrx_word' id='word_1_235' title='bbox 703 4443 853 4512; x_wconf 89' lang='lat' dir='ltr'>tradidit</span> <span class='ocrx_word' id='word_1_236' title='bbox 875 4445 966 4512; x_wconf 91' lang='lat' dir='ltr'>mihi</span> <span class='ocrx_word' id='word_1_237' title='bbox 990 4443 1036 4512; x_wconf 86' lang='lat' dir='ltr'>ad</span> <span class='ocrx_word' id='word_1_238' title='bbox 1058 4443 1253 4513; x_wconf 88' lang='lat' dir='ltr'>tenendum</span> <span class='ocrx_word' id='word_1_239' title='bbox 1276 4445 1313 4512; x_wconf 92' lang='lat' dir='ltr'>et</span> <span class='ocrx_word' id='word_1_240' title='bbox 1336 4440 1571 4512; x_wconf 87' lang='lat' dir='ltr'>laborandum</span> <span class='ocrx_word' id='word_1_241' title='bbox 1594 4447 1736 4512; x_wconf 88' lang='lat' dir='ltr'>amatus</span> <span class='ocrx_word' id='word_1_242' title='bbox 1764 4443 1859 4512; x_wconf 88' lang='lat' dir='ltr'>filius</span> <span class='ocrx_word' id='word_1_243' title='bbox 1888 4447 2067 4532; x_wconf 87' lang='lat' dir='ltr'>quondam</span> <span class='ocrx_word' id='word_1_244' title='bbox 2091 4469 2153 4536; x_wconf 88' lang='lat' dir='ltr'>pe-</span> 
     </span>
     <span class='ocr_line' id='line_1_24' title="bbox 299 4594 2148 4684; baseline 0.004 -21"><span class='ocrx_word' id='word_1_245' title='bbox 299 4595 348 4663; x_wconf 87' lang='lat' dir='ltr'>tri</span> <span class='ocrx_word' id='word_1_246' title='bbox 371 4599 445 4665; x_wconf 85' lang='lat' dir='ltr'>tote</span> <span class='ocrx_word' id='word_1_247' title='bbox 468 4600 503 4666; x_wconf 91' lang='lat' dir='ltr'>et</span> <span class='ocrx_word' id='word_1_248' title='bbox 526 4597 651 4666; x_wconf 87' lang='lat' dir='ltr'>inclite</span> <span class='ocrx_word' id='word_1_249' title='bbox 674 4597 783 4666; x_wconf 87' lang='lat' dir='ltr'>terris</span> <span class='ocrx_word' id='word_1_250' title='bbox 807 4616 871 4666; x_wconf 89' lang='lat' dir='ltr'>sue</span> <span class='ocrx_word' id='word_1_251' title='bbox 895 4602 931 4666; x_wconf 94' lang='lat' dir='ltr'>et</span> <span class='ocrx_word' id='word_1_252' title='bbox 954 4597 997 4666; x_wconf 88' lang='lat' dir='ltr'>de</span> <span class='ocrx_word' id='word_1_253' title='bbox 1022 4601 1163 4666; x_wconf 87' lang='lat' dir='ltr'>amatus</span> <span class='ocrx_word' id='word_1_254' title='bbox 1186 4595 1352 4664; x_wconf 87' lang='lat' dir='ltr'>notarius</span> <span class='ocrx_word' id='word_1_255' title='bbox 1375 4594 1449 4662; x_wconf 90' lang='lat' dir='ltr'>fllio</span> <span class='ocrx_word' id='word_1_256' title='bbox 1472 4613 1534 4662; x_wconf 93' lang='lat' dir='ltr'>suo</span> <span class='ocrx_word' id='word_1_257' title='bbox 1557 4595 1724 4684; x_wconf 89' lang='lat' dir='ltr'>bacibis,</span> <span class='ocrx_word' id='word_1_258' title='bbox 1749 4597 1842 4684; x_wconf 90' lang='lat' dir='ltr'>quod</span> <span class='ocrx_word' id='word_1_259' title='bbox 1869 4597 1943 4667; x_wconf 90' lang='lat' dir='ltr'>illis</span> <span class='ocrx_word' id='word_1_260' title='bbox 1966 4603 2094 4678; x_wconf 68' lang='lat' dir='ltr'>abunt,</span> <span class='ocrx_word' id='word_1_261' title='bbox 2108 4603 2148 4672; x_wconf 92' lang='lat' dir='ltr'>in</span> 
     </span>
     <span class='ocr_line' id='line_1_25' title="bbox 299 4748 2145 4839; baseline 0.005 -23"><span class='ocrx_word' id='word_1_262' title='bbox 299 4750 416 4817; x_wconf 91' lang='lat' dir='ltr'>locum</span> <span class='ocrx_word' id='word_1_263' title='bbox 439 4751 644 4820; x_wconf 86' lang='lat' dir='ltr'>tuscianum</span> <span class='ocrx_word' id='word_1_264' title='bbox 667 4770 713 4820; x_wconf 85' lang='lat' dir='ltr'>ex</span> <span class='ocrx_word' id='word_1_265' title='bbox 736 4751 800 4822; x_wconf 89' lang='lat' dir='ltr'>illa</span> <span class='ocrx_word' id='word_1_266' title='bbox 822 4755 924 4839; x_wconf 90' lang='lat' dir='ltr'>parte</span> <span class='ocrx_word' id='word_1_267' title='bbox 948 4751 1024 4839; x_wconf 90' lang='lat' dir='ltr'>ipso</span> <span class='ocrx_word' id='word_1_268' title='bbox 1047 4749 1153 4818; x_wconf 86' lang='lat' dir='ltr'>dubio</span> <span class='ocrx_word' id='word_1_269' title='bbox 1176 4748 1398 4818; x_wconf 87' lang='lat' dir='ltr'>salernitane</span> <span class='ocrx_word' id='word_1_270' title='bbox 1422 4749 1584 4835; x_wconf 89' lang='lat' dir='ltr'>finibus,</span> <span class='ocrx_word' id='word_1_271' title='bbox 1608 4749 1675 4817; x_wconf 89' lang='lat' dir='ltr'>tali</span> <span class='ocrx_word' id='word_1_272' title='bbox 1701 4751 1854 4838; x_wconf 89' lang='lat' dir='ltr'>ordine,</span> <span class='ocrx_word' id='word_1_273' title='bbox 1886 4757 1926 4820; x_wconf 86' lang='lat' dir='ltr'>ut</span> <span class='ocrx_word' id='word_1_274' title='bbox 1957 4755 2082 4823; x_wconf 87' lang='lat' dir='ltr'>amodo</span> <span class='ocrx_word' id='word_1_275' title='bbox 2109 4763 2145 4825; x_wconf 89' lang='lat' dir='ltr'>et</span> 
     </span>
     <span class='ocr_line' id='line_1_26' title="bbox 297 4899 2145 4991; baseline 0.003 -21"><span class='ocrx_word' id='word_1_276' title='bbox 297 4922 409 4990; x_wconf 86' lang='lat' dir='ltr'>usque</span> <span class='ocrx_word' id='word_1_277' title='bbox 433 4903 592 4990; x_wconf 89' lang='lat' dir='ltr'>quinque</span> <span class='ocrx_word' id='word_1_278' title='bbox 616 4905 704 4974; x_wconf 91' lang='lat' dir='ltr'>anni</span> <span class='ocrx_word' id='word_1_279' title='bbox 729 4902 894 4990; x_wconf 88' lang='lat' dir='ltr'>completi</span> <span class='ocrx_word' id='word_1_280' title='bbox 918 4903 1044 4973; x_wconf 90' lang='lat' dir='ltr'>inclita</span> <span class='ocrx_word' id='word_1_281' title='bbox 1068 4905 1313 4991; x_wconf 89' lang='lat' dir='ltr'>suprascripta</span> <span class='ocrx_word' id='word_1_282' title='bbox 1336 4921 1402 4971; x_wconf 91' lang='lat' dir='ltr'>sua</span> <span class='ocrx_word' id='word_1_283' title='bbox 1424 4899 1619 4971; x_wconf 88' lang='lat' dir='ltr'>traditione</span> <span class='ocrx_word' id='word_1_284' title='bbox 1646 4906 1768 4970; x_wconf 85' lang='lat' dir='ltr'>nostre</span> <span class='ocrx_word' id='word_1_285' title='bbox 1801 4906 1986 4988; x_wconf 88' lang='lat' dir='ltr'>potestatis</span> <span class='ocrx_word' id='word_1_286' title='bbox 2020 4910 2145 4977; x_wconf 87' lang='lat' dir='ltr'>tenea·</span> 
     </span>
     <span class='ocr_line' id='line_1_27' title="bbox 293 5053 2149 5144; baseline 0.003 -23"><span class='ocrx_word' id='word_1_287' title='bbox 293 5073 383 5133; x_wconf 90' lang='lat' dir='ltr'>mus,</span> <span class='ocrx_word' id='word_1_288' title='bbox 410 5058 446 5123; x_wconf 90' lang='lat' dir='ltr'>et</span> <span class='ocrx_word' id='word_1_289' title='bbox 470 5055 567 5123; x_wconf 87' lang='lat' dir='ltr'>fobea</span> <span class='ocrx_word' id='word_1_290' title='bbox 589 5059 626 5123; x_wconf 92' lang='lat' dir='ltr'>et</span> <span class='ocrx_word' id='word_1_291' title='bbox 648 5056 762 5122; x_wconf 90' lang='lat' dir='ltr'>omnis</span> <span class='ocrx_word' id='word_1_292' title='bbox 785 5058 905 5124; x_wconf 88' lang='lat' dir='ltr'>nostre</span> <span class='ocrx_word' id='word_1_293' title='bbox 922 5054 1097 5123; x_wconf 87' lang='lat' dir='ltr'>utilitatis</span> <span class='ocrx_word' id='word_1_294' title='bbox 1123 5054 1217 5123; x_wconf 85' lang='lat' dir='ltr'>iusta</span> <span class='ocrx_word' id='word_1_295' title='bbox 1233 5055 1410 5124; x_wconf 86' lang='lat' dir='ltr'>rationem</span> <span class='ocrx_word' id='word_1_296' title='bbox 1428 5053 1479 5120; x_wconf 91' lang='lat' dir='ltr'>ibi</span> <span class='ocrx_word' id='word_1_297' title='bbox 1496 5053 1684 5141; x_wconf 83' lang='lat' dir='ltr'>faciamus,</span> <span class='ocrx_word' id='word_1_298' title='bbox 1700 5059 1736 5122; x_wconf 92' lang='lat' dir='ltr'>et</span> <span class='ocrx_word' id='word_1_299' title='bbox 1752 5055 1961 5124; x_wconf 88' lang='lat' dir='ltr'>annualiter</span> <span class='ocrx_word' id='word_1_300' title='bbox 1983 5061 2055 5127; x_wconf 92' lang='lat' dir='ltr'>tote</span> <span class='ocrx_word' id='word_1_301' title='bbox 2073 5059 2149 5144; x_wconf 88' lang='lat' dir='ltr'>ipse</span> 
     </span>
     <span class='ocr_line' id='line_1_28' title="bbox 295 5193 2148 5302; baseline 0.003 -28"><span class='ocrx_word' id='word_1_302' title='bbox 295 5207 404 5276; x_wconf 88' lang='lat' dir='ltr'>terris</span> <span class='ocrx_word' id='word_1_303' title='bbox 428 5206 502 5275; x_wconf 88' lang='lat' dir='ltr'>suis</span> <span class='ocrx_word' id='word_1_304' title='bbox 526 5209 746 5294; x_wconf 90' lang='lat' dir='ltr'>temporibus</span> <span class='ocrx_word' id='word_1_305' title='bbox 769 5225 876 5276; x_wconf 90' lang='lat' dir='ltr'>arare</span> <span class='ocrx_word' id='word_1_306' title='bbox 900 5200 1089 5294; x_wconf 84' lang='lat' dir='ltr'>faciamus,</span> <span class='ocrx_word' id='word_1_307' title='bbox 1115 5211 1151 5276; x_wconf 92' lang='lat' dir='ltr'>et</span> <span class='ocrx_word' id='word_1_308' title='bbox 1174 5206 1235 5276; x_wconf 89' lang='lat' dir='ltr'>ille</span> <span class='ocrx_word' id='word_1_309' title='bbox 1258 5205 1462 5277; x_wconf 88' lang='lat' dir='ltr'>conciemus</span> <span class='ocrx_word' id='word_1_310' title='bbox 1479 5210 1582 5296; x_wconf 89' lang='lat' dir='ltr'>bone,</span> <span class='ocrx_word' id='word_1_311' title='bbox 1599 5211 1635 5276; x_wconf 90' lang='lat' dir='ltr'>et</span> <span class='ocrx_word' id='word_1_312' title='bbox 1650 5193 1868 5278; x_wconf 81' lang='lat' dir='ltr'>seminemus</span> <span class='ocrx_word' id='word_1_313' title='bbox 1884 5214 1920 5279; x_wconf 89' lang='lat' dir='ltr'>et</span> <span class='ocrx_word' id='word_1_314' title='bbox 1935 5211 2148 5302; x_wconf 87' lang='lat' dir='ltr'>studiemus,</span> 
     </span>
     <span class='ocr_line' id='line_1_29' title="bbox 300 5358 2144 5449; baseline 0.002 -19"><span class='ocrx_word' id='word_1_315' title='bbox 300 5365 335 5430; x_wconf 89' lang='lat' dir='ltr'>et</span> <span class='ocrx_word' id='word_1_316' title='bbox 358 5359 473 5429; x_wconf 89' lang='lat' dir='ltr'>labori</span> <span class='ocrx_word' id='word_1_317' title='bbox 496 5358 566 5447; x_wconf 90' lang='lat' dir='ltr'>ipsi</span> <span class='ocrx_word' id='word_1_318' title='bbox 591 5359 844 5447; x_wconf 81' lang='lat' dir='ltr'>recolligamus</span> <span class='ocrx_word' id='word_1_319' title='bbox 868 5363 903 5428; x_wconf 92' lang='lat' dir='ltr'>et</span> <span class='ocrx_word' id='word_1_320' title='bbox 926 5360 1142 5447; x_wconf 78' lang='lat' dir='ltr'>tritulemuS,</span> <span class='ocrx_word' id='word_1_321' title='bbox 1166 5363 1203 5428; x_wconf 90' lang='lat' dir='ltr'>et</span> <span class='ocrx_word' id='word_1_322' title='bbox 1226 5365 1402 5449; x_wconf 88' lang='lat' dir='ltr'>quantum</span> <span class='ocrx_word' id='word_1_323' title='bbox 1424 5363 1558 5430; x_wconf 92' lang='lat' dir='ltr'>bictum</span> <span class='ocrx_word' id='word_1_324' title='bbox 1581 5365 1617 5430; x_wconf 91' lang='lat' dir='ltr'>et</span> <span class='ocrx_word' id='word_1_325' title='bbox 1640 5360 1761 5431; x_wconf 89' lang='lat' dir='ltr'>labore</span> <span class='ocrx_word' id='word_1_326' title='bbox 1786 5363 1868 5432; x_wconf 90' lang='lat' dir='ltr'>iude</span> <span class='ocrx_word' id='word_1_327' title='bbox 1886 5365 2018 5434; x_wconf 81' lang='lat' dir='ltr'>exierit</span> <span class='ocrx_word' id='word_1_328' title='bbox 2042 5371 2078 5434; x_wconf 90' lang='lat' dir='ltr'>et</span> <span class='ocrx_word' id='word_1_329' title='bbox 2093 5368 2144 5434; x_wconf 81' lang='lat' dir='ltr'>le·</span> 
     </span>
     <span class='ocr_line' id='line_1_30' title="bbox 298 5512 2141 5603; baseline 0.004 -24"><span class='ocrx_word' id='word_1_330' title='bbox 298 5515 467 5602; x_wconf 86' lang='lat' dir='ltr'>cerimus,</span> <span class='ocrx_word' id='word_1_331' title='bbox 491 5516 605 5582; x_wconf 86' lang='lat' dir='ltr'>totum</span> <span class='ocrx_word' id='word_1_332' title='bbox 630 5512 712 5582; x_wconf 92' lang='lat' dir='ltr'>illut</span> <span class='ocrx_word' id='word_1_333' title='bbox 734 5513 835 5581; x_wconf 91' lang='lat' dir='ltr'>nobis</span> <span class='ocrx_word' id='word_1_334' title='bbox 852 5515 1035 5601; x_wconf 87' lang='lat' dir='ltr'>abeamus,</span> <span class='ocrx_word' id='word_1_335' title='bbox 1053 5513 1252 5582; x_wconf 86' lang='lat' dir='ltr'>faciendum</span> <span class='ocrx_word' id='word_1_336' title='bbox 1270 5515 1363 5602; x_wconf 89' lang='lat' dir='ltr'>quod</span> <span class='ocrx_word' id='word_1_337' title='bbox 1379 5513 1607 5583; x_wconf 87' lang='lat' dir='ltr'>voluerimus:</span> <span class='ocrx_word' id='word_1_338' title='bbox 1626 5517 1770 5585; x_wconf 87' lang='lat' dir='ltr'>tantum</span> <span class='ocrx_word' id='word_1_339' title='bbox 1785 5534 1849 5603; x_wconf 90' lang='lat' dir='ltr'>per</span> <span class='ocrx_word' id='word_1_340' title='bbox 1871 5517 1986 5586; x_wconf 93' lang='lat' dir='ltr'>omnis</span> <span class='ocrx_word' id='word_1_341' title='bbox 2002 5537 2141 5587; x_wconf 87' lang='lat' dir='ltr'>annum</span> 
     </span>
     <span class='ocr_line' id='line_1_31' title="bbox 294 5666 2142 5754; baseline 0.005 -22"><span class='ocrx_word' id='word_1_342' title='bbox 294 5683 407 5753; x_wconf 88' lang='lat' dir='ltr'>usque</span> <span class='ocrx_word' id='word_1_343' title='bbox 429 5666 506 5754; x_wconf 91' lang='lat' dir='ltr'>ipso</span> <span class='ocrx_word' id='word_1_344' title='bbox 530 5667 762 5736; x_wconf 89' lang='lat' dir='ltr'>constitutum</span> <span class='ocrx_word' id='word_1_345' title='bbox 785 5686 849 5754; x_wconf 87' lang='lat' dir='ltr'>per</span> <span class='ocrx_word' id='word_1_346' title='bbox 873 5667 949 5736; x_wconf 90' lang='lat' dir='ltr'>aire</span> <span class='ocrx_word' id='word_1_347' title='bbox 974 5666 1013 5734; x_wconf 92' lang='lat' dir='ltr'>in</span> <span class='ocrx_word' id='word_1_348' title='bbox 1036 5668 1157 5737; x_wconf 91' lang='lat' dir='ltr'>eodem</span> <span class='ocrx_word' id='word_1_349' title='bbox 1180 5668 1255 5736; x_wconf 93' lang='lat' dir='ltr'>loco</span> <span class='ocrx_word' id='word_1_350' title='bbox 1270 5720 1378 5739; x_wconf 93' lang='grc'><strong>.....</strong></span> <span class='ocrx_word' id='word_1_351' title='bbox 1402 5672 1526 5740; x_wconf 89' lang='lat' dir='ltr'>demus</span> <span class='ocrx_word' id='word_1_352' title='bbox 1550 5670 1665 5742; x_wconf 89' lang='lat' dir='ltr'>eidem</span> <span class='ocrx_word' id='word_1_353' title='bbox 1689 5670 1803 5741; x_wconf 88' lang='lat' dir='ltr'>amati</span> <span class='ocrx_word' id='word_1_354' title='bbox 1818 5675 1854 5741; x_wconf 90' lang='lat' dir='ltr'>et</span> <span class='ocrx_word' id='word_1_355' title='bbox 1877 5671 1923 5740; x_wconf 89' lang='lat' dir='ltr'>ad</span> <span class='ocrx_word' id='word_1_356' title='bbox 1940 5670 2018 5740; x_wconf 91' lang='lat' dir='ltr'>eius</span> <span class='ocrx_word' id='word_1_357' title='bbox 2037 5676 2142 5743; x_wconf 90' lang='lat' dir='ltr'>here-</span> 
     </span>
    </p>
   </div>
   <div class='ocr_carea' id='block_1_15' title="bbox 294 5822 2144 5915">
    <p class='ocr_par' dir='ltr' id='par_1_15' title="bbox 294 5822 2144 5915">
     <span class='ocr_line' id='line_1_32' title="bbox 294 5822 2144 5915; baseline 0.004 -27"><span class='ocrx_word' id='word_1_358' title='bbox 294 5823 355 5891; x_wconf 86' lang='lat' dir='ltr'>des</span> <span class='ocrx_word' id='word_1_359' title='bbox 378 5841 522 5892; x_wconf 89' lang='lat' dir='ltr'>censum</span> <span class='ocrx_word' id='word_1_360' title='bbox 546 5823 676 5894; x_wconf 78' lang='lat' dir='ltr'>exinde</span> <span class='ocrx_word' id='word_1_361' title='bbox 700 5826 860 5912; x_wconf 88' lang='lat' dir='ltr'>quinque</span> <span class='ocrx_word' id='word_1_362' title='bbox 883 5822 1050 5896; x_wconf 90' lang='lat' dir='ltr'>tertiaria</span> <span class='ocrx_word' id='word_1_363' title='bbox 1074 5823 1117 5892; x_wconf 92' lang='lat' dir='ltr'>de</span> <span class='ocrx_word' id='word_1_364' title='bbox 1140 5841 1296 5911; x_wconf 85' lang='lat' dir='ltr'>granum</span> <span class='ocrx_word' id='word_1_365' title='bbox 1319 5827 1355 5893; x_wconf 92' lang='lat' dir='ltr'>et</span> <span class='ocrx_word' id='word_1_366' title='bbox 1378 5843 1441 5894; x_wconf 82' lang='lat' dir='ltr'>sex</span> <span class='ocrx_word' id='word_1_367' title='bbox 1463 5823 1631 5894; x_wconf 88' lang='lat' dir='ltr'>tertiaria</span> <span class='ocrx_word' id='word_1_368' title='bbox 1653 5824 1696 5893; x_wconf 91' lang='lat' dir='ltr'>de</span> <span class='ocrx_word' id='word_1_369' title='bbox 1720 5825 1898 5915; x_wconf 88' lang='lat' dir='ltr'>ordeum,</span> <span class='ocrx_word' id='word_1_370' title='bbox 1933 5825 2025 5914; x_wconf 84' lang='lat' dir='ltr'>quod</span> <span class='ocrx_word' id='word_1_371' title='bbox 2049 5827 2144 5895; x_wconf 88' lang='lat' dir='ltr'>fiunt</span> 
     </span>
    </p>
   </div>
   <div class='ocr_carea' id='block_1_16' title="bbox 482 5977 1952 6081">
    <p class='ocr_par' dir='ltr' id='par_1_16' title="bbox 482 5977 1952 6081">
     <span class='ocr_line' id='line_1_33' title="bbox 482 5977 1952 6081; baseline 0.012 -49"><span class='ocrx_word' id='word_1_372' title='bbox 482 5977 553 6034; x_wconf 85' lang='lat' dir='ltr'>Tou.</span> <span class='ocrx_word' id='word_1_373' title='bbox 573 5994 599 6035; x_wconf 91' lang='lat' dir='ltr'>v.</span> <span class='ocrx_word' id='word_1_374' title='bbox 1184 6051 1186 6060; x_wconf 33' lang='grc' dir='ltr'>Ι</span> <span class='ocrx_word' id='word_1_375' title='bbox 1527 6075 1531 6081; x_wconf 27' lang='grc' dir='ltr'>Ι</span> <span class='ocrx_word' id='word_1_376' title='bbox 1936 5979 1952 6034; x_wconf 81' lang='grc'><strong>9</strong></span> 
     </span>
    </p>
   </div>
   <div class='ocr_carea' id='block_1_17' title="bbox 0 0 2722 7092">
    <p class='ocr_par' dir='ltr' id='par_1_17' title="bbox 0 0 2722 7092">
     <span class='ocr_line' id='line_1_34' title="bbox 0 0 2722 7092; baseline 0 0"><span class='ocrx_word' id='word_1_377' title='bbox 0 0 2722 7092; x_wconf 95' lang='lat' dir='ltr'> </span> 
     </span>
    </p>
   </div>
  </div>
 </body>
</html>
