5414 7098
1033 573 1443 652 olrlolllrluus

1102 983 1356 1066 DCCXII.

1094 1245 1149 1321 A.
1177 1243 1227 1320 D.
1257 1243 1378 1322 1018.

350 1485 386 1626 †
410 1539 450 1606 ln
474 1537 615 1604 nomine
638 1535 771 1604 domini
796 1536 977 1606 tricesimo
1000 1554 1095 1606 anno
1117 1535 1343 1623 principatus
1366 1533 1486 1602 domni
1509 1533 1623 1602 nostri
1646 1533 1844 1620 guaimari,
1869 1534 1905 1600 θῖ
1922 1533 2037 1620 primo
2054 1531 2159 1618 prin-

304 1691 444 1774 cipatus
466 1687 586 1756 domni
598 1687 793 1774 guaimarii
807 1688 884 1755 eius
899 1687 987 1774 filio,
1004 1686 1150 1774 gloriosi
1166 1654 1401 1772 principium,
1415 1703 1534 1754 mense
1551 1687 1756 1770 nobember,
1770 1682 1925 1750 secunda
1942 1681 2151 1750 indictione.

306 1841 457 1928 Ideoque
480 1859 546 1928 ego
571 1841 624 1909 leo
647 1839 854 1909 atrianense
877 1838 972 1906 filius
995 1839 1172 1925 quondam
1194 1837 1288 1924 sergi
1314 1838 1583 1924 boccapiczola,
1608 1837 1700 1904 sicut
1725 1836 1812 1903 mihi
1843 1853 2041 1922 congruum
2065 1840 2122 1903 est
2146 1883 2157 1922 ,

308 1998 400 2065 bona
416 2015 496 2064 mea
511 1993 705 2062 bolumtate
721 2013 784 2080 per
800 1995 893 2062 hane
908 1993 1085 2062 cartulam
1109 1988 1320 2060 benumdedi
1335 1989 1451 2076 adque
1467 1989 1513 2056 ad
1528 2007 1667 2074 semper
1690 1987 1869 2056 abendum
1891 1989 2061 2056 confirmo
2087 1989 2159 2056 tibi

314 2151 462 2220 mulieri
487 2151 632 2218 nomine
649 2150 775 2217 monde
791 2155 966 2236 congnate
980 2167 1070 2236 mee,
1086 2145 1161 2215 fllia
1177 2145 1356 2232 quondam
1372 2145 1452 2232 feri,
1469 2144 1530 2231 qui
1546 2146 1594 2212 sit
1611 2163 1701 2212 uxor
1717 2144 1866 2211 iohanni
1882 2161 2055 2230 germano
2069 2161 2161 2228 meo,

309 2303 437 2372 inclita
459 2302 653 2371 sortionem
676 2323 792 2372 meam
826 2303 869 2371 de
903 2301 1018 2370 omnis
1051 2303 1156 2370 rebus
1180 2319 1259 2369 mea
1293 2319 1398 2387 quern
1423 2304 1511 2369 abeo
1546 2300 1586 2366 in
1621 2301 1735 2368 locum
1770 2299 1991 2384 trasboneia‚
2018 2300 2080 2368 ubi
2116 2301 2163 2370 ad

311 2455 457 2524 maiano
481 2455 628 2542 dicitur,
652 2457 784 2522 finibus
806 2453 1074 2540 mitilianense,
1098 2454 1140 2521 de
1164 2460 1338 2540 quantum
1363 2458 1568 2540 quantoque
1592 2455 1635 2520 de
1661 2455 1738 2540 ipsa
1766 2455 1871 2521 rebus
1894 2453 1981 2520 mihi
2006 2455 2060 2521 est
2084 2471 2163 2540 per-

309 2609 468 2676 tinentes
492 2627 554 2694 per
578 2608 832 2694 successione,
856 2609 948 2676 sicut
972 2607 1160 2692 diximuS,
1191 2605 1355 2674 inclitam
1387 2605 1502 2690 ipsam
1530 2622 1646 2671 meam
1669 2603 1862 2672 sortionem
1885 2603 1951 2672 tibi
1975 2605 2162 2674 nominate

313 2760 441 2828 monde
465 2765 642 2848 congnate
665 2779 757 2846 mee,
781 2763 922 2828 astante
947 2761 1023 2844 ipso
1046 2759 1220 2826 iohannes
1243 2776 1415 2844 germano
1438 2777 1515 2826 meo
1531 2761 1567 2824 et
1589 2755 1747 2842 predicto
1763 2756 1839 2822 viro
1855 2761 1929 2843 tuo,
1945 2763 1982 2826 et
1997 2775 2061 2844 per
2085 2758 2163 2828 eius

311 2912 505 2982 bolumtate
528 2913 739 2981 benumdedi
764 2931 844 2980 cum
868 2911 1062 2979 sortionem
1086 2929 1202 2979 meam
1225 2912 1268 2979 de
1291 2911 1408 2978 omnis
1431 2909 1611 2978 monimen
1647 2911 1730 2978 inde
1764 2911 1988 2979 continentes
2023 2911 2085 2998 qui
2110 2917 2164 2980 est

311 3069 416 3136 rebus
440 3068 520 3154 ipsa
542 3085 623 3136 cum
646 3065 832 3133 insitetum
854 3067 891 3132 et
914 3069 1013 3133 terra
1038 3065 1162 3140 besua,
1188 3083 1268 3132 cum
1291 3064 1411 3133 omnia
1434 3062 1531 3130 intro
1552 3081 1590 3132 se
1616 3063 1806 3132 abentibus
1829 3070 1865 3132 et
1880 3066 1956 3133 suis
1978 3066 2161 3152 pertinen·

310 3225 388 3311 tiis,
411 3228 447 3293 et
470 3242 551 3290 cum
575 3222 652 3290 bice
675 3222 718 3290 de
743 3221 812 3288 biis
836 3221 923 3298 suis
948 3227 1088 3290 etcum
1112 3221 1191 3308 ipsa
1215 3221 1408 3289 sortionem
1432 3241 1548 3290 meam
1571 3222 1613 3291 de
1635 3223 1752 3290 omnis
1776 3225 1958 3292 monimen
1975 3223 2059 3293 inde
2082 3244 2164 3312 per·

311 3377 479 3446 timentes.
506 3376 604 3444 Unde
627 3376 669 3443 de
693 3373 820 3442 inolita
844 3375 959 3460 ipsam
982 3394 1095 3444 meam
1120 3375 1313 3443 sortionern
1347 3376 1389 3444 de
1424 3379 1504 3463 ipsa
1537 3379 1644 3444 rebus
1678 3376 1816 3446 nullam
1840 3378 1945 3466 mihi,
1970 3381 2024 3446 vel
2054 3382 2161 3452 uxori

310 3551 401 3619 mee,
425 3536 489 3601 aut
511 3531 644 3618 cuiqua
667 3527 866 3612 ominibus,
890 3526 944 3592 vel
968 3527 1007 3594 in
1030 3527 1157 3614 quavis
1179 3528 1362 3618 partitur,
1386 3533 1516 3600 exinde
1540 3531 1675 3600 restitit
1699 3537 1763 3600 aut
1791 3531 1944 3602 dicimus
1968 3553 2160 3604 remanere

313 3686 523 3754 sortionem.
549 3685 636 3770 Set,
660 3681 753 3748 sicut
776 3681 962 3767 diximus,
987 3680 1148 3756 funditus
1180 3682 1260 3750 illut
1283 3685 1351 3752 tibi
1373 3685 1556 3752 nominate
1587 3685 1766 3772 congnate
1793 3702 1870 3752 mee
1903 3686 2161 3775 benumdedit,

310 3841 537 3924 sceptuatum
551 3835 743 3922 sortionem
756 3852 885 3922 meam,
895 3852 998 3920 quem
1011 3836 1099 3903 abeo
1113 3835 1151 3900 in
1165 3837 1262 3902 terra
1274 3853 1355 3902 cum
1366 3837 1602 3906 c-astanietum
1615 3857 1732 3906 meum
1747 3834 1810 3922 qui
1824 3837 1878 3902 est
1893 3837 2021 3925 inipso
2038 3841 2159 3906 monte

307 3991 370 4077 qui
392 3989 524 4058 dicitur
547 3988 742 4075 catarisuo,
765 3988 858 4074 quod
882 3988 928 4056 ad
950 4005 1066 4055 meam
1090 3990 1233 4056 reserlro
1255 3992 1479 4074 potestatem:
1506 3991 1568 4060 illo
1593 3992 1687 4060 aliut
1713 3992 1968 4061 totuminclita
1984 3994 2065 4079 ipsa
2083 4009 2159 4059 sor-

310 4147 406 4214 tione
429 4164 509 4214 mea
531 4139 595 4212 tibi
618 4145 801 4212 nominate
825 4143 952 4210 monde
975 4146 1150 4230 congnate
1174 4161 1251 4210 mee
1274 4143 1517 4232 benumdedit,
1543 4146 1589 4214 ad
1612 4145 1785 4214 securiter
1799 4150 1836 4216 et
1860 4146 2012 4214 firmiter
2035 4145 2160 4216 amodo

310 4304 346 4368 et
368 4317 506 4386 semper
530 4303 571 4366 tu
593 4299 780 4368 nominata
802 4299 982 4385 congnata
1006 4315 1085 4365 mea
1107 4301 1144 4364 et
1167 4296 1238 4364 tuis
1260 4296 1425 4364 eredibus
1449 4297 1530 4364 illut
1554 4298 1746 4386 abendam,
1769 4299 2026 4370 dominandum
2048 4349 2058 4387 ,
2082 4318 2161 4389 pos-

310 4452 510 4540 sidendum,
534 4451 654 4521 omnia
669 4450 753 4518 inde
767 4450 970 4518 faciendum
990 4449 1081 4536 quod
1096 4449 1293 4531 nolueritis,
1312 4452 1444 4537 absque
1460 4453 1557 4520 omni
1574 4472 1653 4522 mea
1668 4459 1704 4522 et
1719 4453 1762 4524 de
1778 4455 1866 4523 meis
1883 4455 2071 4542 eredibus,
2098 4461 2163 4526 aut

310 4606 443 4692 cuiqua
466 4603 646 4672 ominibus
670 4603 925 4672 contrarietate
951 4602 1004 4671 vel
1029 4601 1278 4688 requisitione.
1304 4603 1402 4670 Unde
1426 4621 1489 4690 pro
1513 4605 1791 4674 confirmandam
1815 4611 1850 4674 θῖ
1867 4605 2159 4678 stabiliscendam

311 4780 382 4833 ano
405 4781 486 4830 mea
510 4761 729 4830 bindictione
753 4777 850 4828 nunc
874 4779 897 4828 a
920 4757 1097 4845 presentis
1120 4761 1238 4846 recepi
1262 4780 1284 4828 a
1307 4766 1343 4829 te
1367 4762 1552 4830 nominata
1575 4768 1757 4851 congnata
1782 4784 1861 4834 mea
1884 4769 2059 4834 statutum
2079 4785 2161 4852 pre·

309 4915 413 5000 tium,
439 4915 451 4981 i
473 4917 558 4981 sunt
581 4914 663 4981 auri
688 4913 789 4980 solidi
814 4913 857 4981 de
881 4912 952 4980 tari
977 4915 1111 4999 septem
1126 4929 1196 4980 ana
1212 4913 1390 4998 quadtuor
1413 4913 1494 4981 auri
1517 4913 1590 4984 tari
1611 4913 1694 4980 boni
1711 4884 1773 5000 per
1789 4915 1931 5000 solidos,
1949 4915 2044 4986 sicut
2060 4919 2160 4987 inter

308 5085 372 5137 nos
395 5067 572 5137 combenit
595 5069 633 5134 in
657 5069 772 5135 omnis
795 5067 1075 5152 deliberatione,
1107 5068 1277 5152 finitoque
1300 5083 1384 5133 vero
1407 5065 1560 5152 pretium
1584 5065 1702 5154 ipsum
1725 5073 1813 5156 aput
1837 5065 1913 5137 nes.
1940 5072 1992 5139 Ea
2016 5074 2160 5142 ratione

308 5244 372 5313 per
396 5227 490 5294 bona
513 5223 771 5291 combenientia
794 5221 929 5309 guadia
951 5222 1017 5290 tibi
1030 5223 1223 5290 nominate
1247 5196 1424 5307 congnate
1448 5237 1524 5289 mee
1547 5221 1707 5308 dedit,et
1726 5223 1959 5292 mediatorem
1972 5225 2037 5293 tibi
2056 5227 2161 5312 posui

311 5398 368 5448 me
393 5377 524 5464 ipsum3
549 5381 585 5444 et
607 5395 671 5463 per
693 5375 772 5462 ipsa
794 5375 929 5462 guadia
944 5379 1007 5443 etc.
1026 5375 1195 5458 Sequitur
1209 5376 1381 5460 formula,
1406 5378 1546 5444 statuto
1561 5380 1695 5447 mulcta
1717 5381 1850 5465 viginti
1865 5382 1951 5448 ouri
1966 5381 2162 5450 solidorum

310 5532 697 5599 constantinianam.
724 5529 767 5595 Et
791 5499 895 5613 puale
918 5531 1074 5612 tempore
1097 5532 1136 5593 tu
1159 5530 1196 5594 et
1218 5525 1289 5594 tuis
1313 5529 1478 5597 eredibus
1501 5549 1563 5618 per
1581 5531 1723 5619 vosipsi
1749 5533 1933 5600 bolueritis
1957 5533 2040 5602 inde
2065 5537 2163 5602 esset

307 5687 477 5755 auctores
500 5685 537 5752 et
559 5681 774 5767 defensores,
798 5681 876 5748 bice
899 5681 1022 5748 nostra
1045 5679 1235 5749 licentiam
1259 5687 1295 5750 et
1319 5687 1530 5769 potestatem
1553 5684 1689 5754 abeatis
1714 5685 1753 5754 in
1778 5685 1942 5755 omnibus
1965 5687 2051 5757 inde
2081 5706 2166 5758 cau-

310 5853 394 5906 sare
418 5840 455 5905 et
480 5837 586 5904 tinem
610 5835 739 5910 facere,
766 5831 859 5900 sicut
882 5831 1011 5919 bultis,
1035 5851 1116 5902 oum
1138 5834 1243 5920 quale
1267 5836 1442 5904 rationem
1467 5835 1550 5904 inde
1573 5837 1776 5923 abueritis3
1801 5857 1887 5909 nam
1907 5842 2085 5926 ,quando
2108 5861 2166 5913 me
