5466 7106
1072 535 1480 633 0111011111001
2084 541 2148 618 111

346 779 411 852 per
434 764 571 850 ponant
594 767 631 832 11
652 763 784 834 abeant
807 763 935 836 canale
959 761 999 831 in
1023 762 1101 852 ipsa
1124 769 1225 852 parta
1248 765 1457 855 occidentis,
1482 767 1544 836 ubi
1567 767 1774 838 discurrant
1797 786 1893 856 aqua
1917 769 1995 856 ipsa
2019 767 2117 838 iusta
2143 784 2201 838 11-

351 915 467 1002 tione,
481 913 645 986 canalem
668 913 786 1003 ipsum
809 933 916 1003 super
939 917 1015 1002 ipso
1037 915 1202 986 anditum
1225 919 1263 986 in
1278 918 1389 988 altum
1407 919 1560 1006 positum
1576 925 1612 990 at
1626 939 1689 1008 per
1708 920 1892 1008 longitudo
1907 919 2069 990 canalem
2086 919 2202 1008 ipsum

353 1085 467 1155 nsque
492 1066 538 1137 ad
564 1067 765 1156 pradictum
788 1069 951 1139 anditum
974 1057 1043 1156 qui¹
1059 1075 1113 1140 ast
1136 1091 1159 1141 a
1179 1075 1282 1160 parte
1305 1073 1578 1162 septemtrionis,
1602 1073 1739 1162 etipsa
1762 1094 1858 1164 aqua
1879 1093 2018 1164 semper
2040 1074 2205 1146 occidant

353 1217 394 1286 in
419 1218 495 1305 ipso
518 1217 682 1286 anditum
706 1238 729 1288 a
752 1223 854 1306 parte
876 1222 1163 1307 septemtrionis:
1185 1225 1266 1293 tota
1288 1224 1495 1311 supradicta
1519 1225 1703 1295 mensurio
1726 1229 1935 1294 mensurata
1950 1225 2019 1296 snit
2034 1223 2081 1296 ad
2096 1224 2205 1296 talem

354 1371 481 1458 padam
505 1387 652 1442 manum
676 1371 801 1460 omini,
817 1377 992 1460 quantum
1015 1377 1158 1444 brebem
1182 1373 1292 1444 istum
1308 1373 1477 1463 incapite
1500 1374 1596 1445 latus
1619 1393 1656 1444 as
1679 1375 1802 1462 padam
1826 1397 1939 1446 unum
1955 1375 1993 1461 ¹).
2018 1375 2116 1448 Unde
2140 1393 2206 1464 ago

356 1523 562 1624 iamdictus·
576 1527 699 1610 petrus
721 1525 822 1612 prius
845 1527 1070 1614 conpreensit
1093 1527 1172 1614 ipsa
1195 1527 1348 1598 sortione
1365 1529 1545 1616 mediana,
1562 1525 1717 1616 qualiter
1732 1530 1899 1618 superius
1914 1528 2014 1598 illam
2032 1529 2206 1598 recitasse

358 1695 432 1748 una
456 1683 572 1766 sorta,
596 1683 632 1747 et
656 1677 734 1766 ipsa
756 1681 860 1750 auria
885 1697 958 1750 una
981 1700 1063 1752 cum
1086 1683 1162 1768 ipso
1186 1679 1429 1753 advocatorem
1454 1703 1557 1752 suum
1581 1685 1806 1774 conpreensit
1839 1683 1919 1770 ipsa
1942 1687 2035 1751 sorte
2059 1685 2207 1768 aparte

357 1830 640 1919 septemtrionis,
664 1831 820 1919 qualiter
844 1835 1007 1922 superius
1030 1834 1126 1904 dicta
1150 1835 1406 1922 ostermarus
1430 1833 1585 1922 iaqulnti
1609 1834 1731 1904 clerici
1755 1835 1929 1904 remansit
1953 1834 2031 1922 ipsa
2053 1837 2146 1903 sorte
2161 1833 2208 1903 da

353 1983 522 2071 meridia,
547 1985 705 2072 qualiter
727 1987 891 2072 superius
914 1986 1011 2055 dicta
1033 1991 1112 2076 ast,
1137 1991 1173 2056 11
1196 1987 1350 2075 qualiter
1373 1989 1480 2056 sortis
1503 1987 1578 2075 ipse
1602 1987 1919 2076 conpreensimusj,
1946 1987 1998 2055 sic
2021 2005 2104 2072 pars
2126 2003 2209 2074 par·

352 2136 446 2207 tium
469 2138 552 2210 illas
576 2158 639 2228 per
662 2146 781 2228 partes
805 2138 900 2208 inter
923 2157 989 2208 nos
1012 2140 1241 2228 tradidimus,
1266 2161 1346 2210 curn
1370 2142 1490 2210 omnia
1515 2141 1612 2210 intro
1635 2159 1672 2209 se
1696 2141 1885 2210 abentibus
1908 2143 1944 2209 et
1967 2139 2131 2208 omnibus
2162 2138 2209 2208 ad

224 2349 227 2355 .
354 2311 393 2362 se
417 2291 663 2382 pertinentiis,
687 2297 721 2361 et
744 2311 826 2362 cum
850 2291 927 2362 vice
951 2292 993 2360 de
1018 2291 1097 2380 ipsa
1121 2291 1259 2380 andita,
1283 2294 1329 2362 ad
1353 2293 1526 2364 securiter
1549 2299 1585 2362 at
1607 2293 1759 2362 firmiter
1775 2293 1933 2362 amodoe
1965 2311 2106 2380 semper
2123 2309 2209 2380 pars

1936 2297 1950 2360 1

363 2446 521 2534 partium
545 2464 610 2514 nos
632 2453 668 2516 11
691 2450 824 2517 nostris
846 2449 1011 2518 aradibus
1035 2447 1117 2517 illut
1139 2447 1330 2535 abendum,
1347 2447 1615 2535 dominandum,
1633 2445 1896 2535 possidendum,
1913 2451 1949 2514 11
1965 2445 2210 2534 unusquisque

354 2601 400 2672 de
424 2619 489 2672 sua
514 2605 608 2668 sorta
631 2603 835 2672 laciendum
858 2601 989 2670 exinde
1013 2601 1135 2670 omnia
1157 2601 1250 2688 quod
1274 2599 1438 2668 voluerit.
1465 2602 1636 2687 Tatnum,
1661 2601 1689 2667 si
1716 2600 1758 2667 de
1782 2599 1856 2686 ipsa
1879 2599 1986 2666 sortis
2009 2619 2072 2686 per
2096 2599 2210 2687 legem

358 2757 632 2846 perdiderimus,
657 2773 749 2824 unus
771 2755 924 2826 altarum
948 2753 1030 2823 inda
1054 2755 1236 2823 internos
1260 2757 1667 2841 restauramus3tautum
1683 2771 1748 2840 ago
1764 2751 1951 2821 iamdictus
1975 2755 2099 2839 petrus
2114 2756 2212 2838 pote-

357 2915 496 3024 statem,
513 2915 640 2981 abeam
662 2911 787 2980 1011111
810 2911 852 2979 da
877 2911 951 2998 ipso
975 2911 1204 2978 mineaneum
1229 2907 1291 2996 qui
1314 2911 1368 2975 est
1391 2927 1413 2976 a
1437 2926 1521 2994 pars
1545 2903 1823 2993 septemtrionis,
1848 2905 1926 2992 ipsa
1949 2905 2048 2974 scala
2076 2911 2112 2974 et
2135 2904 2212 2992 ipsa

357 3066 476 3135 tabola
510 3065 553 3134 de
588 3066 664 3153 ipso
693 3065 913 3134 mineanum.
942 3063 1041 3132 Unda
1074 3060 1113 3128 in
1136 3078 1177 3130 eo
1200 3059 1349 3130 hordine
1374 3078 1436 3147 par
1459 3077 1552 3128 vona
1575 3057 1837 3126 combanientia
1860 3057 1995 3145 guadia
2022 3056 2112 3126 mihi
2137 3057 2212 3145 ipso

362 3218 547 3307 iaquintus
570 3218 722 3290 clericus
745 3223 780 3288 at
806 3219 884 3307 ipsa
907 3219 1012 3288 auria
1034 3233 1108 3285 una
1131 3235 1212 3283 cum
1235 3213 1394 3300 predicto
1417 3231 1521 3280 suum
1544 3209 1793 3280 advocatorem
1817 3211 2004 3298 dederunt,
2021 3216 2056 3282 11
2079 3213 2212 3282 madia·

358 3379 474 3446 torem
501 3375 592 3442 mihi
617 3377 810 3462 posuerunt
833 3371 928 3442 maio
951 3373 1127 3458 congnato
1149 3385 1249 3437 meus
1271 3366 1366 3434 filius
1389 3367 1563 3452 quondam
1586 3367 1694 3453 patri,
1717 3370 1753 3433 at
1776 3366 1850 3452 ipsa
1872 3369 1996 3452 patrus
2020 3366 2088 3434 luit
2111 3365 2209 3434 filius

355 3531 489 3600 sallicti
512 3528 660 3616 clerici3
686 3533 721 3597 11
744 3546 807 3615 per
831 3526 908 3614 ipsa
930 3522 1065 3612 guadia
1088 3540 1152 3610 par
1175 3525 1295 3608 partas
1317 3518 1570 3606 obligaverunt.
1592 3537 1630 3586 se
1653 3521 1689 3586 at
1713 3517 1787 3585 suis
1810 3518 1976 3586 aradibus
1999 3519 2095 3587 omni
2119 3523 2211 3588 tam·

359 3704 446 3774 pore
468 3681 753 3772 permanendum
777 3680 817 3746 in
840 3675 1084 3765 suprascripta
1106 3673 1308 3759 divisione,
1332 3675 1368 3739 11
1390 3689 1453 3758 per
1477 3670 1587 3738 nullis
1610 3670 1722 3738 modis
1745 3675 1899 3756 querant
1921 3669 2002 3740 illas
2028 3689 2211 3742 removere

360 3842 428 3912 aut
452 3841 648 3922 contrara;
672 3837 707 3902 at
730 3834 760 3900 si
784 3831 907 3901 taliter
932 3799 970 3895 in
993 3828 1238 3914 suprascripta
1261 3824 1433 3893 divisione
1456 3824 1554 3892 omni
1577 3830 1733 3911 tempora
1757 3826 1907 3894 firmiter
1931 3824 2003 3894 illis
2019 3830 2054 3896 et
2070 3825 2214 3894 illorum

356 3991 527 4063 aradibus
550 4007 622 4059 non
645 3983 908 4076 permanserint
931 3986 968 4052 11
990 3982 1033 4052 da
1057 3981 1303 4068 suprascripta
1324 3979 1461 4067 aliquid
1485 3978 1798 4066 contradixerint,
1832 3984 1895 4050 aut
1918 3981 1949 4048 si
1973 3997 2078 4067 super
2102 3979 2210 4048 sortis
2271 3967 2274 3976 ’

359 4151 437 4239 ipse
453 4147 547 4217 malo
561 4144 712 4214 hordine
730 4144 804 4230 ipsa
820 4137 1053 4229 prasunserit‚
1078 4135 1133 4206 vel
1150 4155 1329 4207 removere
1353 4137 1552 4226 quesierint
1574 4138 1638 4210 1111
1660 4157 1743 4227 pars
1765 4138 1827 4225 qui
1843 4135 1975 4206 ibidem
1999 4153 2213 4224 parmanere

358 4304 558 4391 noluerint,
581 4317 789 4388 componere
812 4297 1064 4385 obligaverunt
1087 4311 1125 4361 se
1148 4295 1184 4362 at
1206 4292 1281 4360 suis
1303 4293 1388 4362 filiis
1411 4297 1447 4363 et
1468 4294 1633 4364 aradibus
1649 4293 1739 4361 mihi
1754 4292 1894 4379 meique
1919 4290 2085 4359 aradibus
2104 4290 2213 4377 quin·

357 4461 535 4549 quaginta
551 4457 633 4528 auri
649 4453 778 4524 solidos
800 4451 1044 4521 constantinos
1059 4453 1095 4517 et
1109 4449 1148 4516 in
1162 4446 1405 4535 suprascripta
1427 4446 1600 4515 divisione
1616 4445 1712 4514 omni
1730 4449 1886 4532 tempore
1903 4443 2055 4512 firmiter
2071 4461 2215 4532 parma-

359 4629 508 4683 neamus
524 4627 589 4678 nos
603 4612 640 4678 11
655 4607 786 4676 nostris
801 4604 976 4691 aradibus,
1000 4605 1037 4671 11
1052 4604 1148 4670 hunc
1171 4601 1313 4668 brebem
1329 4597 1455 4684 scripsi
1479 4616 1545 4684 ago
1568 4593 1728 4664 ademari
1753 4595 1915 4664 notarius
1938 4595 2002 4682 qui
2026 4593 2213 4664 interluit.

407 4740 439 4858 †
464 4769 539 4858 Ego
565 4766 625 4855 qui
650 4783 759 4851 supra
780 4757 1066 4850 regemprandus
1090 4755 1200 4826 iudex

408 4892 438 5010 †
465 4925 540 5010 Ego
564 4921 738 4989 iohannes
761 4915 925 4985 notarius
948 4931 1003 4982 ma
1027 4907 1222 4996 subscripsi

408 5046 439 5164 †
465 5077 539 5164 Ego
562 5071 726 5162 superius
750 5069 909 5141 ademari
935 5066 1113 5135 notarius.

406 5513 429 5593 ¹)
450 5513 606 5576 Mensura
628 5511 729 5572 huius
753 5508 886 5572 chartae
912 5507 1039 5566 constat
1062 5500 1199 5578 triginta
1222 5501 1256 5558 at
1277 5493 1423 5575 quinque
1447 5491 1668 5554 centimetris.

1098 5772 1548 5790 -n—-m-——a-
