5370 7104
968 651 1084 721 aaut
1110 649 1166 721 DE
1194 651 1473 726 TEMPORIBUS
2045 654 2090 724 89

345 873 429 948 role:
458 875 548 944 solus
574 874 655 944 deris
681 879 735 968 qui
761 877 919 944 rirriocrsc
945 877 1070 943 creavit
1090 883 1198 968 potest
1222 879 1334 946 omnio
1358 899 1467 947 cossa.
1498 876 1654 948 Notiamo
1683 901 1741 971 per
1768 901 1836 948 non
1857 899 2016 946 mancare
2036 877 2067 946 al
2085 898 2148 946 no·

300 1100 751 1112 m

297 1236 314 1276 c
338 1215 459 1294 perche
484 1217 511 1273 si
537 1217 633 1275 abbia
657 1218 688 1275 in
712 1220 821 1294 giusta
843 1187 1110 1280 considerazione
1138 1221 1160 1279 il
1186 1221 1333 1282 lodevole
1357 1222 1539 1302 (laudabili)
1562 1227 1672 1282 nostro
1696 1221 1842 1292 Codice,
1868 1223 1929 1282 che
1960 1221 2000 1281 da
2032 1226 2149 1299 questo

297 1364 411 1441 saggio
436 1364 607 1443 apparisce
632 1363 663 1424 di
689 1383 782 1426 esser
805 1367 920 1426 scritto
944 1368 971 1425 si
995 1331 1264 1440 correttamente,
1283 1368 1344 1428 che
1362 1386 1488 1448 appcna
1510 1365 1651 1444 qualche
1674 1367 1772 1444 luogo
1793 1366 1875 1426 v’ha
1898 1365 2092 1426 meritevole
2116 1364 2148 1424 di

297 1509 546 1572 emendacione.

339 1678 354 1712 u
380 1655 517 1716 Cavensi
543 1658 605 1718 PP.
632 1656 929 1717 Benedictinorum
944 1657 1033 1716 haud
1047 1657 1161 1736 procul
1185 1657 1267 1718 urhe
1291 1657 1430 1718 Salerno
1453 1655 1694 1716 monasterium
1709 1656 1760 1714 vir
1777 1652 1819 1715 cl.
1836 1652 1906 1712 Ioh.
1924 1649 2148 1722 Mobillonius,

298 1825 313 1859 a
340 1801 489 1878 ejusdem
513 1801 638 1862 ordinis
661 1803 852 1874 Monachus
878 1803 912 1861 in
935 1821 1000 1865 suov
1019 1804 1139 1863 itinere
1159 1803 1270 1864 italico
1286 1824 1318 1883 p.
1336 1804 1484 1866 116-118.
1503 1804 1649 1864 breviter
1665 1800 1799 1880 quidem
1817 1799 1874 1860 scd
1891 1817 1956 1858 non
1972 1797 2150 1876 injucunde

298 1969 313 2004 c
338 1948 527 2028 descripsit.
552 1949 635 2009 Exin
659 1956 764 2010 aetate
789 1955 899 2010 nostra
922 1950 1037 2011 doctus
1061 1950 1146 2010 alius
1168 1953 1220 2010 vir
1242 1950 1355 2026 gallus.
1373 1957 1588 2027 cognomento
1610 1949 1760 2009 Ronanus
1785 1945 1977 2007 monasterii
2001 1945 2152 2024 ejusdem

298 2120 313 2150 u
339 2096 580 2158 Bibliothecam
604 2097 780 2175 prolixiore
804 2099 1040 2158 commentario
1062 2097 1225 2157 lustravit.
1250 2069 1318 2175 ligo
1341 2115 1425 2156 anno
1446 2093 1725 2155 Mocccuxvl.
1751 2092 1901 2152 adhunc
1938 2091 2046 2152 locum
2070 2089 2152 2149 insi-

300 2265 314 2299 «
340 2260 437 2318 gnem
460 2243 542 2302 sorte
566 2261 773 2322 progressae,
791 2249 824 2303 et
840 2243 1078 2322 humanitatem
1096 2224 1280 2304 incolarum
1296 2243 1530 2304 monachorum
1547 2246 1703 2320 expertus
1718 2238 1907 2320 plurimam,
1926 2238 2039 2316 ibique
2057 2237 2153 2298 brevi

300 2410 314 2443 c
340 2386 407 2446 diei
430 2397 535 2465 parte,
562 2395 717 2457 moratus,
743 2386 826 2446 nihil
851 2386 939 2446 aliud
965 2389 1069 2447 terme
1093 2386 1239 2446 videram
1262 2405 1359 2466 quam
1382 2386 1560 2465 diplomata
1583 2386 1719 2462 aliquot,
1738 2394 1771 2445 et
1787 2383 2031 2444 nobilissimum
2048 2388 2146 2462 atque

300 2557 315 2587 a
341 2532 607 2610 antiquissimum
631 2512 810 2592 bibliorum
835 2531 995 2603 codicem,
1021 2534 1115 2610 cujus
1138 2531 1259 2591 deinde
1284 2533 1516 2612 apographum,
1542 2531 1692 2608 obsequii
1716 2532 1822 2608 gratia
1848 2547 1925 2606 erga
1955 2529 2149 2590 Pontificem

302 2699 316 2732 a
342 2678 517 2736 maximum
541 2678 684 2736 Leonem
707 2676 776 2746 Xll,
801 2679 856 2753 qui
880 2695 931 2736 me
955 2675 1115 2736 suadente
1140 2676 1173 2736 id
1196 2683 1375 2756 optaverat,
1399 2677 1701 2738 reverendissimus
1725 2676 1917 2736 monasterii
1939 2675 2061 2746 Abbas,
2080 2693 2154 2735 cum

302 2845 315 2878 n
341 2824 409 2884 RR.
435 2824 670 2884 monachorum
693 2825 844 2897 consilio,
870 2832 1023 2884 accurate
1047 2824 1176 2892 confici,
1203 2831 1300 2902 atque
1325 2822 1364 2883 ad
1385 2825 1576 2886 Vaticanum
1599 2821 1837 2884 bibliothecam
1862 2823 1948 2881 mitti
1972 2823 2152 2884 curavit...

303 2991 318 3024 0
342 2970 465 3028 Iterum
491 2987 550 3045 ego
574 2971 745 3048 superiore
770 2989 854 3029 anno
875 2969 1135 3032 Mucccuxx.
1162 2969 1200 3029 ad
1217 2971 1363 3031 Cavense
1382 2973 1617 3032 monasterium
1635 2988 1801 3044 reversus;
1818 2970 1849 3028 vi
1866 2969 1999 3048 pluviae
2016 2971 2157 3030 maxima

303 3137 317 3170 «
345 3115 469 3176 ibidem
492 3115 596 3174 solida
620 3115 673 3175 die
697 3115 881 3176 subsistere
907 3123 1038 3177 coactus
1054 3133 1138 3175 sum:
1164 3123 1260 3194 atque
1286 3119 1419 3179 interim
1444 3091 1485 3179 ne
1510 3113 1543 3177 in
1560 3125 1623 3178 tam
1641 3118 1812 3177 fructuoso
1829 3115 1910 3185 loco,
1932 3114 2059 3193 inspexi
2076 3131 2156 3192 prae

304 3283 318 3316 0
346 3262 468 3322 ceteris
504 3261 650 3322 codicem
682 3261 882 3339 quemdam,
917 3261 1039 3322 litteris
1073 3262 1316 3339 langobardicis
1339 3262 1435 3343 paulo
1458 3269 1531 3342 post
1552 3263 1692 3323 saec.X
1727 3267 1922 3332 exaratum,
1953 3262 2008 3339 qui
2041 3263 2159 3323 inscri-

304 3430 319 3464 0
344 3407 435 3466 bitur
458 3406 548 3466 Beda
570 3408 609 3467 de
635 3407 853 3482 Temporibus
880 3407 1093 3484 continetque
1118 3408 1255 3488 insuper
1278 3409 1437 3488 prolixam
1461 3411 1585 3470 seriem
1609 3409 1874 3469 testimoniorum
1892 3427 1932 3468 ex
1948 3408 2089 3468 diversis
2105 3425 2160 3486 pa-

306 3575 321 3609 «
346 3553 453 3613 tribus
479 3555 617 3612 tortasse
641 3552 854 3623 ineditorum;
880 3553 914 3612 in
938 3553 1009 3630 ejus
1033 3560 1141 3612 autem
1158 3555 1248 3616 calce
1274 3560 1447 3616 tractatum
1465 3553 1638 3632 quemdam
1654 3554 1912 3634 geographicum
1929 3552 2156 3623 observabam,

304 3721 319 3755 «
346 3699 441 3776 cujus
465 3704 516 3758 est
538 3698 681 3758 titulus:
709 3699 834 3774 Incipit
855 3699 936 3758 liber
956 3697 1103 3759 iunioris
1126 3699 1318 3776 Philosophi
1341 3702 1378 3758 irc
1401 3717 1463 3778 quo
1487 3701 1671 3760 continetur
1693 3699 1790 3758 totius
1821 3697 1939 3758 mundi
1972 3699 2157 3775 descriptio.

305 3869 320 3902 c
347 3847 447 3906 Porro
471 3844 504 3906 id
527 3845 688 3924 scriptum
710 3845 788 3922 quia
810 3845 915 3904 bonae
939 3845 1045 3920 frugis
1061 3845 1198 3905 minime
1216 3863 1347 3924 expers,
1365 3845 1511 3922 satisque
1529 3845 1713 3922 antiquum,
1731 3853 1764 3904 et
1780 3863 1914 3904 romano
1930 3843 2035 3902 adhuc
2052 3849 2159 3904 stante

305 4013 319 4046 a
346 3991 431 4072 apud
455 3989 679 4053 occidentales
704 3989 842 4068 imperio
865 3989 1081 4067 compositum
1096 3989 1262 4061 videbam,
1279 3993 1428 4070 protinus
1446 3991 1485 4050 ad
1502 3990 1741 4084 excribendum
1758 3991 1907 4060 incubui,
1926 3998 1991 4049 tam
2008 3989 2158 4068 impense

305 4161 318 4194 a
344 4137 426 4198 mihi
451 4137 579 4197 favente
603 4137 741 4198 archivii
767 4135 937 4208 Praeside,
955 4141 990 4196 ut
1006 4134 1155 4198 codicem
1170 4136 1210 4195 ad
1225 4136 1388 4217 hospitale
1406 4154 1515 4198 meum
1532 4137 1723 4199 cubiculum
1740 4137 1948 4196 festinandae
1965 4135 2159 4214 scriptionis

307 4303 321 4338 a
347 4299 446 4340 causa
468 4279 771 4372 deferrivoluerit:
795 4279 879 4357 quod
903 4297 963 4354 ego
986 4279 1185 4340 beneficium
1210 4280 1297 4340 haud
1320 4280 1476 4359 equidem
1493 4281 1631 4342 minoris
1647 4282 1725 4354 leci,
1743 4301 1840 4360 quam
1856 4279 1964 4341 hilare
1981 4279 2158 4359 prandium

305 4449 320 4484 c
346 4445 539 4505 coenamque
564 4425 747 4504 etreliqua
771 4425 934 4486 comitatis
959 4424 1069 4484 cilicia
1093 4425 1132 4484 ab
1157 4424 1224 4484 illis
1247 4427 1315 4486 BR.
1341 4428 1510 4489 monachis
1536 4429 1616 4487 mihi
1641 4439 1719 4490 tunc
1743 4434 1895 4489 certatim
1919 4427 2078 4488 exhibita.
2100 4450 2114 4485 n

349 4595 364 4630 «
388 4573 455 4632 lam
477 4529 556 4632 vero
580 4571 620 4666 de
644 4572 705 4632 hoc
729 4571 949 4649 geographico
972 4569 1130 4650 opusculo
1153 4588 1254 4648 quum
1277 4577 1391 4651 postea
1414 4573 1536 4633 Romae
1566 4572 1773 4646 meditarer,
1803 4575 1939 4650 cognovi
1976 4573 2009 4633 id
2043 4593 2061 4633 a
2095 4572 2159 4633 Ma-

228 4738 236 4747 ·
307 4742 321 4776 a
347 4718 487 4780 billonio
511 4718 589 4778 olim
612 4717 646 4777 in
671 4717 807 4777 Cavensi
832 4715 1034 4776 bibliotheca
1057 4716 1176 4787 visum,
1201 4716 1260 4776 sed
1283 4717 1381 4778 unico
1404 4716 1505 4778 verbo
1530 4717 1728 4797 appellatum
1756 4739 1807 4798 op.
1833 4720 1889 4780 cit.
1914 4738 1945 4797 p.
1970 4719 2043 4781 118.
2069 4719 2160 4780 sic-

312 4889 327 4924 u
355 4866 387 4924 in
410 4863 614 4925 bibliotheca
638 4863 776 4925 Cavensi
800 4861 895 4941 pauci
921 4868 1101 4941 supersunt
1123 4862 1273 4935 Codices,
1297 4863 1445 4924 Hilarius
1469 4864 1508 4924 de
1531 4864 1693 4926 Trinitate
1718 4871 1751 4926 et
1773 4867 1813 4927 de
1837 4865 1986 4945 Synodis,
2010 4865 2097 4926 liber
2120 4865 2160 4926 de

311 5036 326 5070 a
352 5011 551 5090 geographia
574 5010 702 5088 antiqui
727 5011 883 5079 auctoris,
908 5009 994 5068 vitae
1018 5015 1146 5088 patrum
1172 5008 1368 5069 Cavensium
1391 5011 1629 5089 etc—Neque
1652 5011 1749 5091 plura
1772 5013 1818 5071 ait
1838 5011 2001 5072 Rozanius
2025 5029 2076 5090 op.
2101 5013 2159 5072 cit.

304 5179 322 5215 a
346 5179 377 5238 p.
403 5156 566 5219 tob-Le
589 5155 686 5215 Livre
710 5152 749 5214 de
774 5153 861 5214 Beda
884 5153 923 5213 de
944 5153 1153 5230 temporibus,
1179 5151 1236 5212 des
1260 5154 1381 5214 extrait
1404 5153 1443 5213 de
1468 5152 1557 5214 celui
1581 5154 1621 5214 de
1645 5155 1849 5233 Etimolopics
1882 5152 1922 5212 de
1956 5155 2003 5215 St.
2033 5153 2159 5214 Isidore

302 5329 322 5362 «
348 5303 386 5364 de
411 5301 549 5373 saville,
574 5303 668 5362 etde
691 5300 858 5380 plusieurs
883 5307 995 5360 autres
1019 5317 1179 5376 ouvrages
1202 5305 1394 5378 composent
1415 5319 1453 5360 ce
1478 5299 1616 5371 recueil,
1641 5299 1698 5377 qui
1723 5300 1877 5371 termine,
1896 5300 2041 5361 laniaris
2052 5300 2161 5376 philo·

301 5468 321 5501 u
346 5448 439 5522 sophi
462 5447 558 5506 totius
580 5445 665 5506 orbis
688 5446 873 5522 descriptio.
891 5444 1095 5521 -Denique
1119 5444 1317 5503 Muratorius
1341 5444 1374 5505 S.
1399 5443 1439 5504 R.
1463 5443 1488 5503 I.
1514 5425 1591 5504 tom.
1615 5444 1684 5505 Vll.
1709 5462 1782 5523 pag.
1805 5443 1867 5505 915
1890 5464 1929 5505 ex
1960 5444 2075 5506 eodem
2103 5445 2160 5508 Co-

299 5616 319 5651 «
348 5593 422 5654 dice
446 5595 623 5656 chronicon
649 5595 794 5654 Cavense
819 5571 1009 5668 divulgavit,
1035 5589 1093 5651 sed
1116 5599 1226 5650 tamen
1249 5590 1506 5670 geographicum
1529 5567 1705 5651 tractatum
1728 5591 1774 5652 ibi
1793 5591 1904 5652 inesse
1922 5593 2073 5655 nescivit.
2092 5595 2160 5669 Ego

229 5803 239 5819 ,
298 5763 318 5796 a
349 5757 429 5800 vcro
452 5739 491 5798 de
515 5740 576 5800 hoc
599 5737 754 5820 opuscolo
777 5743 813 5798 ut
835 5737 914 5807 dixi,
940 5735 1103 5796 meditans
1127 5736 1271 5816 comperi
1295 5735 1328 5796 id
1351 5735 1408 5796 abs
1431 5735 1549 5798 Iacobo
1571 5737 1774 5799 Gotholredo
1797 5757 1881 5798 anno
1904 5739 2157 5800 MDCCXXVlll.

297 5911 317 5945 α
348 5885 499 5946 Genevae
527 5885 645 5964 partim
670 5884 795 5945 editum
818 5901 937 5959 graece
962 5863 995 5942 et
1018 5881 1133 5952 latine,
1158 5881 1216 5941 sed
1239 5881 1346 5960 primo
1369 5884 1573 5963 acephalum,
1598 5886 1675 5962 quia
1698 5885 1813 5946 deerat
1835 5888 1866 5946 ci
1901 5885 2018 5947 titulos
2050 5886 2160 5965 operis

542 6029 609 6085 loo.
632 6044 657 6084 v.
809 6021 811 6025 ’
1961 6049 1989 6088 m
