5414 7098
486 519 493 525 ’
601 530 648 600 :ll
1240 531 1414 604 CODEX
1457 531 1725 610 CAVENSIS

550 760 607 825 est
630 760 773 826 amatus
796 756 892 825 filius
916 759 1095 844 quondam
1120 759 1211 844 petri
1235 778 1315 826 cum
1340 737 1514 827 iohannes
1537 760 1634 828 illius
1648 761 1827 848 quondam
1842 764 1992 834 iohanni
2008 764 2133 853 iudici,
2151 771 2186 835 et
2203 787 2266 856 per
2289 767 2407 856 ipsum

554 913 695 979 amatus
718 914 897 980 ostensum
922 916 976 980 est
1000 930 1112 979 unum
1136 915 1279 980 brebem
1302 911 1489 1017 divisipnis
1513 913 1780 982 continentem:
1805 916 1846 982 ln
1870 917 2013 984 nomine
2037 917 2171 985 domini
2207 920 2409 1008 quadrage-

558 1063 648 1130 simo
672 1065 779 1132 tertio
803 1082 899 1132 anno
922 1063 1148 1151 principatus
1170 1063 1291 1130 domni
1314 1062 1426 1132 nostri
1450 1064 1568 1151 gisolfi
1591 1067 1739 1153 gloriosi
1762 1068 1953 1155 principis,
1970 1073 2007 1137 et
2029 1069 2144 1157 primo
2169 1089 2265 1142 anno
2280 1072 2414 1160 princi-

555 1222 662 1304 patus
678 1216 806 1286 domne
821 1237 960 1305 gemme
976 1217 1080 1286 uxori
1098 1218 1175 1286 eius
1192 1222 1227 1286 et
1243 1219 1363 1286 domni
1379 1218 1524 1306 paldolll
1540 1225 1662 1308 optato
1679 1222 1753 1289 filio
1769 1242 1904 1312 eorum,
1919 1243 2039 1294 mense
2056 1231 2221 1316 agustuS,
2235 1228 2346 1297 tertia
2358 1229 2415 1297 in·

557 1369 724 1438 dictione.
738 1372 1027 1440 Memoratorium
1043 1373 1140 1440 sactu
1157 1392 1179 1440 a
1196 1392 1252 1441 me
1266 1375 1415 1441 Amatus
1428 1372 1525 1440 filius
1538 1374 1648 1462 petri,
1665 1392 1705 1442 eo
1720 1376 1812 1462 quod
1828 1380 1914 1444 ante
1931 1377 2122 1465 subscripti
2141 1382 2249 1449 testes
2266 1381 2417 1449 coniun-

557 1529 617 1592 tus
631 1544 709 1593 sum
726 1544 807 1592 cum
830 1526 922 1594 mari
941 1525 1016 1593 thio
1032 1545 1131 1594 meus
1156 1525 1229 1593 filio
1252 1527 1397 1614 godeni,
1414 1527 1459 1596 ad
1483 1527 1714 1596 dividendum
1737 1531 1832 1598 inter
1857 1549 1920 1599 nos
1943 1536 2042 1601 terra
2065 1539 2102 1602 et
2125 1552 2223 1622 cesa,
2239 1555 2308 1620 que
2332 1553 2416 1602 con·

558 1681 717 1749 munitet
733 1683 880 1750 abemus
904 1681 1001 1750 intus
1025 1703 1093 1752 auc
1118 1683 1378 1753 salernitanam
1402 1682 1598 1770 civitatem,
1615 1688 1651 1752 et
1675 1687 1774 1752 terra
1796 1687 1832 1752 et
1857 1684 1964 1754 vinea
1987 1705 2055 1772 que
2080 1690 2305 1758 conmuniter
2330 1691 2414 1758 abe·

556 1853 635 1902 mus
671 1835 710 1901 in
741 1833 855 1902 locum
880 1811 1024 1904 selline:
1049 1835 1217 1920 primitus
1240 1836 1383 1923 quidem
1407 1836 1600 1903 dividimus
1625 1835 1703 1922 ipsa
1726 1839 1825 1905 terra
1848 1841 1885 1904 et
1908 1857 1993 1907 casa
2016 1839 2058 1907 de
2084 1839 2182 1908 intus
2206 1843 2299 1910 hanc
2324 1842 2413 1910 civi-

557 1990 696 2056 tatem:
723 2006 796 2056 una
820 1992 915 2056 sorte
939 1988 1088 2054 fecimus
1112 1988 1241 2056 exinde
1264 2007 1340 2056 esse
1365 1990 1403 2056 in
1427 2006 1511 2076 pars
1534 1987 1709 2074 orientis,
1734 1989 1867 2058 etalio
1891 1992 1930 2058 in
1954 2011 2037 2078 pars
2062 1993 2280 2080 occidentis3
2318 1995 2414 2063 unde

559 2142 662 2232 prius
686 2145 762 2232 ipse
785 2146 879 2212 mari
902 2144 1033 2212 exinde
1056 2145 1307 2230 conprehensit
1330 2145 1409 2231 ipsa
1431 2144 1589 2211 sortione
1612 2161 1681 2228 que
1706 2145 1759 2210 est
1783 2162 1806 2210 a
1829 2117 1912 2229 pars
1936 2145 2116 2232 orientis,
2141 2165 2205 2232 per
2230 2151 2296 2215 hec
2320 2165 2420 2215 men·

559 2297 683 2367 suria:
709 2298 753 2366 de
776 2303 899 2385 supter
923 2303 1026 2384 parte
1049 2318 1136 2384 erga
1160 2297 1237 2389 ipsa
1264 2297 1321 2366 bia
1345 2301 1429 2364 sunt
1451 2297 1583 2364 exinde
1607 2296 1712 2383 pedes
1737 2297 1869 2384 biginti
1892 2303 1984 2368 tres:
2010 2300 2053 2366 de
2077 2319 2183 2387 super
2205 2304 2309 2387 parte
2333 2305 2418 2368 sunt

559 2451 665 2538 pedes
688 2453 820 2539 biginti
845 2472 909 2522 sex
932 2459 968 2522 et
991 2453 1178 2521 summisse
1202 2471 1314 2536 unum
1327 2472 1336 2538 3
1361 2453 1439 2538 ipsa
1462 2451 1619 2519 sortione
1643 2451 1737 2538 quod
1761 2470 1825 2518 nos
1848 2451 1979 2522 exinde
2002 2455 2332 2542 conprehensimus
2350 2454 2414 2541 qui

558 2607 613 2668 est
635 2623 657 2670 a
680 2621 764 2688 pars
787 2603 994 2690 occidentis,
1019 2609 1071 2672 est
1095 2624 1157 2690 per
1183 2607 1247 2672 hec
1272 2602 1478 2672 mensuria:
1505 2622 1594 2689 erga
1619 2603 1698 2689 ipsa
1721 2602 1782 2670 bia
1805 2607 1889 2670 sunt
1912 2603 2018 2690 pedes
2034 2605 2167 2690 biginti
2190 2621 2255 2672 sex
2271 2611 2307 2673 et
2322 2625 2419 2672 sum·

562 2753 673 2820 misse
698 2771 837 2840 unum,
860 2759 895 2821 et
918 2755 961 2821 de
984 2773 1090 2841 super
1114 2759 1216 2841 parte
1241 2757 1326 2821 sunt
1350 2755 1455 2840 pedes
1479 2754 1611 2841 biginti
1634 2755 1805 2840 quinque3
1831 2757 1909 2842 ipsa
1932 2757 2089 2824 sortione
2112 2775 2176 2823 nos
2197 2761 2418 2844 conprehen-

559 2907 672 2974 simus
707 2907 746 2975 in
782 2908 848 2978 tali
875 2889 1033 2995 ordine,
1058 2915 1098 2977 ut
1121 2909 1246 2978 amodo
1269 2914 1305 2976 et
1328 2927 1467 2994 semper
1492 2906 1606 2978 licead
1630 2929 1686 2978 me
1709 2915 1745 2978 et
1770 2911 1858 2979 meis
1881 2912 2046 2980 eredibus
2068 2931 2131 2998 per
2155 2913 2231 3000 ipso
2265 2914 2415 3000 audite,

558 3063 621 3144 qui
645 3067 699 3130 est
721 3063 764 3129 de
789 3079 896 3149 super
919 3067 1024 3149 parte
1047 3081 1136 3148 erga
1164 3061 1243 3148 ipsa
1266 3079 1349 3129 casa
1373 3062 1466 3147 quod
1491 3061 1566 3148 ipse
1591 3065 1682 3133 mari
1707 3066 1959 3153 conprehensit
1982 3065 2029 3133 da
2046 3065 2124 3152 ipsa
2140 3067 2310 3152 sortione,
2324 3065 2417 3152 quod

558 3234 623 3284 nos
645 3216 778 3285 exinde
802 3216 1120 3305 conprehensimus
1143 3221 1179 3284 et
1205 3235 1315 3303 usque
1340 3215 1419 3305 ipsa
1442 3217 1562 3303 platea
1586 3220 1649 3304 qui
1674 3225 1728 3287 cst
1752 3240 1775 3288 a
1798 3239 1882 3307 pars
1905 3221 2079 3297 orientis,
2117 3220 2200 3288 inde
2224 3220 2417 3309 ingredere

557 3379 594 3440 et
617 3373 805 3460 regredere
829 3391 909 3440 cnm
933 3374 1049 3442 omnis
1073 3376 1195 3440 nostra
1219 3373 1469 3460 congruitate,
1495 3375 1628 3460 absque
1652 3373 1748 3440 omni
1773 3376 2027 3444 contrarietate
2053 3376 2165 3461 ipsius
2190 3377 2281 3443 mari
2310 3379 2348 3444 et
2374 3377 2417 3444 de

557 3526 636 3592 eius
657 3525 780 3594 eredes
785 3575 975 3593 ........
1000 3531 1036 3594 et
1058 3522 1250 3592 dividimus
1274 3525 1348 3611 ipsa
1376 3531 1475 3592 terra
1499 3531 1535 3595 et
1558 3525 1665 3594 uinea
1689 3526 1731 3595 de
1756 3529 1831 3615 ipso
1848 3527 2113 3614 locumselline,
2130 3529 2193 3614 qui
2210 3531 2264 3594 est
2282 3528 2414 3614 inipso

561 3685 680 3746 monte
704 3679 750 3758 da
775 3677 853 3767 ipsa
875 3681 937 3748 bia
960 3681 1021 3765 qui
1045 3685 1099 3748 est
1121 3679 1164 3746 de
1188 3683 1310 3765 supter
1333 3683 1436 3766 parte
1460 3684 1496 3747 et
1519 3696 1631 3764 usque
1654 3682 1754 3747 terra
1777 3683 1813 3746 et
1836 3679 1944 3746 vinea
1967 3679 2029 3764 qui
2053 3683 2105 3746 est
2128 3678 2171 3748 de
2196 3696 2301 3765 super
2331 3697 2419 3765 par-

560 3837 609 3919 te,
632 3833 726 3919 quod
749 3834 883 3900 retinet
906 3831 973 3900 lilii
998 3831 1147 3900 iohanni
1172 3829 1282 3916 madi,
1301 3830 1393 3916 quod
1416 3833 1701 3916 pastenaberunt
1725 3830 1763 3898 in
1787 3831 1949 3918 partione
1973 3832 2086 3918 ipsius
2107 3831 2235 3918 godeni
2252 3832 2334 3902 abio
2352 3848 2418 3898 no·

558 3993 644 4076 stro,
661 4008 724 4074 per
748 3988 903 4056 medium
927 3987 1009 4057 illut
1033 3988 1128 4056 inter
1152 4005 1216 4054 nos
1239 3987 1432 4056 dividimus
1456 3993 1492 4056 et
1515 3987 1677 4056 termites
1700 3987 1866 4055 fiximus:
1893 4005 1966 4056 una
1989 3992 2084 4056 sorte
2107 3988 2257 4057 fecimus
2281 3987 2414 4056 exinde

456 4213 458 4220 ,
559 4161 635 4212 esse
659 4143 699 4210 in
722 4161 805 4229 pars
827 4141 991 4229 orientis,
1015 4145 1051 4209 ct
1074 4141 1148 4210 alia
1172 4142 1211 4208 in
1234 4161 1318 4229 pars
1341 4142 1548 4231 occidentia
1573 4145 1668 4213 unde
1692 4162 1758 4232 ego
1781 4143 1881 4231 prius
1901 4143 2031 4211 exinde
2054 4141 2306 4230 conprehensit
2332 4141 2414 4228 ipsa

559 4296 716 4365 sortione
740 4299 802 4383 qui
826 4301 880 4364 est
904 4296 941 4366 in
964 4315 1048 4383 pars
1072 4297 1277 4385 occidentis
1300 4305 1336 4365 et
1360 4301 1435 4383 ipse
1458 4300 1551 4365 mari
1575 4298 1706 4364 exinde
1730 4296 1981 4383 conprehensit
2008 4297 2085 4383 ipsa
2109 4298 2266 4365 sortione
2281 4296 2342 4382 qui
2363 4301 2422 4364 est

562 4454 600 4520 in
624 4471 708 4539 pars
731 4452 881 4520 orientis
904 4449 1088 4538 dirictum,
1112 4449 1205 4518 sicut
1229 4451 1298 4537 ipsi
1323 4450 1460 4518 termiti
1486 4449 1696 4518 discernunt
1718 4451 1810 4535 quod
1834 4450 1929 4518 inter
1952 4467 2016 4518 nos
2039 4451 2199 4518 fiximus.
2226 4449 2414 4537 Simulque

561 4608 598 4672 et
621 4604 812 4673 dividimus
836 4607 914 4694 ipsa
936 4612 1037 4676 terra
1060 4625 1140 4674 cum
1165 4606 1309 4692 pastino
1333 4602 1425 4690 quod
1450 4603 1673 4670 conmuniter
1696 4603 1842 4670 abemus
1859 4602 1897 4668 in
1914 4601 1990 4687 ipso
2008 4601 2121 4668 locum
2145 4603 2185 4669 in
2209 4601 2331 4689 plano,
2348 4621 2415 4688 per

563 4759 720 4828 medium
745 4759 839 4828 inter
864 4778 927 4826 nos
950 4777 1010 4826 eos
1033 4759 1249 4828 dividimus:
1277 4775 1350 4824 una
1374 4762 1467 4824 sorte
1492 4756 1639 4823 lecimus
1663 4755 1794 4841 exinde
1817 4774 1893 4824 esse
1917 4755 1955 4821 in
1979 4775 2063 4843 pars
2087 4755 2250 4834 meridie,
2281 4762 2317 4825 et
2340 4757 2417 4829 alia

564 4913 602 4980 in
619 4932 702 4999 pars
718 4913 1035 5000 septemtrionalis,
1053 4917 1090 4981 et
1108 4911 1202 4979 sicut
1217 4910 1389 4978 termines
1405 4906 1577 4975 discernit
1594 4905 1685 4993 quod
1703 4907 1753 4974 ibi
1777 4906 1936 4992 fiximus3
1954 4907 2047 4975 unde
2071 4907 2146 4994 ipse
2168 4910 2263 4978 mari
2287 4909 2421 4978 exinde

564 5067 817 5152 conprehensit
840 5065 917 5154 ipsa
942 5065 1097 5134 sortione
1122 5064 1184 5149 qui
1208 5067 1262 5130 est
1285 5082 1308 5130 a
1330 5080 1414 5148 pars
1439 5058 1754 5147 septemtrionalis,
1772 5065 1808 5128 et
1823 5077 1889 5147 ego
1911 5061 2041 5130 exinde
2064 5063 2319 5149 conprehensit
2336 5063 2418 5149 ipsa

565 5217 724 5287 sortione
740 5217 802 5304 qui
818 5225 872 5286 est
889 5217 927 5284 in
952 5235 1037 5304 pars
1059 5215 1222 5298 meridie3
1240 5215 1305 5281 lrec
1328 5213 1503 5280 divisione
1526 5213 1622 5280 inter
1646 5231 1711 5280 nos
1728 5213 1889 5300 lecimus,
1901 5217 1937 5281 et
1953 5233 2015 5300 per
2031 5219 2149 5301 partes
2174 5223 2287 5284 sortes
2303 5216 2421 5286 tradi-

561 5373 680 5440 dimus
702 5392 765 5460 per
784 5371 1043 5439 absolutionem
1059 5368 1171 5455 ipsius
1187 5368 1315 5453 godeni
1332 5365 1413 5436 abio
1430 5371 1466 5435 et
1480 5368 1622 5453 genitor
1645 5371 1778 5452 noster,
1794 5372 1830 5434 et
1847 5367 1962 5452 ipsum
1987 5371 2144 5454 astante,
2171 5369 2218 5436 ad
2241 5373 2422 5441 securiter

562 5527 657 5595 inter
680 5545 744 5593 nos
767 5525 945 5594 abendum
960 5521 1123 5610 predicta
1137 5518 1311 5586 divisione
1327 5535 1391 5584 nos
1409 5523 1444 5585 et
1460 5517 1594 5586 nostris
1610 5519 1813 5606 heredibus,
1826 5523 1862 5587 et
1877 5519 2081 5588 laciendum
2097 5523 2228 5618 exinde
2253 5542 2323 5611 per
2340 5545 2426 5612 par-

561 5684 616 5747 tes
638 5679 760 5748 omnia
782 5677 876 5766 quud
901 5673 1140 5757 voluerimus3
1165 5677 1201 5739 et
1224 5671 1397 5760 obligavit
1422 5689 1459 5740 se
1484 5673 1559 5758 ipse
1583 5674 1676 5740 mari
1699 5679 1735 5743 et
1758 5672 1833 5742 suis
1857 5675 2061 5760 heredibus,
2094 5679 2135 5743 ut
2165 5673 2195 5742 si
2221 5677 2422 5764 aliquando

561 5838 718 5921 tempore
742 5835 808 5901 hec
831 5831 1037 5917 supradicta
1060 5827 1236 5896 divisione
1259 5829 1429 5912 quesierit
1452 5829 1634 5896 remobere
1651 5832 1714 5896 aut
1729 5833 1907 5914 contrare,
1924 5832 1987 5896 aut
2011 5827 2041 5894 si
2062 5827 2311 5916 quodcumque
2328 5850 2421 5901 cau-
