5466 7106
638 554 705 626 158
1282 551 1451 624 OODEX
1488 551 1754 622 detunsis

586 779 653 848 loci
679 779 779 848 illius
802 783 856 847 est
878 776 1092 846 consuetudo
1114 781 1150 846 et
1172 776 1216 845 de
1239 779 1358 845 tantos
1382 793 1495 846 annos
1518 776 1701 854 meruerit,
1726 781 1767 846 ut
1789 778 1902 844 totum
1924 778 2054 844 bonum
2080 780 2204 863 pareat
2228 777 2375 865 lactum,
2398 779 2435 845 et

589 935 666 1001 tota
689 931 768 1020 ipsa
790 931 864 1000 alia
886 928 1068 1016 tradictio,
1092 927 1153 1013 qui
1177 931 1231 997 est
1253 932 1367 998 totum
1390 929 1521 997 bonum
1545 932 1772 998 arbustatum
1791 931 1831 996 et
1854 929 2061 1015 perfectum,
2087 928 2211 997 amodo
2233 947 2297 1017 per
2320 929 2437 996 omnis

587 1106 725 1158 annum
748 1091 831 1174 apto
854 1091 1000 1174 tenpore
1022 1089 1138 1154 totum
1163 1085 1246 1152 illut
1269 1085 1311 1152 de
1334 1103 1440 1172 super
1456 1084 1550 1153 etde
1565 1087 1692 1153 subtus
1717 1083 1892 1170 laborent,
1909 1087 1945 1151 et
1967 1087 2127 1170 opereat,
2152 1087 2189 1153 et
2211 1083 2350 1152 cultent
2373 1085 2432 1151 bo-

587 1259 689 1328 num,
714 1243 749 1308 et
772 1239 832 1306 ubi
857 1237 1042 1324 meruerit,
1067 1238 1212 1304 arbores
1236 1238 1272 1304 et
1287 1235 1377 1304 vites
1392 1235 1524 1303 ibidem
1539 1236 1716 1323 plantent,
1734 1239 1770 1302 et
1785 1235 2036 1322 propaginent,
2053 1237 2089 1302 et
2104 1234 2278 1321 studient,
2295 1238 2331 1302 et
2354 1252 2433 1301 sur-

584 1395 673 1480 gant
698 1391 801 1478 illut,
825 1394 861 1458 et
883 1392 934 1458 sic
957 1394 1034 1458 tota
1057 1389 1137 1476 ipsa
1158 1387 1325 1457 tradictio
1354 1407 1417 1476 per
1441 1387 1556 1454 omnis
1580 1391 1717 1454 annum
1740 1387 1824 1470 apto
1846 1389 1993 1471 tenpore
2029 1384 2249 1472 adsingnent
2279 1385 2363 1453 illut
2386 1385 2432 1453 ad

583 1565 666 1634 pars
689 1545 802 1632 ipsius
825 1545 1032 1614 monasterii
1048 1547 1234 1630 operatum
1250 1546 1285 1611 et
1303 1543 1478 1611 cultatum
1492 1541 1702 1628 perfectum,
1723 1545 1899 1626 quatenus
1915 1541 2079 1627 proficiat
2094 1545 2129 1608 et
2144 1557 2216 1607 non
2231 1540 2432 1627 dispereat,

582 1703 619 1766 et
643 1700 736 1768 sicut
759 1699 955 1786 perfectum
977 1697 1151 1764 meruerit
1174 1700 1257 1764 exet
1280 1699 1477 1782 arbustum,
1501 1699 1537 1763 et
1559 1696 1745 1763 cirooitum
1768 1696 1843 1782 ipse
1865 1696 1964 1782 pecie
1978 1694 2137 1782 cludant,
2161 1699 2197 1764 et
2217 1713 2346 1782 senper
2370 1695 2431 1762 ille

583 1852 680 1921 cluse
702 1853 793 1920 bone
817 1854 959 1920 abeant.
986 1852 1032 1917 Et
1067 1848 1274 1917 annualiter
1309 1847 1563 1935 adsingnemus
1596 1865 1719 1916 eorum
1752 1866 1912 1935 organea
1946 1849 1993 1915 da
2019 1848 2143 1915 vinum
2174 1847 2220 1917 ad
2242 1846 2430 1916 cellarium

588 2007 700 2093 ipsius
723 2003 931 2090 monasteri,
956 2002 1049 2090 quod
1074 2003 1113 2069 in
1136 2001 1213 2089 ipso
1236 2001 1351 2070 locum
1375 2003 1468 2086 abet,
1485 2003 1521 2067 et
1538 2003 1714 2086 reponant
1730 2001 1808 2086 ipsa
1824 2019 1996 2088 organea,
2021 2001 2081 2068 ubi
2105 1999 2259 2068 debeant
2281 1999 2429 2068 mictere

587 2157 711 2226 uinum
735 2157 847 2244 ipsius
870 2153 1093 2241 monasterii,
1118 2154 1210 2240 quod
1233 2153 1279 2222 da
1301 2153 1376 2221 illis
1391 2153 1425 2220 ei
1441 2151 1591 2238 venerit;
1616 2156 1651 2221 et
1673 2173 1736 2240 per
1759 2155 1874 2221 omnis
1898 2171 2034 2221 annum
2050 2171 2113 2239 per
2130 2153 2207 2221 aire
2224 2155 2259 2220 et
2275 2171 2338 2238 per
2353 2150 2430 2218 vin-

586 2311 701 2378 demie
725 2329 788 2397 per
804 2311 888 2396 apto
906 2311 1053 2395 tenpore
1077 2308 1215 2377 saciant
1237 2308 1329 2374 scire
1347 2324 1429 2392 pars
1445 2306 1559 2392 ipsius
1575 2305 1796 2394 monasterii,
1812 2310 1852 2373 ut
1867 2304 1997 2371 ibidem
2013 2302 2149 2390 dirigat
2165 2302 2312 2371 missum
2328 2322 2432 2372 suum

587 2464 713 2534 amodo
736 2469 773 2533 et
794 2483 858 2552 per
880 2465 996 2532 omnis
1019 2481 1169 2550 annum,
1193 2467 1229 2530 et
1251 2423 1365 2530 totum
1389 2461 1465 2547 ipso
1490 2462 1688 2546 arbustum,
1713 2459 1805 2545 quod
1829 2415 1893 2525 nos
1916 2456 1949 2526 ei
1974 2456 2201 2544 tradidimus,
2225 2456 2327 2525 etde
2350 2457 2432 2526 illut

589 2619 683 2707 qnod
707 2620 779 2687 illis
803 2619 1087 2706 pastenaberint,
1111 2619 1151 2685 ut
1176 2615 1420 2703 supradictum
1444 2618 1512 2702 est,
1536 2616 1579 2683 de
1602 2617 1683 2702 ipsa
1705 2614 1920 2684 tradictione
1943 2633 1966 2681 a
1989 2631 2059 2700 quo
2082 2615 2206 2682 vinum
2228 2612 2311 2680 inde
2334 2611 2435 2680 exire

591 2771 760 2858 potuerit,
783 2776 857 2842 tota
880 2770 1088 2860 supradicta
1111 2770 1280 2840 tradiotio
1302 2769 1427 2840 amodo
1449 2773 1485 2837 et
1509 2786 1636 2854 senper
1659 2785 1722 2854 per
1745 2765 1859 2833 omnis
1883 2784 2018 2834 annum
2042 2768 2125 2851 apto
2140 2768 2297 2852 tempore
2319 2769 2432 2833 totum

584 2925 668 2994 illut
691 2925 960 3013 vindemiemuS,
984 2928 1019 2993 et
1043 2926 1159 2992 omnis
1182 2942 1285 3010 poma
1302 2923 1445 3009 exinde,
1461 2926 1497 2991 et
1512 2922 1654 3008 quando
1671 2920 1822 3008 glandes
1839 2919 1890 2986 ibi
1907 2918 2062 3006 abuerit,
2079 2919 2153 2986 illis
2168 2936 2227 2986 eos
2243 2917 2438 3006 colligant,

587 3079 690 3149 etde
714 3079 829 3148 omnis
853 3081 978 3147 vinum
1002 3083 1038 3147 et
1060 3097 1165 3164 poma
1195 3079 1231 3145 et
1254 3075 1417 3164 glandes„
1442 3075 1534 3162 quod
1557 3075 1600 3142 de
1623 3079 1698 3144 tota
1724 3073 1932 3161 supradicta
1965 3072 2178 3141 tradictione
2207 3089 2431 3158 perannum

583 3233 731 3320 exierit,
755 3231 881 3301 inclita
905 3231 1094 3300 medietate
1117 3229 1248 3299 exinde
1272 3229 1380 3299 deant
1402 3229 1448 3298 ad
1472 3230 1547 3315 ipso
1571 3229 1717 3296 missum
1741 3228 1876 3317 ibique,
1900 3231 1937 3297 et
1960 3227 2034 3296 alia
2057 3226 2245 3295 medietate
2262 3226 2344 3295 inde
2360 3225 2430 3294 sivi

588 3387 732 3473 abeant,
757 3390 793 3453 et
816 3388 895 3472 ipsa
919 3383 1107 3454 medietate
1130 3385 1172 3452 de
1188 3385 1264 3470 ipso
1280 3384 1405 3451 vinum
1421 3381 1533 3470 ipsius
1550 3381 1758 3450 monasterii
1775 3381 1968 3468 peremnis
1984 3398 2120 3449 annum
2133 3398 2214 3446 cum
2229 3397 2292 3446 suo
2307 3397 2435 3465 espen-

583 3539 641 3608 dio
666 3537 747 3606 illut
770 3541 912 3624 portent
934 3538 979 3605 ad
1003 3537 1119 3624 ipsum
1144 3535 1330 3605 cellarium
1353 3535 1503 3622 predicti
1527 3535 1735 3603 monasterii
1755 3536 1797 3603 de
1814 3534 1888 3622 ipso
1905 3535 2031 3623 locum,
2056 3538 2092 3602 et
2115 3533 2263 3602 mictent
2287 3531 2368 3600 illut
2391 3531 2430 3598 in

586 3698 663 3785 ipsa
686 3715 844 3785 organea
868 3696 960 3782 quod
983 3695 1056 3763 illis
1079 3694 1339 3778 conoiaberint,
1364 3697 1399 3762 et
1423 3692 1557 3762 iaciant
1581 3691 1663 3760 inde
1687 3709 1771 3779 pars
1795 3693 1907 3779 ipsius
1931 3692 2122 3760 monasteri
2146 3691 2239 3776 quod
2262 3690 2427 3774 boluerit3

586 3856 623 3918 ot
649 3851 679 3918 si
704 3851 858 3919 boluerit
880 3869 964 3937 pars
980 3849 1089 3936 ipsius
1103 3847 1312 3916 monasterii
1330 3847 1406 3933 ipso
1422 3865 1523 3913 suum
1547 3845 1671 3912 vinum
1697 3861 1868 3931 reponere
1892 3845 1931 3911 in
1955 3844 2033 3930 ipsa
2056 3843 2287 3931 tradictione,
2305 3843 2429 3930 inquo

583 4005 657 4073 illis
682 4003 914 4090 abitaberint,
940 4003 1014 4070 illis
1037 4006 1157 4070 autem
1181 4004 1324 4087 portent
1347 4001 1426 4085 ipsa
1448 4015 1607 4085 organea
1631 3995 1702 4084 ibi,
1726 4001 1762 4066 et
1785 4016 1847 4084 ρει
1870 3996 1985 4064 omnis
2008 4015 2143 4066 annum
2160 3996 2223 4066 illa
2238 4000 2331 4066 bona
2347 4015 2430 4065 con-

581 4159 677 4227 cient
699 4159 735 4226 et
759 4157 929 4243 studient,
952 4159 988 4224 et
1011 4157 1185 4242 reponant
1207 4153 1308 4221 illum
1332 4152 1371 4218 in
1396 4153 1472 4238 ipsa
1490 4151 1631 4218 domum
1656 4149 1797 4217 illorum
1814 4153 1852 4219 in
1869 4168 1938 4237 quo
1962 4150 2192 4223 abitaberint,
2218 4154 2254 4216 et
2279 4151 2428 4219 miclant

582 4313 632 4379 ibi
656 4313 732 4398 ipso
755 4310 877 4378 vinum
902 4310 1013 4396 ipsius
1036 4303 1241 4375 monasterii
1258 4323 1321 4391 per
1338 4303 1454 4372 omnis
1478 4322 1614 4371 annum
1637 4307 1673 4370 et
1695 4302 1835 4370 salbum
1851 4301 1974 4368 vinum
1999 4300 2115 4387 ipsum
2139 4299 2289 4375 iaciant,
2315 4319 2427 4388 usque

582 4465 665 4533 duni
690 4464 770 4531 illut
793 4464 876 4531 inde
900 4453 1085 4532 atucamus
1101 4454 1127 4531 ¹l
1150 4462 1283 4546 absque
1300 4457 1574 4544 degeneratione
1591 4461 1626 4525 et
1642 4458 1764 4543 ingne.
1783 4459 1827 4524 Et
1842 4457 1885 4524 de
1901 4439 1993 4542 q'uod
2018 4454 2142 4523 amodo
2155 4473 2216 4541 per
2232 4455 2348 4523 omnis
2364 4473 2430 4523 an·

579 4640 666 4688 num
690 4619 728 4686 in
753 4621 828 4688 tota
852 4619 929 4704 ipsa
951 4616 1166 4685 tradictione
1189 4611 1459 4696 seminaberint,
1484 4612 1591 4680 deant
1614 4609 1697 4679 inde
1723 4609 1842 4696 ibique
1867 4610 1913 4679 ad
1937 4628 2023 4679 area
2048 4611 2094 4678 ad
2116 4611 2193 4696 ipso
2209 4611 2355 4678 missum
2373 4611 2427 4676 in-

579 4773 665 4843 clita
689 4772 831 4842 tertiam
855 4774 971 4859 parte,
995 4775 1031 4838 et
1054 4769 1121 4837 due
1145 4768 1250 4836 sortis
1273 4764 1356 4833 inde
1378 4764 1445 4833 sivi
1462 4767 1604 4833 abeant.
1631 4765 1675 4830 Et
1700 4781 1810 4850 usque
1832 4763 1918 4831 dum
1934 4781 1996 4850 per
2012 4765 2127 4831 omnis
2141 4782 2276 4832 annum
2294 4763 2427 4832 ibidem

579 4927 719 4995 steterit
742 4927 816 5011 ipso
840 4923 985 4989 missum
1009 4940 1071 5008 per
1095 4918 1171 4990 aire
1195 4923 1231 4986 et
1255 4937 1317 5004 per
1341 4915 1517 4984 vindemie
1534 4917 1608 5002 ipse
1624 4917 1792 4983 sortionis
1809 4917 1920 5002 ipsius
1945 4916 2151 4986 monasterii
2168 4915 2431 5002 recipiendum,

580 5075 652 5144 illis
675 5093 756 5144 eum
779 5073 944 5142 nutriant
968 5071 1160 5139 secundum
1184 5088 1286 5138 suam
1309 5065 1580 5156 posibilitatem,
1600 5071 1636 5136 et
1652 5067 1910 5154 palmentatiea
1933 5067 1966 5136 ei
1990 5069 2100 5137 deant
2122 5069 2315 5137 secundum
2343 5085 2428 5134 con·

578 5227 802 5298 suetudinem
826 5227 868 5294 de
892 5227 968 5312 ipso
991 5225 1118 5292 locum.
1146 5224 1190 5290 Et
1213 5244 1235 5292 a
1258 5239 1328 5309 quo
1351 5223 1473 5290 vinum
1498 5221 1630 5290 exierit
1652 5222 1695 5289 de
1720 5222 1798 5308 ipsa
1822 5223 1936 5310 pecia,
1961 5224 2023 5309 qui
2047 5241 2130 5290 cum
2146 5223 2221 5309 ipso
2237 5223 2424 5310 pecentino

578 5386 682 5455 iunta
705 5387 758 5452 est
781 5379 872 5468 quod
897 5381 969 5448 illis
993 5375 1262 5466 pastenaberint
1284 5425 1293 5462 ,
1319 5393 1382 5461 per
1404 5377 1520 5444 omnis
1543 5395 1679 5445 annum
1703 5376 1831 5446 inclita
1855 5377 2042 5448 medietate
2067 5377 2150 5447 inde
2174 5379 2219 5448 ad
2243 5380 2319 5464 ipso
2343 5378 2428 5445 mis-

576 5669 983 5682 -——--·-—-——-—-·——-—-

618 5851 642 5926 ¹)
664 5847 874 5912 adducamus.
