5466 7106
1042 563 1453 637 DlPLOMATlOUS
2051 562 2118 634 lot

318 792 537 862 consuetudo
561 791 675 881 ipsius
699 791 796 862 loeis.
824 793 870 861 Et
892 791 923 860 si
948 789 1119 859 forsitans
1141 807 1225 876 pars
1248 790 1363 876 ipsius
1385 788 1533 858 ecclesie
1556 787 1729 874 voluerit,
1753 792 1839 857 tuno
1864 788 1940 875 ipso
1963 787 2088 855 vinum
2114 803 2176 854 no·

318 951 437 1016 strum
460 949 649 1035 portarent
671 965 735 1034 per
758 961 894 1016 annum
917 943 964 1014 ad
987 941 1173 1012 cellarium
1196 941 1307 1032 ipsius
1330 943 1501 1032 ecclesie,
1525 943 1618 1031 quod
1640 945 1787 1013 abemus
1811 941 1851 1010 in
1874 941 1996 1012 eodem
2027 941 2103 1009 loco
2125 941 2172 1010 ad

318 1100 445 1188 parili,
468 1103 505 1170 et
527 1103 714 1187 reponeret
740 1097 822 1167 illut
846 1097 885 1166 in
908 1115 1067 1186 organea
1090 1097 1256 1185 indeque,
1273 1097 1334 1164 ubi
1352 1097 1526 1166 adiubare
1540 1097 1716 1166 steterunt
1731 1095 1778 1165 ad
1795 1095 2030 1165 conclaudum
2047 1097 2084 1164 et
2099 1099 2173 1163 stu·

319 1253 494 1324 diandum
516 1271 580 1341 per
604 1269 753 1340 annum,
777 1256 814 1322 et
835 1251 935 1322 stetit
957 1269 1041 1338 pars
1063 1251 1177 1338 ipsius
1193 1250 1341 1320 ecclesie
1358 1252 1437 1338 ipsa
1454 1248 1647 1320 traditione
1670 1267 1809 1338 semper
1832 1251 1885 1318 eis
1908 1248 2095 1318 defensare
2126 1246 2174 1317 da

319 1425 441 1476 omnes
464 1407 601 1476 omines
623 1407 790 1494 omnique
812 1406 987 1494 partibus.
1012 1405 1057 1473 Et
1079 1403 1185 1492 quale
1207 1407 1365 1492 tempore
1389 1403 1471 1472 illut
1493 1407 1616 1472 tenere
1640 1407 1676 1473 ct
1691 1405 1857 1474 laborare
1879 1401 2075 1490 noluerint,
2101 1405 2167 1471 aut

320 1574 392 1626 non
415 1557 610 1644 potuerint,
634 1561 722 1626 tunc
746 1556 873 1628 inclita
895 1558 975 1646 ipsa
997 1557 1189 1627 traditione
1212 1557 1349 1624 cultata
1370 1559 1406 1624 et
1429 1555 1590 1624 studiata
1615 1555 1772 1624 debono
1799 1556 1987 1624 arbustum
2010 1555 2166 1625 vitatum

320 1717 357 1780 et
380 1715 565 1799 operatum
588 1715 625 1780 et
647 1711 845 1781 studiatum
867 1711 950 1781 illut
973 1711 1171 1780 remitteret
1192 1709 1231 1777 in
1255 1726 1340 1795 pars
1362 1706 1475 1794 ipsius
1498 1707 1646 1776 ecclesie
1669 1727 1751 1776 cum
1773 1726 1887 1776 unum
1910 1708 2106 1795 applictum
2130 1709 2174 1777 de

323 1870 402 1952 ipsa
425 1883 523 1951 casa,
547 1862 641 1950 quod
657 1862 707 1931 ibi
722 1861 885 1951 fecerint,
909 1862 1048 1931 clusum
1062 1864 1291 1950 cohopertum
1305 1863 1504 1956 bonum,·et
1519 1881 1601 1930 cum
1618 1861 1972 1949 ipsumpalmcntum
1995 1863 2168 1931 fabritum

321 2019 463 2090 salbum
485 2021 523 2088 et
545 2017 589 2088 de
612 2035 718 2106 super
741 2021 938 2106 copertum,
955 2021 1087 2086 etcum
1110 2016 1189 2103 ipsa
1212 2033 1384 2106 organas,
1408 2037 1516 2104 quam
1531 2017 1583 2086 ibi
1599 2020 1819 2108 abuerimus,
1835 2020 1936 2089 salba
1949 2019 2170 2108 etstudiata,
2259 2055 2262 2064 ·

322 2179 360 2245 et
382 2173 497 2244 licead
520 2173 623 2241 illum
647 2176 684 2241 et
706 2190 788 2240 suos
811 2171 933 2240 eredes
955 2189 1018 2240 seu
1041 2171 1178 2240 omines
1200 2189 1283 2238 suos
1307 2171 1391 2238 inde
1413 2173 1515 2240 exire
1528 2189 1620 2250 ,oum
1641 2173 1765 2242 omnia
1787 2189 1854 2242 sua
1890 2191 2000 2243 causa
2022 2172 2172 2242 mobilia

322 2331 358 2396 et
380 2327 534 2413 pergant
556 2325 618 2392 ubi
642 2321 820 2392 voluerint
832 2371 844 2412 ,
868 2325 991 2392 tamen
1013 2321 1112 2392 stetit
1134 2326 1174 2391 ut
1196 2321 1273 2410 ipso
1295 2322 1518 2410 pulmentum
1548 2323 1675 2406 amodo
1697 2326 1918 2413 coperirent3
1943 2327 2037 2396 unde
2063 2327 2102 2396 in
2126 2345 2169 2395 eo

320 2476 449 2546 ordine
471 2493 536 2562 per
559 2473 860 2542 combenientiam
884 2473 1020 2561 guadia
1043 2473 1146 2542 nobis
1168 2475 1246 2561 ipse
1268 2473 1519 2544 constantinus
1541 2475 1651 2563 dedit,
1677 2480 1714 2545 et
1735 2477 1967 2548 mediatorem
1991 2479 2093 2548 nobis
2116 2498 2177 2566 po·

321 2623 394 2691 suit
417 2639 455 2691 se
478 2621 595 2710 ipsum
617 2641 680 2711 per
704 2623 865 2711 apposita
887 2625 1002 2692 omnis
1025 2643 1092 2694 sua
1112 2643 1223 2695 causa
1238 2625 1401 2714 legitimo
1417 2631 1453 2694 et
1468 2627 1680 2714 inlegitimo,
1705 2633 1745 2698 ut
1767 2631 1798 2698 si
1820 2629 1944 2699 taliter
1967 2632 2088 2702 omnia
2110 2653 2173 2702 su·

321 2773 524 2862 prescripta
548 2773 609 2844 ille
629 2778 667 2843 et
688 2794 770 2844 suos
795 2775 918 2845 eredes
943 2775 982 2843 in
1003 2776 1165 2863 partibus
1182 2776 1294 2865 ipsius
1309 2779 1456 2848 ecclesie
1471 2796 1543 2846 uon
1566 2779 1842 2867 adimpleberint
1863 2787 1901 2852 et
1925 2784 2057 2873 aliquit
2081 2785 2165 2855 inde

322 2927 625 3015 contradixerint,
649 2945 713 3016 per
736 2927 816 3016 ipsa
838 2928 972 3016 guadia
995 2946 1204 3016 componere
1225 2930 1398 3016 obligavit
1424 2948 1462 2998 se
1485 2933 1521 2998 et
1544 2948 1625 3000 suos
1648 2931 1769 3000 eredes
1793 2935 1907 3021 nobis,
1940 2935 1996 3004 vel
2019 2937 2060 3004 in
2082 2955 2169 3024 pars

321 3080 435 3168 ipsius
457 3081 632 3168 ecclesio,
656 3081 789 3168 biginti
814 3080 895 3151 auri
920 3081 1025 3150 solidi
1048 3080 1279 3152 constantini.
1303 3085 1591 3170 Verumtamen,
1619 3084 1761 3172 quando
1784 3084 1863 3172 ipsa
1893 3091 1994 3156 curte
2019 3087 2059 3154 in
2081 3103 2166 3173 pars

321 3231 434 3319 ipsius
456 3231 603 3302 ecclesie
627 3231 826 3302 ammiserit
847 3237 922 3304 tota
944 3233 1083 3304 cultata
1105 3241 1142 3304 et
1163 3236 1352 3304 cireoitum
1385 3237 1485 3308 elusa
1517 3241 1638 3326 bona,
1669 3238 1769 3310 illam
1802 3241 1986 3311 remittere
2018 3244 2057 3310 in
2081 3260 2165 3331 pars

322 3389 435 3479 ipsius
457 3387 628 3462 aecclesie
650 3407 714 3476 per
736 3389 907 3460 iamdicta
929 3389 1062 3477 guadia
1078 3391 1115 3458 et
1131 3388 1291 3477 obligata
1305 3408 1412 3478 pena.
1431 3390 1529 3468 Quod
1540 3389 1669 3478 scripsi
1685 3408 1752 3480 ego
1768 3392 1964 3480 myrandus
1989 3392 2171 3463 notarius
2275 3373 2277 3378 ¹

367 3516 398 3633 †
422 3545 498 3631 Ego
520 3543 709 3631 lequinius

366 3671 397 3788 †
422 3700 498 3788 Ego
519 3697 707 3787 iaquintus
731 3697 895 3768 notarius
918 3716 977 3767 me
1000 3698 1211 3787 subscripsi.

1050 4251 1427 4334 DCCLXXIII.

1095 4499 1151 4575 A.
1179 4497 1230 4574 D.
1258 4495 1387 4578 1025.

366 4736 402 4877 †
424 4789 465 4856 ln
487 4788 631 4856 nomine
652 4787 788 4857 domini
811 4805 907 4858 anno
928 4787 1108 4858 tricesimo
1131 4790 1280 4877 septimo
1302 4787 1527 4876 principatus
1550 4789 1671 4857 domui
1694 4789 1810 4857 nostri
1825 4787 2027 4877 guaimari,
2040 4794 2080 4859 et
2094 4807 2175 4876 sep·

318 4947 409 5014 timo
430 4961 527 5015 anno
550 4944 775 5033 principatus
796 4944 917 5013 domni
940 4943 1122 5034 guaimari
1145 4942 1222 5012 eius
1244 4941 1324 5030 filii,
1348 4941 1493 5031 gloriosi
1517 4937 1753 5028 principibus,
1777 4956 1898 5009 mense
1921 4943 2083 5027 agustus,
2108 4958 2171 5009 oc·

319 5097 407 5166 taba
430 5095 639 5166 indictione.
665 5095 954 5167 memoratorium
977 5098 1076 5168 factu
1098 5117 1122 5166 a
1143 5115 1201 5166 mo
1222 5096 1406 5167 dauferius
1440 5093 1615 5184 presbiter
1648 5099 1685 5165 et
1713 5096 1824 5166 abbas
1859 5095 2010 5166 ecclesia
2047 5101 2170 5167 sancte

319 5249 435 5319 marie
470 5247 712 5337 pertinentem
745 5249 951 5338 supradicto
983 5249 1111 5318 domno
1137 5247 1292 5337 principi
1314 5251 1351 5316 et
1373 5247 1524 5318 iohanni
1546 5247 1666 5316 comiti
1689 5264 1861 5336 germano
1884 5246 1991 5334 eius,
2015 5263 2056 5315 eo
2079 5245 2175 5334 quod

320 5404 406 5471 ante
428 5401 621 5489 subscripti
645 5403 763 5488 testes,
788 5417 862 5470 una
884 5417 1024 5468 meeum
1048 5399 1177 5470 adexet
1199 5400 1386 5488 iaquintus
1408 5399 1572 5469 notarius
1592 5397 1843 5470 advocatorem
1867 5415 1998 5484 meum,
2023 5395 2175 5466 tradidi-

318 5571 398 5622 mus
420 5553 527 5642 ligori
550 5552 627 5622 filio
649 5552 828 5640 quondam
850 5552 1015 5640 iohanni,
1030 5557 1067 5622 et
1088 5553 1196 5642 petri,
1212 5557 1249 5622 et
1263 5554 1426 5640 iohanni,
1442 5557 1478 5622 et
1493 5553 1582 5639 ursi,
1598 5551 1762 5640 germani
1778 5549 1846 5620 filii
1864 5549 2044 5638 quondam
2059 5551 2169 5637 petri,

318 5707 398 5776 vice
421 5723 489 5777 sua
510 5709 548 5776 et
568 5705 646 5774 vice
668 5705 780 5777 amati
804 5709 841 5774 et
863 5703 986 5794 angeli
1009 5705 1173 5792 germani
1196 5705 1266 5794 sui,
1282 5722 1357 5774 una
1372 5704 1532 5775 clusuria
1548 5704 1592 5774 de
1607 5709 1707 5775 terra
1730 5721 1810 5772 cum
1832 5704 1983 5773 arbustu
2006 5704 2043 5771 et
2058 5702 2173 5790 pomis

316 5861 353 5926 et
376 5856 563 5946 aliquante
586 5857 751 5946 quartia,
772 5857 866 5946 quod
887 5875 973 5946 pars
995 5855 1163 5928 iamdicto
1185 5857 1333 5929 ecclesie
1359 5859 1443 5929 abet
1464 5857 1504 5926 in
1526 5856 1643 5927 locum
1667 5855 1881 5928 licinianum
1904 5856 2039 5926 finibus
2062 5851 2173 5926 saler-
