5466 7106
1055 549 1454 624 blPtolllulcbs
2070 548 2137 624 1l5

324 771 400 842 tuis
423 771 589 844 aradibus
623 773 666 842 de
700 773 905 864 supradicta
927 793 1008 848 mea
1030 776 1249 848 bindictione
1267 793 1330 864 per
1355 793 1416 844 vos
1439 774 1527 862 ipsis
1548 773 1736 846 bolueritis
1759 778 1851 846 esset
1873 777 2035 846 autorem
2058 779 2095 846 et
2115 775 2178 846 de·

326 927 490 1014 tonsore,
513 927 725 1016 potestatem
749 927 889 999 abeatis
912 929 990 997 vice
1012 931 1163 1017 nostra,
1187 947 1270 998 cum
1293 929 1365 998 ista
1387 927 1526 998 cartula
1548 931 1585 998 et
1611 946 1692 996 cum
1715 928 1819 1016 qualo
1842 926 1916 998 alia
1938 926 2078 998 ratione
2100 945 2174 1016 que

322 1077 406 1148 inde
432 1081 539 1149 abere
561 1081 765 1168 potueritis,
789 1081 829 1148 in
852 1079 1015 1150 omnibns
1038 1080 1121 1150 inde
1144 1099 1294 1152 causare
1317 1085 1354 1152 et
1376 1082 1485 1152 finem
1507 1083 1639 1168 tacere,
1664 1079 1821 1167 qualiter
1844 1078 2052 1168 uolueritis,
2075 1097 2180 1167 nam,

322 1233 468 1321 quando
501 1253 558 1303 me
581 1237 618 1302 et
640 1207 740 1304 meos
759 1235 880 1305 eredes
903 1235 987 1303 inde
1009 1233 1214 1322 quesieritis
1237 1234 1372 1305 exinde
1395 1235 1503 1306 abere
1527 1237 1711 1304 auctorem
1734 1237 1770 1303 et
1793 1233 2006 1320 defensore,
2030 1251 2096 1321 ego
2119 1252 2184 1304 au·

318 1391 394 1456 tem
418 1391 455 1456 et
477 1404 575 1456 meos
597 1385 720 1456 eredes
743 1387 842 1455 illum
865 1384 964 1456 vobis
987 1385 1224 1474 defensemus,
1248 1385 1341 1455 sicut
1362 1389 1526 1474 superius
1549 1387 1697 1476 legitur3
1725 1389 1763 1455 et
1786 1385 1818 1454 si
1840 1386 1964 1457 taliter
1987 1387 2108 1456 omnia
2123 1407 2185 1458 su·

323 1537 527 1626 prascripta
559 1538 629 1607 tibi
652 1539 777 1625 tuique
800 1537 964 1608 eredibus
985 1537 1086 1607 vobis
1109 1555 1182 1605 non
1204 1537 1515 1626 adimpleberimus
1538 1543 1575 1608 et
1598 1539 1729 1626 aliquit
1754 1537 1798 1607 de
1821 1543 1994 1626 quantum
2018 1540 2184 1627 superius

318 1690 490 1778 legitur,
515 1693 699 1760 remobere
721 1696 787 1761 aut
809 1695 974 1762 eontrare
997 1691 1234 1780 quesierimus
1256 1739 1267 1779 ,
1301 1696 1366 1762 aut
1388 1692 1419 1759 si
1443 1693 1688 1779 quodcumque
1710 1693 1950 1762 caustationes
1973 1691 2057 1762 inde
2080 1693 2181 1760 vobis

318 1845 625 1933 preposuerimus,
649 1863 714 1932 per
737 1847 816 1934 ipsa
838 1845 973 1934 guadia
995 1864 1059 1934 per
1081 1847 1175 1916 bona
1198 1843 1461 1915 combenientia
1483 1861 1692 1932 componere
1715 1843 1833 1933 obligo
1855 1863 1912 1915 me
1935 1849 1972 1914 et
1994 1862 2090 1914 meos
2105 1864 2183 1916 ere·

317 1997 378 2067 des
401 1997 471 2068 tibi
496 1999 667 2069 iamdicto
689 2000 821 2070 stefani
844 1999 970 2086 tuique
992 1999 1158 2069 eredibus
1181 2000 1448 2088 quinquaginta
1471 2000 1553 2070 auri
1578 1999 1707 2068 solidos
1730 1998 1977 2069 constantinus
2000 2004 2037 2070 et
2059 2002 2182 2072 omnia

323 2152 570 2240 suprascripta
591 2153 692 2221 vobis
716 2150 987 2241 adimpleamus,
1003 2156 1041 2222 et
1063 2155 1206 2241 questio
1227 2158 1264 2224 et
1285 2153 1447 2224 causatio
1469 2157 1594 2224 nostra
1617 2153 1692 2222 sint
1715 2152 1847 2224 exinde
1869 2155 1982 2224 tacita
1998 2158 2034 2224 et
2049 2155 2179 2226 bacua.

316 2289 567 2376 verumtamen
602 2323 841 2376 memoramus
874 2309 911 2377 et
944 2308 992 2377 ab
1026 2309 1105 2396 ipsa
1130 2325 1214 2396 pars
1237 2307 1386 2377 meridie
1409 2325 1478 2398 que
1502 2308 1621 2396 posuit
1644 2306 1717 2376 fine
1739 2325 1846 2394 mea,
1882 2311 2026 2378 tantum
2048 2307 2181 2377 ibidem

314 2457 408 2526 mihi
432 2459 609 2528 remansit
632 2459 679 2528 da
702 2457 794 2530 facie
817 2459 860 2529 de
883 2460 1058 2548 parietem
1082 2461 1126 2530 de
1148 2479 1233 2532 oasa
1255 2459 1298 2529 de
1321 2459 1443 2530 eredes
1465 2457 1613 2530 edelfert
1636 2461 1674 2528 et
1688 2477 1801 2547 usque
1816 2457 1856 2528 in
1871 2456 2083 2548 supradicta
2099 2462 2181 2529 bin-

316 2610 476 2681 dictione
500 2613 539 2680 in
563 2614 661 2681 omni
684 2613 800 2682 locum
823 2614 928 2701 pedes
951 2618 1025 2684 tres
1048 2615 1095 2685 ad
1117 2615 1363 2704 supradictum
1386 2613 1527 2702 pedem,
1551 2618 1588 2683 et
1610 2613 1658 2686 da
1680 2614 1750 2702 ipsi
1774 2617 1850 2682 tres
1873 2613 1981 2702 pedes
2003 2616 2045 2684 in
2068 2632 2179 2701 super

318 2765 421 2834 illum
443 2768 542 2836 vobis
565 2768 778 2838 benumdedi
802 2788 914 2858 usque
929 2770 1006 2857 ipso
1022 2769 1200 2854 anditum,
1224 2765 1288 2856 qui
1312 2770 1366 2836 est
1382 2771 1506 2854 suptus
1522 2767 1600 2853 ipsa
1616 2767 1768 2836 ecclesia
1783 2785 1847 2854 per
1864 2766 2072 2856 supradicta
2088 2788 2179 2855 gua·

314 2919 374 2990 dia
397 2922 434 2987 et
459 2918 620 3006 obligata
642 2938 750 3008 pena,
774 2920 879 2992 etde
902 2919 963 3022 isti
981 2922 1056 2991 tres
1070 2919 1189 3008 pedes,
1214 2919 1308 2990 sicut
1329 2920 1464 2989 dictum
1486 2924 1554 3006 est,
1579 2921 1619 2988 in
1642 2935 1748 3006 super
1773 2917 1812 2986 in
1834 2937 1919 3007 pars
1947 2920 2175 3006 septemtrio-

315 3072 374 3140 nis
398 3090 514 3161 usque
538 3072 585 3143 ad
609 3071 685 3160 ipso
708 3073 873 3143 anditum
896 3073 958 3162 qui
982 3077 1037 3142 est
1059 3076 1184 3160 suptus
1208 3075 1286 3162 ipsa
1308 3074 1459 3144 ecelesia
1481 3073 1549 3143 tibi
1573 3071 1741 3144 iamdicto
1763 3073 1892 3142 stefani
1910 3072 2015 3140 illum
2029 3073 2177 3141 benum-

319 3224 399 3294 dedi
423 3243 488 3314 per
512 3226 719 3314 supradicta
741 3227 939 3316 mensoria,
956 3225 1113 3314 qualiter
1137 3226 1302 3316 superius
1321 3227 1470 3316 legitur,
1486 3243 1550 3316 per
1566 3225 1774 3315 supradicta
1789 3223 1925 3315 guadia
1942 3229 1979 3295 et
1993 3225 2177 3314 obbligata

312 3397 419 3468 pena,
437 3383 473 3450 et
491 3385 533 3449 ut
548 3381 690 3451 cartula
706 3383 778 3487 ista
793 3383 833 3451 in
848 3382 931 3453 aliis
946 3383 1060 3452 modis
1076 3401 1147 3452 non
1163 3381 1260 3451 siant
1274 3383 1504 3468 trasmutata,
1520 3379 1588 3450 due
1612 3397 1676 3468 per
1701 3397 1772 3448 uno
1795 3379 1912 3448 tinore
1934 3377 2020 3448 inde
2042 3377 2175 3466 scripte

312 3542 426 3625 sunt,
450 3537 523 3608 ista
546 3537 639 3626 quod
661 3539 730 3608 tibi
754 3537 923 3609 iamdicto
946 3538 1078 3609 stelani
1102 3537 1186 3606 inde
1209 3534 1357 3621 emisit,
1380 3537 1417 3603 et
1439 3532 1512 3603 alia
1535 3531 1610 3602 tale
1633 3533 1718 3602 inde
1742 3532 1879 3603 retineo
1902 3533 1949 3603 ad
1970 3550 2050 3603 mea
2072 3538 2172 3621 pote-

311 3696 458 3780 statem,
482 3695 519 3761 et
542 3691 666 3763 taliter
690 3690 847 3762 scribere
870 3691 1078 3780 rogabimus
1101 3693 1137 3760 te
1160 3689 1345 3777 iaquintus
1368 3689 1547 3774 notarius,
1571 3691 1692 3758 actum
1716 3685 1869 3756 salerno.

293 3805 299 3814 ¹
356 3816 389 3934 †
413 3845 489 3932 Ego
511 3845 685 3936 grimoalt

356 3971 387 4086 †
413 4000 488 4088 Ego
510 4003 649 4070 Petrus.

1031 4249 1424 4264 W*-

1070 4541 1394 4624 DCCXGIX.

1087 4807 1139 4883 A.
1169 4803 1218 4882 D.
1247 4799 1374 4882 1028.

352 5016 389 5155 †
414 5069 454 5136 ln
476 5069 624 5138 nomine
647 5067 781 5137 domini
804 5066 941 5136 decimo
964 5082 1059 5134 anno
1082 5063 1309 5151 principatus
1331 5061 1451 5130 domni
1476 5060 1589 5131 nostri
1616 5059 1813 5150 guaimarii
1829 5059 1895 5128 filii
1914 5061 2035 5132 domni
2056 5063 2162 5152 guai-

305 5219 425 5308 marii,
451 5219 604 5309 glorioso
626 5220 805 5309 princeps,
829 5235 949 5287 mense
974 5221 1140 5305 agustus,
1164 5216 1353 5286 undecima
1375 5215 1588 5285 indictione.
1615 5215 1907 5285 Memoratorium
1930 5216 2029 5286 factu
2052 5236 2076 5287 a
2100 5235 2158 5288 me

303 5393 419 5464 ursu,
444 5375 505 5464 qui
529 5375 633 5445 modo
654 5393 732 5443 sum
754 5372 970 5444 residentem
993 5373 1033 5440 in
1056 5373 1163 5440 rebus
1187 5368 1357 5440 imetanci
1382 5369 1505 5439 comiti
1529 5369 1596 5439 filii
1621 5368 1797 5456 quondam
1833 5367 2029 5457 imetanci,
2062 5371 2155 5456 quod

303 5530 387 5598 abet
410 5529 449 5597 in
472 5527 588 5596 locum
612 5527 760 5614 uliaria,
784 5528 821 5594 et
843 5523 917 5594 filio
940 5524 1119 5612 quondam
1143 5521 1313 5611 arechisi,
1337 5539 1379 5592 eo
1402 5522 1494 5611 quod
1518 5525 1605 5594 ante
1627 5521 1816 5608 subscripti
1842 5519 1978 5591 idoneis
2000 5519 2156 5590 homini·

302 5685 370 5751 bus
391 5681 544 5752 tradidit
567 5680 658 5749 mihi
682 5681 757 5768 ipse
781 5679 963 5768 predictus
987 5678 1185 5746 imetancus
1211 5695 1326 5748 comes
1349 5678 1425 5749 alia
1448 5681 1555 5750 rebus
1576 5679 1695 5750 suain
1711 5677 1910 5766 predictum
1926 5675 2041 5745 locum
2056 5674 2151 5744 ulia·

302 5837 360 5907 ria
383 5837 518 5906 finibus
541 5835 776 5924 salernitane,
800 5836 862 5905 ubi
887 5836 960 5906 iam
983 5837 1064 5906 abet
1086 5839 1316 5923 pastenatum
1338 5835 1484 5905 arbores
1507 5836 1543 5904 et
1565 5837 1670 5923 vites,
1692 5837 1728 5903 et
1750 5837 1805 5903 est
1827 5831 1908 5903 illut
1931 5831 2024 5920 quod
2056 5829 2146 5900 mibi

456 5993 525 6050 Tou.
548 6009 573 6049 r.
1923 5986 1959 6044 19
