5414 7098
979 613 1428 695 DlPLOMATlCUS
2039 633 2081 705 61

284 825 473 912 iaquintus
497 845 560 914 pro
584 848 668 915 pars
685 831 798 919 ipsius
821 834 1063 906 ecclesiecum
1088 841 1163 928 ipso
1187 861 1300 914 memo
1323 852 1500 937 causabit,
1525 857 1560 923 et
1583 871 1667 940 pars
1692 852 1803 940 ipsius
1826 857 1972 926 ecclesie
1997 858 2132 944 plicare

282 996 320 1046 se
344 997 425 1046 eum
450 999 517 1049 sua
541 985 683 1054 ratione
714 991 750 1056 et
779 987 854 1075 ipse
881 1009 995 1058 memo
1017 1011 1098 1059 cum
1126 1012 1192 1064 sua
1217 996 1380 1086 ratione,
1410 1004 1446 1070 et
1475 1001 1571 1072 iusta
1599 1004 1712 1092 legem
1737 1007 1832 1076 inter
1859 1027 1897 1077 se
1920 1009 2001 1078 inde
2025 1010 2133 1078 finem

281 1135 413 1220 facere3
439 1137 533 1206 unde
556 1139 632 1225 ipse
655 1159 769 1209 memo
791 1143 912 1228 posuit
936 1144 1166 1216 mediatorem
1189 1150 1299 1238 sergi,
1324 1153 1386 1238 qui
1411 1152 1479 1223 luit
1502 1153 1544 1224 de
1568 1161 1774 1226 surrentum
1796 1163 1832 1228 et
1855 1161 1956 1230 modo
1978 1169 2032 1231 est
2056 1165 2132 1232 abi·

277 1293 381 1358 tante
405 1287 444 1356 in
468 1293 627 1380 nucerie,
651 1299 686 1363 et
709 1295 805 1366 filius
827 1297 937 1386 sergi,
966 1304 1002 1367 et
1028 1300 1101 1386 ipse
1126 1301 1311 1388 iaquintus
1334 1323 1398 1391 pro
1418 1325 1500 1393 pars
1518 1308 1631 1395 ipsius
1647 1311 1793 1381 ecclesie
1810 1315 1928 1401 posuit
1944 1314 1977 1383 ei
1996 1316 2130 1385 media-

282 1447 400 1514 torem
418 1464 501 1514 urso
519 1446 694 1532 presbiter
710 1447 806 1516 filius
823 1447 985 1519 iohanni.
1008 1453 1052 1521 Et
1074 1471 1137 1540 pro
1152 1459 1255 1540 parte
1272 1455 1385 1541 ipsius
1408 1459 1553 1527 ecclesie
1576 1462 1730 1530 scribere
1755 1465 1902 1534 lecimus
1917 1473 1951 1536 te
1968 1469 2132 1554 superius

277 1595 399 1666 dictus
423 1596 608 1684 iaquintus
631 1599 804 1669 notarius.

325 1721 356 1836 †
381 1751 455 1838 Ego
477 1751 540 1838 qui
564 1770 673 1839 supra
698 1753 763 1822 leo.

1006 2015 1411 2031 ——-———.....

1041 2299 1370 2383 DCCXLIV.

1056 2569 1109 2644 A.
1137 2565 1187 2642 D.
1216 2564 1344 2647 1022.

323 2773 413 2914 †ln
427 2823 572 2893 nomine
588 2825 720 2893 domini
743 2843 838 2894 anno
862 2825 1041 2894 tricesimo
1065 2833 1192 2914 quarto
1215 2831 1439 2918 principatus
1455 2831 1575 2900 domni
1593 2832 1704 2899 nostri
1719 2832 1918 2920 guaimari,
1943 2841 1977 2902 et
2002 2835 2128 2920 quinto

277 2995 375 3044 anno
393 2978 618 3065 principatus
640 2977 758 3045 domni
783 2977 962 3066 guaimari
978 2979 1055 3047 eius
1072 2979 1156 3066 filio,
1174 2980 1320 3066 gloriosi
1338 2983 1574 3071 principibus,
1593 3001 1712 3052 mense
1729 2986 1932 3071 nobember,
1948 2991 2051 3054 sexta
2074 2988 2129 3054 in·

279 3134 448 3203 dictione.
473 3136 763 3202 memoratorium
787 3135 884 3203 sactu
909 3155 932 3203 a
954 3153 1011 3202 me
1035 3135 1088 3203 leo
1111 3134 1185 3202 filio
1208 3135 1299 3220 ursi,
1322 3154 1364 3203 eo
1387 3136 1480 3222 quod
1503 3140 1587 3204 ante
1602 3136 1793 3223 subscripti
1814 3141 1922 3207 testes
1946 3158 2008 3226 per
2032 3143 2126 3210 bona

274 3287 542 3358 combenientia
566 3287 715 3358 tradidit
742 3288 830 3355 mihi
854 3289 952 3375 riso,
984 3287 1079 3355 filius
1101 3286 1280 3374 quondam
1303 3288 1393 3374 petri
1419 3287 1461 3355 de
1486 3287 1565 3354 locu
1590 3285 1706 3354 sancti
1733 3287 1871 3375 teccla,
1899 3289 2128 3360 medietatem

274 3449 376 3514 terra
412 3461 477 3513 sua
511 3461 593 3510 cum
623 3461 707 3511 casa
739 3443 871 3512 trabita
894 3443 1051 3512 solarata
1082 3443 1125 3510 de
1149 3441 1246 3508 intus
1268 3459 1337 3508 anc
1359 3439 1620 3508 salernitanam
1643 3441 1815 3528 cibitate,
1844 3442 1936 3527 quod
1966 3447 2052 3512 ante
2086 3463 2125 3513 os

275 3615 390 3667 annos
413 3596 488 3683 ipse
512 3595 585 3662 riso
609 3595 688 3682 ipsa
710 3599 809 3663 terra
832 3614 913 3662 cum
938 3613 1023 3664 casa
1046 3597 1216 3682 paratum
1239 3595 1321 3662 abet
1343 3593 1389 3661 da
1412 3593 1464 3660 tili
1487 3593 1689 3680 truppoaldi
1712 3599 1748 3663 et
1771 3594 1818 3663 da
1842 3597 2014 3664 uxoribus
2047 3596 2127 3664 illo-

274 3771 382 3839 rum;
409 3753 500 3839 ideo,
525 3753 619 3820 sicut
641 3749 808 3836 diximus,
833 3750 1058 3818 medietatem
1081 3749 1161 3836 ipsa
1183 3755 1282 3820 terra
1305 3769 1385 3817 cum
1409 3771 1492 3822 oasa
1515 3743 1605 3820 mihi
1628 3751 1672 3821 ad
1695 3751 1887 3821 tenendum
1909 3756 1945 3820 et
1967 3753 2127 3824 residen-

275 3906 361 3975 dum
386 3907 568 3995 tradidit,
603 3907 663 3992 qui
688 3909 742 3974 est
764 3909 865 3974 terra
888 3903 967 3991 ipsa
988 3922 1069 3970 cum
1092 3923 1176 3973 casa
1200 3905 1297 3972 intus
1319 3903 1479 3990 predicta
1501 3905 1648 3973 cibitate
1671 3925 1694 3974 a
1717 3908 1841 3974 subtus
1865 3910 1901 3975 et
1924 3907 2125 3995 propinquo

273 4058 427 4129 ecclesia
450 4059 545 4129 santi
569 4058 762 4144 salbatori;
785 4057 878 4127 unde
901 4074 966 4145 pro
988 4055 1110 4126 taliter
1132 4075 1196 4144 per
1220 4059 1312 4124 bona
1335 4056 1598 4126 combenientia
1621 4057 1756 4144 guadia
1778 4058 1869 4126 mibi
1885 4059 1961 4147 ipse
1977 4061 2051 4131 riso
2067 4062 2127 4131 de·
2201 4091 2204 4100 =

273 4215 350 4302 dit,
375 4219 411 4284 et
434 4215 664 4286 mediatorem
688 4215 776 4286 mibi
800 4217 920 4304 posuit
941 4215 1087 4303 seipsu,
1111 4215 1177 4284 tali
1200 4215 1352 4301 ordine,
1375 4217 1416 4281 ut
1440 4212 1564 4282 amodo
1586 4219 1622 4283 et
1645 4232 1756 4300 usquc
1779 4215 1897 4285 tribus
1920 4219 2007 4287 anni
2032 4237 2127 4290 com-

269 4368 363 4455 pleti
389 4369 504 4438 licead
527 4388 584 4438 me
606 4373 642 4438 et
664 4369 753 4437 meis
776 4367 940 4436 eredibus
963 4370 999 4436 et
1022 4365 1148 4452 omnis,
1162 4365 1254 4452 quod
1277 4382 1342 4432 nos
1373 4364 1422 4432 ibi
1444 4365 1659 4453 miserimus,
1675 4367 1882 4453 supradicta
1899 4369 2126 4442 medietatem

273 4527 376 4592 terra
399 4541 480 4591 oum
503 4539 588 4591 casa
610 4525 731 4589 nostre
754 4518 940 4608 potestatis
961 4522 1084 4587 tencre
1099 4521 1135 4586 et
1150 4519 1349 4606 dominare,
1366 4524 1401 4590 et
1416 4519 1548 4588 ibidem
1564 4519 1719 4588 residere
1736 4524 1772 4589 et
1788 4523 1943 4610 abitare,
1956 4527 1993 4592 et
2008 4527 2124 4594 omnis

270 4679 393 4744 nostre
419 4675 591 4746 utilitatis
614 4673 711 4745 iusta
733 4676 905 4744 rationem
930 4671 1061 4741 ibidem
1085 4673 1201 4742 facere
1221 4693 1231 4760 3
1255 4676 1291 4741 et
1313 4691 1376 4760 per
1399 4675 1493 4741 bona
1516 4673 1779 4743 combenientia
1802 4693 1864 4761 per
1887 4677 1966 4762 ipsa
1988 4677 2123 4765 guadio

262 4827 449 4915 obligavit
485 4845 522 4895 se
559 4828 635 4914 ipse
671 4826 744 4893 riso
779 4845 890 4912 usque
915 4824 982 4911 ipsi
1006 4823 1123 4893 tribus
1146 4822 1234 4893 anni
1257 4823 1319 4891 ille
1341 4825 1379 4891 et
1401 4841 1482 4890 suos
1504 4823 1596 4892 filios
1619 4828 1654 4892 et
1676 4825 1799 4894 eredes
1821 4826 2007 4897 defensare
2031 4831 2122 4901 mihi

267 4979 409 5068 meique
433 4978 599 5048 eredibus
624 4977 752 5047 inclita
775 4978 983 5065 supradicta
1006 4977 1233 5082 medietatem
1257 4981 1356 5045 terra
1380 4995 1462 5046 cum
1485 4996 1581 5064 casa,
1606 4997 1686 5046 cum
1709 4979 1787 5047 bice
1810 4977 1853 5047 de
1870 4979 1930 5048 bia
1945 4985 1980 5048 et
1996 4982 2121 5054 andita

265 5152 348 5221 sua,
372 5134 419 5204 da
443 5152 564 5203 omnes
588 5133 723 5199 omines
746 5131 912 5217 omnique
935 5131 1111 5217 partibus:
1137 5129 1183 5199 ad
1206 5129 1377 5216 completo
1401 5130 1476 5216 ipso
1499 5132 1732 5199 constitutum
1756 5132 1870 5202 licead
1893 5091 1948 5202 me
1971 5140 2008 5205 et
2032 5140 2121 5208 meis

271 5287 440 5355 eredibus
463 5285 549 5355 inde
571 5286 672 5354 exire
694 5305 774 5354 cum
798 5285 912 5352 omnis
934 5287 1054 5354 nostre
1076 5301 1186 5352 causa
1210 5287 1246 5352 et
1270 5283 1337 5370 ire,
1361 5283 1423 5352 ubi
1448 5283 1691 5373 boluerimus,
1721 5291 1757 5356 et
1779 5287 1908 5357 inclita
1931 5290 2121 5364 medietate

265 5441 365 5509 terra
387 5457 469 5507 oum
492 5455 577 5508 casa
601 5437 831 5507 remittamus
854 5437 899 5507 ad
923 5439 1132 5523 potestatem
1156 5455 1291 5524 suaque
1315 5436 1395 5525 risi,
1412 5438 1466 5506 vel
1489 5437 1534 5508 ad
1557 5439 1634 5506 eius
1656 5441 1802 5528 eredes;
1829 5448 1987 5532 tantum,
2007 5446 2037 5514 si
2062 5445 2119 5515 in·

264 5594 321 5662 lta
339 5595 420 5680 ¹ipso
443 5593 651 5662 costitutum
675 5611 738 5680 per
762 5590 1030 5678 generationem
1048 5565 1212 5659 arrimita
1234 5579 1260 5672 ¹)
1283 5590 1420 5676 luerit,
1452 5590 1575 5660 demus
1603 5593 1635 5660 ei
1661 5593 1884 5664 medietatem
1907 5598 2117 5684 supradicta

304 5923 327 6006 'l'
350 5930 517 6006 arrimitc,
542 5931 630 5994 idest
652 5936 794 6011 arrepta.
819 5931 997 6002 Arrimera
1022 5929 1116 5990 deest
1141 5929 1174 5990 in
1196 5929 1245 5991 Du
1269 5929 1391 6007 Gange.
