5422 7102
1024 541 1424 618 lllPLOMATlCUS

1057 1011 1375 1094 DCCCXLI.

1080 1269 1135 1345 A.
1164 1267 1214 1344 D.
1243 1266 1365 1348 1031.

343 1504 445 1642 †1n
466 1556 611 1623 nomine
633 1555 768 1625 domini
790 1555 1052 1643 quartodecimo
1080 1575 1176 1627 anno
1198 1560 1422 1646 principatus
1450 1557 1570 1626 domni
1604 1559 1717 1626 nostri
1752 1557 1931 1646 guaimari
1965 1556 2140 1646 gloriosus

294 1705 479 1793 princeps,
494 1706 592 1774 filius
608 1705 786 1793 quondam
802 1707 922 1776 domni
939 1707 1122 1795 guaimari
1139 1708 1325 1796 principis,
1340 1727 1460 1776 mense
1471 1710 1674 1796 nobember‚
1688 1707 1953 1795 quintadecima
1976 1709 2139 1778 indictio·

292 1875 350 1924 ne.
369 1859 661 1927 Memoratorium
683 1859 781 1928 sactu
804 1878 827 1928 a
848 1876 905 1928 me
928 1859 1157 1947 truppoaldus
1172 1860 1230 1929 dei
1252 1860 1374 1948 gratia
1388 1862 1525 1930 habbas
1547 1859 1667 1929 scriba
1688 1858 1817 1946 palatii
1840 1860 1990 1930 ecclesie
2014 1865 2139 1940 sancte

292 2013 404 2081 marie
426 2013 665 2098 pertinentem
687 2011 884 2100 supradicti
907 2013 1054 2101 mangni
1080 2013 1252 2101 principis
1275 2013 1376 2082 etde
1399 2012 1564 2101 germani
1586 2013 1644 2082 sui
1668 2015 1705 2081 et
1728 2014 1878 2082 iohanni
1901 2013 2041 2100 comiti,
2064 2015 2143 2083 thio

291 2163 432 2230 illorum
455 2163 529 2230 filio
552 2163 672 2232 domni
695 2163 842 2235 iohanni
866 2165 952 2233 olim
974 2163 1163 2254 principis,
1187 2183 1228 2233 eo
1250 2165 1344 2252 quod
1367 2147 1453 2234 ante
1474 2163 1664 2252 subscripti
1690 2167 1799 2234 testes
1822 2181 1885 2251 per
1908 2165 2139 2233 combenien-

289 2316 344 2384 tia
365 2314 545 2383 contunsit
567 2333 624 2383 me
646 2335 729 2384 cum
750 2318 895 2405 ebreis,
929 2319 944 2386 i
972 2323 1057 2386 sunt
1081 2319 1177 2405 iosap
1200 2315 1296 2385 filius
1319 2315 1417 2402 elie,
1441 2321 1477 2386 et
1498 2315 1646 2404 gautius
1669 2315 1766 2384 filius
1788 2315 1965 2402 samueli,
1989 2319 2141 2386 abraam

292 2469 387 2536 filius
409 2467 581 2556 manueli,
605 2472 642 2537 et
664 2471 759 2538 maio
774 2469 872 2538 filius
894 2469 1043 2556 moisen,
1069 2470 1231 2556 iaquinto
1254 2467 1351 2536 filius
1374 2467 1504 2556 gaudi,
1529 2470 1677 2537 abraam
1694 2467 1790 2535 filius
1806 2467 1888 2554 elie,
1905 2467 2030 2554 esagia
2045 2467 2143 2535 tilius

292 2621 409 2708 calep,
433 2621 636 2690 minachem
659 2621 755 2690 filius
777 2620 845 2690 elie
868 2626 1011 2710 propter
1033 2640 1146 2690 unum
1168 2627 1314 2710 puteum
1331 2624 1569 2711 pertinentem
1592 2622 1704 2710 ipsius
1728 2621 1892 2709 ecclesie,
1917 2640 1986 2709 que
2010 2622 2145 2691 factum

210 2747 211 2750 Ἴ
290 2775 342 2840 est
366 2772 405 2839 in
429 2776 528 2842 terra
552 2772 664 2860 ipsius
686 2773 832 2842 ecclesie
856 2773 955 2842 intus
977 2775 1043 2842 hec
1067 2775 1213 2843 civitate
1236 2775 1333 2842 intus
1349 2775 1428 2860 ipsa
1444 2774 1601 2862 iudaice,
1626 2774 1688 2862 qui
1711 2775 1754 2842 de
1776 2794 1823 2843 ex
1847 2777 1943 2843 omui
1968 2781 2071 2861 parte
2087 2777 2133 2846 ad

289 2930 359 2992 ilne
383 2925 495 3010 ipsius
519 2924 666 2991 ecclesie
691 2926 898 2993 coniuntum
920 2930 989 3011 est,
1011 2930 1047 2993 et
1070 2926 1144 2993 iam
1167 2925 1242 3011 ipse
1266 2929 1411 3012 puteum
1442 2925 1485 2994 dc
1509 2931 1593 2994 anto
1628 2944 1665 2992 cs
1691 2943 1804 2994 annos
1839 2925 1907 3012 ipsi
1932 2926 2030 2993 ebrci
2062 2946 2143 2992 rum

289 3077 371 3145 aliis
394 3077 441 3146 da
462 3096 547 3163 pars
571 3077 684 3164 ipsius
706 3076 853 3145 ecclesie
869 3081 1076 3146 tenuerunt.
1092 3077 1193 3145 Modo
1210 3077 1354 3164 quidem
1369 3079 1675 3148 combenientibus
1690 3079 1787 3148 inter
1804 3080 1917 3165 nobis,
1934 3095 2001 3166 ego
2016 3083 2141 3148 autem

290 3229 440 3299 tradidit
464 3231 539 3317 ipso
562 3235 708 3318 puteum
731 3231 890 3317 ipsorum
911 3232 1010 3300 ebrei
1033 3231 1072 3298 in
1095 3230 1161 3300 tali
1184 3229 1321 3318 ordine,
1345 3235 1386 3299 ut
1409 3231 1532 3300 amodo
1555 3236 1591 3300 et
1613 3249 1725 3318 usque
1747 3229 1879 3318 biginti
1902 3233 2029 3298 nobem
2046 3211 2136 3299 anni

290 3385 445 3470 completi
471 3384 518 3452 ad
535 3384 677 3452 illorum
701 3383 774 3452 sint
801 3387 1011 3470 potestatem
1034 3383 1116 3452 illut
1130 3383 1325 3453 tenendum
1340 3387 1377 3452 et
1393 3382 1558 3452 conciare
1575 3381 1652 3471 ipso
1667 3385 1827 3471 puteum,
1844 3384 1937 3451 siout
1959 3383 2003 3450 de
2026 3389 2137 3452 antea

289 3534 356 3603 luit
379 3535 512 3602 sactum
536 3538 572 3600 et
594 3535 810 3621 cunctatum,
836 3536 873 3600 et
890 3531 1055 3620 desuper
1072 3533 1454 3603 faciantcammarella
1471 3530 1510 3622 ¹),
1536 3539 1571 3603 et
1594 3535 1645 3602 sic
1667 3533 1817 3604 beniant
1840 3535 1949 3620 sacta,
1973 3537 2067 3603 sicut
2090 3536 2132 3602 dc

289 3694 396 3760 antea
419 3691 501 3777 fuit,
525 3693 565 3758 ut
588 3689 635 3758 da
657 3693 759 3775 parte
782 3688 929 3757 meridie
951 3691 1056 3759 abeat
1078 3690 1155 3757 vice
1177 3689 1221 3757 de
1244 3691 1304 3759 bia
1327 3689 1373 3758 ad
1396 3689 1608 3758 auriendum
1631 3709 1728 3777 aqua
1751 3690 1794 3758 de
1817 3690 1892 3777 ipso
1915 3693 2076 3776 puteum,
2095 3696 2131 3758 et

288 3840 362 3909 illis
385 3846 423 3910 et
446 3839 589 3910 illorum
612 3841 733 3910 eredes
756 3844 969 3927 potestatem
989 3843 1122 3910 abeant
1143 3842 1187 3910 de
1210 3842 1286 3930 ipso
1309 3846 1454 3928 puteum
1477 3861 1611 3928 aquam
1634 3841 1771 3930 aurire,
1788 3847 1823 3912 et
1847 3841 1971 3910 tollere
1995 3847 2135 3928 quanta

288 3994 454 4083 boluerit,
478 3998 515 4064 et
536 3998 680 4082 portare
704 3994 750 4063 ad
773 3993 896 4061 domus
918 3992 1076 4081 illorum,
1091 3998 1127 4062 et
1143 3992 1291 4062 licentia
1305 3997 1454 4064 aberent
1477 3993 1549 4062 illis
1572 3993 1619 4063 ad
1642 3993 1713 4063 alie
1735 3993 1849 4062 ebreis
1873 4013 1969 4081 aqua
1992 3995 2035 4064 de
2062 3996 2137 4083 ipso

287 4151 433 4234 puteum
457 4147 544 4217 dare
567 4148 613 4216 ad
637 4145 853 4216 auriendum
878 4150 1016 4234 quanta
1039 4147 1204 4235 boluerit,
1220 4151 1256 4216 et
1271 4147 1412 4217 nullam
1428 4149 1597 4216 lesionem
1612 4151 1676 4216 aut
1692 4150 1984 4217 contrarietatem
1999 4148 2136 4216 faciant

287 4320 311 4370 a
338 4301 435 4369 foras
459 4297 535 4387 ipso
558 4304 705 4386 puteum
730 4299 769 4366 in
794 4297 875 4366 illut
897 4297 990 4385 quod
1006 4299 1045 4365 in
1062 4298 1141 4384 ipsa
1156 4299 1306 4368 ecclesia
1321 4299 1488 4386 pertinet,
1504 4304 1540 4368 et
1553 4318 1618 4388 pro
1633 4295 1779 4369 censum
1795 4299 1924 4368 exinde
1939 4318 2002 4386 per
2018 4301 2135 4366 omnis

288 4470 388 4519 annu
413 4451 538 4520 amodo
559 4454 596 4518 et
619 4468 730 4537 usque
757 4449 831 4538 ipso
854 4451 1088 4518 constitutum
1111 4450 1241 4520 darent
1263 4451 1351 4518 mihi
1383 4452 1436 4519 vel
1463 4455 1498 4519 iu.
1524 4471 1606 4540 pars
1629 4453 1741 4538 ipsius
1757 4452 1902 4519 ecclesio
1926 4451 1965 4519 in
1989 4453 2133 4521 chalon-

285 4605 339 4674 dis
362 4604 569 4695 septembrii
593 4605 725 4673 mensis
748 4605 820 4673 dua
842 4605 947 4690 paria
969 4604 1012 4672 de
1036 4607 1116 4673 otra
1130 4591 1157 4688 ²)
1180 4605 1332 4691 caprina
1355 4606 1448 4674 bona
1470 4606 1618 4692 obtima,
1641 4604 1758 4691 qualis
1781 4605 1945 4674 meliores
1969 4623 2007 4672 se
2036 4607 2137 4673 inbe-

284 4761 365 4828 nire
386 4761 545 4848 potuerit
567 4760 663 4827 inter
687 4760 766 4845 ipsa
788 4757 947 4844 iudaica,
975 4757 1054 4824 sine
1070 4757 1165 4823 omni
1181 4755 1324 4825 macula
1346 4761 1381 4826 et
1404 4755 1551 4843 lesione,
1575 4760 1611 4825 et
1634 4774 1747 4824 unum
1770 4755 1919 4843 cingulu
1946 4759 2079 4825 bonum
2098 4758 2141 4827 de

284 4912 398 4982 sirion
419 4913 607 4999 mundum,
631 4910 725 4978 sicut
748 4907 933 4993 merueril3
958 4911 993 4975 et
1016 4908 1047 4974 si
1071 4906 1240 4976 forsitans
1263 4908 1352 4975 mihi
1377 4910 1432 4977 vel
1455 4908 1494 4976 in
1518 4928 1602 4996 pars
1627 4908 1739 4997 ipsius
1772 4910 1918 4979 ecclesie
1951 4928 2022 4978 non
2055 4911 2129 4996 pla-

285 5065 400 5134 cuerit
423 5065 547 5133 tollere
570 5065 761 5151 ipsaotra,
785 5060 883 5129 stetit
906 5060 1000 5127 inter
1023 5059 1139 5145 nobis,
1163 5062 1203 5126 ut
1227 5078 1289 5145 per
1313 5058 1428 5128 omnis
1443 5079 1543 5129 annu
1558 5080 1621 5148 per
1637 5061 1716 5148 ipsa
1731 5061 1905 5132 kalendas
1921 5061 2009 5132 dare
2026 5065 2128 5131 nobis

283 5234 348 5304 pro
371 5217 449 5304 ipsa
471 5220 549 5286 otra
571 5216 640 5283 duo
663 5215 744 5284 auri
768 5211 841 5281 tari
864 5211 947 5277 boni
971 5209 1014 5277 de
1037 5215 1180 5280 moneta
1205 5212 1297 5280 bona
1319 5216 1356 5279 et
1376 5211 1532 5280 medium
1548 5216 1622 5282 tari
1637 5218 1673 5284 et
1689 5215 1805 5302 ipsum
1828 5215 2017 5302 cingnum,
2036 5216 2132 5283 sicut

291 5472 603 5481 mnu-..a-
614 5469 697 5477 -.--

329 5649 353 5723 ¹)
374 5649 599 5719 commorcllo,
625 5665 684 5706 vox
708 5644 867 5720 vul-garis,
894 5642 980 5703 idest
1003 5641 1164 5702 aedicula.

331 5792 354 5871 ²)
376 5799 465 5854 otro:
489 5799 574 5852 uter.
