5414 7098
1021 547 1419 623 lllPLOMATlCUS
1646 551 1652 562 '
2079 551 2101 620 5

303 777 518 864 completum
542 777 671 846 inclita
694 775 941 864 suprascripta
964 776 1178 846 tradietione
1202 797 1282 845 cum
1307 777 1422 864 ipsum
1449 779 1535 867 lagu
1562 783 1773 868 perveniant
1802 780 1847 850 ad
1871 781 2031 866 nestram
2055 778 2152 862 pote-

272 919 276 927 ’
301 931 442 998 statem.
471 929 564 998 unde
589 947 653 1017 pro
676 931 799 999 taliter
823 928 957 1018 guadia
981 929 1082 996 nobis
1098 929 1287 1016 dederunt,
1303 934 1340 997 et
1363 929 1575 998 mediatores
1598 933 1701 1000 nobis
1717 935 1913 1018 posuerunt
1935 948 1973 998 se
1989 925 2090 1016 ipsis3
2115 929 2151 994 91

302 1100 366 1168 per
392 1083 472 1170 ipsa
496 1083 634 1171 guadia
657 1085 832 1172 obligavit
855 1103 891 1152 se
914 1087 950 1152 ct
973 1083 1049 1150 suis
1072 1081 1263 1168 eredibus,
1299 1084 1340 1148 ut
1374 1081 1404 1147 si
1432 1080 1563 1168 aliquit
1587 1082 1669 1150 inde
1694 1085 1876 1152 remobere
1900 1085 1964 1150 aut
1988 1085 2153 1150 eontrare

300 1235 488 1324 quesierit,
512 1255 722 1324 componere
745 1238 997 1324 obligaverunt
1021 1255 1057 1304 se
1081 1241 1117 1304 91
1140 1235 1215 1303 suis
1238 1234 1403 1304 eredibus
1428 1233 1559 1322 biginti
1583 1235 1666 1302 auri
1691 1234 1820 1302 solides
1836 1234 2102 1320 constantines,
2119 1237 2154 1302 91

303 1391 425 1459 omnia
446 1391 694 1478 suprascripta
717 1389 821 1458 nobis
843 1389 1027 1477 eomplire,
1050 1393 1086 1458 91
1109 1391 1205 1455 hunc
1231 1389 1372 1455 brebem
1395 1388 1523 1474 scripsi
1548 1407 1614 1474 ego
1639 1389 1811 1457 iohannes
1835 1387 2008 1457 notarius.

346 1515 376 1631 †
402 1545 478 1631 Ege
501 1543 607 1612 lande

345 1667 376 1783 †
404 1700 478 1784 Ego
501 1697 660 1766 ioannes.

1116 2218 1342 2302 DC'CXI·

1101 2481 1156 2557 A.
1184 2479 1235 2556 D.
1263 2478 1386 2560 1018.

354 2719 389 2858 †
415 2773 454 2837 In
477 2772 620 2840 nemine
644 2771 778 2840 demini
804 2790 899 2841 anne
923 2771 1104 2840 tricesimo
1128 2769 1352 2859 principatus
1375 2772 1496 2840 domni
1521 2771 1634 2841 nestri
1659 2771 1856 2859 guaimari,
1874 2777 1907 2840 et
1925 2774 2040 2858 prime
2063 2790 2160 2840 anno

307 2927 536 3014 principatus
560 2926 681 2992 domni
706 2927 887 3013 guaimari
911 2927 989 2994 eius
1012 2925 1098 3012 filie,
1123 2925 1269 3012 gloriosi
1293 2925 1528 3012 principibus
1554 2942 1674 2992 mensa
1699 2926 1904 3010 nobembar,
1921 2925 2078 2994 secunda
2103 2926 2157 2993 in·

306 3079 474 3149 dictione.
500 3081 786 3148 Memoraterium
811 3081 944 3149 sactum
967 3097 1060 3148 ame
1077 3083 1199 3166 petrus
1222 3076 1430 3146 atrianense
1453 3073 1527 3141 filie
1551 3075 1728 3161 quendam
1752 3041 1862 3164 sergi,
1886 3095 1927 3144 ee
1950 3077 2042 3163 quod
2073 3085 2160 3146 ante

306 3232 497 3320 subscripti
523 3233 658 3301 idoneis
683 3233 887 3302 hominibus
910 3250 973 3318 par
998 3235 1089 3300 bena
1112 3230 1372 3298 comvenicntia
1397 3231 1443 3298 ad
1465 3230 1657 3298 tenendum
1680 3236 1717 3298 et
1740 3231 2001 3317 pasteuandum
2024 3233 2160 3302 tradidi

309 3385 415 3474 ligeri
441 3385 515 3452 filie
538 3387 703 3473 stephani
728 3405 801 3454 una
824 3385 924 3471 pccia
947 3384 989 3452 de
1014 3391 1111 3452 terra
1136 3402 1238 3470 mea,
1274 3403 1342 3471 que
1377 3386 1464 3453 abee
1489 3383 1526 3449 in
1552 3383 1667 3451 lecum
1691 3384 1922 3471 trasbencia,
1948 3386 2010 3454 ubi
2031 3389 2160 3475 propio

308 3539 353 3607 ad
377 3539 506 3626 tegera'
526 3539 672 3626 dicitur;
698 3558 738 3608 as
761 3541 851 3607 fines
874 3543 910 3607 91
933 3557 1120 3608 mensuras
1144 3541 1237 3607 abet:
1262 3537 1305 3605 de
1330 3555 1402 3605 una
1426 3541 1529 3622 parte
1552 3536 1624 3604 fine
1647 3536 1707 3605 via
1730 3538 1872 3623 publica
1889 3541 2091 3627 quepergit
2109 3543 2156 3608 ad

308 3713 420 3780 mare,
445 3694 529 3762 inde
553 3712 675 3782 passos
699 3695 1136 3783 quadragintaquinque:
1163 3692 1235 3763 alia
1260 3711 1413 3777 namque
1438 3695 1541 3775 parte
1565 3691 1634 3758 fine
1661 3689 1811 3778 ballene,
1828 3691 1911 3760 inde
1925 3711 2046 3778 passos
2073 3714 2160 3780 qua-

308 3846 477 3935 draginta
500 3848 671 3935 quinque,
696 3845 879 3934 longitude
903 3865 985 3913 vero
1010 3847 1052 3914 dc
1076 3846 1236 3913 anbebus
1259 3843 1432 3912 lateribus
1448 3862 1520 3912 ana
1543 3860 1663 3930 passos
1679 3847 1823 3912 centum
1840 3845 1879 3912 in
1895 3844 1973 3932 ipsa
1988 3851 2092 3932 parte
2111 3851 2159 3918 da

309 4020 408 4070 mare
431 4001 478 4070 da
501 4003 578 4088 ipse
601 4000 742 4070 ballene
767 4017 877 4087 usque
902 4001 940 4067 in
965 3998 1044 4086 ipsa
1068 3999 1127 4066 via
1151 3996 1315 4085 publiea,
1339 4017 1448 4085 quam
1471 4002 1507 4066 91
1529 3997 1572 4066 de
1595 3997 1672 4083 ipsa
1696 3995 1771 4067 alia
1794 3997 1969 4066 lateribus
1992 4002 2160 4087 partibus

311 4155 358 4226 da
381 4157 452 4224 fine
479 4157 555 4242 ipse
579 4153 720 4223 vallona
743 4159 779 4221 91
803 4161 916 4240 usque
940 4154 978 4220 in
1003 4154 1081 4240 ipsa
1105 4155 1166 4222 via
1189 4154 1235 4222 da
1258 4171 1370 4223 mare.
1396 4172 1459 4241 per
1483 4154 1672 4224 iamdictus
1697 4153 1786 4223 fines
1808 4159 1844 4223 91
1868 4173 2057 4224 mensuras
2081 4177 2162 4226 cum

309 4311 386 4377 vice
409 4309 452 4377 dc
477 4309 536 4376 via
561 4327 627 4378 sua
649 4325 715 4394 ego
737 4307 767 4375 ei
794 4306 928 4376 tradidi
953 4306 1018 4376 tali
1043 4307 1179 4393 ordine,
1204 4307 1251 4374 ud
1274 4308 1398 4376 amede
1423 4306 1582 4375 lacerent
1604 4305 1656 4374 ibi
1680 4307 1864 4395 reditum,
1888 4314 1924 4377 91
1948 4309 2081 4378 ibidem
2105 4330 2164 4377 19-

310 4462 425 4530 sidere
449 4465 485 4530 et
508 4461 689 4530 evitarent
712 4465 748 4529 91
771 4473 854 4528 sues
877 4460 1026 4547 eredaS,
1052 4461 1210 4528 9119199
1233 4463 1269 4528 91
1292 4477 1412 4526 omnes
1436 4477 1499 4526 sue
1522 4458 1673 4528 utilitati
1710 4461 1806 4530 iusta
1829 4461 2004 4534 rationem
2031 4465 2083 4532 ibi
2109 4467 2166 4535 sa·

310 4619 447 4702 cenent,
472 4620 506 4683 91
528 4618 604 4682 teta
630 4632 686 4682 res
710 4615 789 4702 ipsa
812 4618 1002 4702 pastenaro
1025 4613 1091 4682 viti
1114 4613 1157 4680 de
1181 4616 1270 4681 bene
1292 4612 1425 4680 vitinee
1448 4616 1483 4680 91
1505 4612 1644 4698 pemb,
1669 4619 1704 4680 ct
1739 4633 1886 4701 surgere
1921 4623 1957 4685 et
1981 4619 2157 4689 edificare

310 4769 441 4838 ibidem
458 4771 617 4856 perfecta
641 4769 759 4854 vinea;
784 4773 820 4836 et
842 4773 1016 4856 quantum
1039 4767 1162 4834 vinum
1185 4772 1221 4834 et
1232 4785 1336 4853 poma
1352 4765 1482 4834 exinde
1496 4766 1628 4834 exierit
1645 4769 1769 4836 amede
1793 4774 1828 4837 91
1845 4787 1956 4856 usquc
1972 4773 2156 4860 quadtuer

311 4923 399 4992 anni
423 4921 618 5009 completi,
655 4927 768 4990 tetum
792 4928 882 4990 esset
905 4941 967 4989 sue
1002 4918 1214 5008 potestatis,
1239 4918 1438 4987 laciendum
1469 4937 1537 5004 que
1573 4917 1739 4988 beluerit.
1763 4923 1808 4988 Et
1830 4921 1875 4991 da
1898 4924 2065 5011 completi
2091 4929 2162 5014 ipsi

311 5076 485 5164 quadtuer
508 5076 595 5146 anni
619 5077 658 5143 in
682 5081 790 5146 antea
813 5093 923 5162 usque
947 5075 1112 5162 completi
1135 5073 1321 5142 duedecim
1345 5073 1447 5159 anni,
1471 5091 1534 5159 per
1557 5091 1678 5142 omnes
1702 5093 1840 5142 annum
1861 5096 1923 5163 per
1940 5083 2100 5166 tempum
2116 5082 2161 5149 de

312 5229 489 5298 vindemie
512 5229 649 5297 saciant
671 5229 732 5297 ille
754 5235 791 5297 91
813 5246 893 5296 sues
916 5227 1038 5296 eredes
1062 5229 1196 5296 seirent
1221 5245 1282 5294 nos
1305 5231 1341 5294 91
1364 5225 1498 5293 nestris
1521 5225 1700 5312 eredibus,
1726 5232 1765 5295 ut
1789 5246 1852 5296 nes
1874 5231 1924 5299 ibi
1950 5251 2160 5320 pergamus,

312 5381 368 5449 vcl
391 5381 595 5470 dirigamus
618 5383 742 5450 misses
765 5373 913 5470 nester,
936 5387 972 5452 91
996 5383 1056 5451 1119
1080 5381 1136 5449 vol
1158 5383 1236 5449 eius
1259 5380 1381 5448 eredes
1404 5382 1481 5448 teta
1516 5379 1595 5465 ipsa
1618 5379 1722 5449 vinea
1746 5383 2006 5454 rationaviliter
2032 5388 2160 5457 vinde-

312 5539 451 5622 miare,
475 5542 511 5605 91
532 5555 654 5604 omnes
677 5537 801 5604 vinum
824 5543 860 5606 et
882 5555 986 5624 poma
1009 5535 1138 5605 exinde
1162 5553 1224 5622 per
1249 5533 1478 5602 medietatem
1502 5534 1552 5601 ibi
1577 5535 1622 5602 ad
1646 5535 1867 5621 palmentum
1891 5539 2093 5612 dividerent
2123 5546 2162 5614 iu

314 5693 492 5777 palmento
514 5713 591 5780 sue,
615 5693 679 5780 qui
703 5675 763 5760 ille
788 5693 839 5761 ibi
862 5691 1014 5778 lecerit,
1038 5697 1075 5760 et
1097 5695 1272 5777 reponant
1294 5687 1357 5756 1119
1382 5690 1435 5757 vel
1462 5691 1539 5758 eius
1563 5690 1686 5759 eredes
1711 5693 1788 5778 ipsa
1819 5699 1942 5763 nestra
1966 5697 2165 5767 sortienem

313 5845 356 5916 dc
380 5851 456 5934 ipso
480 5847 604 5916 vinum
630 5847 667 5914 in
691 5863 860 5935 erganee,
883 5847 945 5933 qui
970 5863 1033 5912 nes
1056 5847 1090 5912 91
1116 5844 1166 5911 ibi
1191 5844 1500 5932 adsingnavimus‚
1525 5846 1586 5930 qui
1611 5864 1673 5932 per
1697 5844 1757 5913 1119
1781 5852 1816 5914 91
1839 5847 1918 5916 eius
1946 5849 2068 5919 credes
2106 5873 2172 5939 per
