5422 7102
634 517 704 589 ‘il-l
1283 519 1458 591 ‹lonnx
1492 516 1754 588 CAVENSIS

587 759 667 810 mus
690 746 727 812 et
750 745 872 815 omnia
894 746 993 814 vobis
1016 746 1286 834 adimpleamus3
1305 747 1397 814 sicut
1413 745 1575 833 superius
1600 741 1743 828 legitur.
1763 741 1859 818 Quod
1883 741 1914 836 si
1939 740 2061 810 taliter
2085 745 2148 809 oto.
2169 740 2320 808 Statnto
2340 743 2431 808 noni·

583 900 644 964 cta
667 900 809 966 centurn
832 902 919 966 nort
942 899 1136 968 solidorum
1161 901 1401 969 Constantini.
1431 902 1467 966 et
1491 899 1613 968 taliter
1637 897 1859 966 conmuniter
1882 895 2036 964 scribere
2058 893 2264 982 rogavimus
2287 896 2325 964 te
2347 914 2427 982 pre·

587 1047 703 1161 dictus
727 1051 922 1138 myrandus
945 1039 1107 1124 notarius
1129 1059 1213 1124 actu
1236 1054 1390 1124 salerno.

628 1177 659 1295 †
683 1208 759 1295 Ego
782 1207 845 1294 qui
868 1226 977 1294 supra
1000 1206 1170 1293 grimoalt
1193 1225 1308 1275 comes
1331 1211 1366 1276 et
1389 1205 1501 1274 iudex

629 1331 660 1449 †
684 1362 760 1448 Ego
783 1359 925 1430 alfanus
947 1377 1062 1430 comes

627 1483 658 1598 †
684 1514 759 1599 Ego
782 1515 958 1582 iohannes
980 1515 1143 1583 notarius
1167 1535 1223 1583 me
1247 1513 1452 1602 subscripsi.

1308 1799 1663 1809 s------—--—.-.-...-—.
1668 1802 1709 1810 ---

1321 2128 1687 2208 DCCCXLIH.

1364 2423 1417 2494 A.
1447 2418 1495 2494 D.
1526 2417 1652 2496 1032.

624 2656 726 2796 †ln
749 2707 891 2774 nomine
914 2707 1046 2776 domini
1071 2707 1336 2794 quartodecimo
1359 2726 1454 2778 anno
1486 2708 1707 2797 principatus
1737 2710 1857 2778 domni
1893 2711 2006 2780 nostri
2036 2710 2234 2781 Guaimarii
2269 2713 2422 2800 glorioso

572 2862 754 2950 princeps,
778 2861 845 2930 filii
870 2861 1049 2948 quondam
1073 2860 1192 2931 domni
1215 2863 1410 2949 guaimarii
1433 2863 1630 2949 principis,
1655 2882 1775 2932 mense
1799 2864 2013 2951 februarius
2037 2864 2303 2951 quintadecima
2328 2866 2422 2934 indi·

570 3017 699 3085 ctione.
714 3016 1023 3085 ‘Memoratorium
1053 3017 1184 3085 factum
1207 3035 1231 3083 a
1247 3033 1302 3082 me
1326 3015 1513 3083 benedictn
1537 3013 1580 3081 de
1602 3015 1793 3084 calbanicu
1815 3015 1888 3083 illio
1911 3016 2089 3103 quondam
2110 3017 2308 3088 rodenandi
2330 3024 2415 3088 ante

571 3169 710 3238 idoneis
722 3171 898 3254 homines,
916 3187 979 3255 pro
994 3186 1078 3254 pars
1093 3169 1336 3254 suprascripta
1353 3167 1504 3255 gloriose
1521 3166 1708 3254 potestatis
1723 3171 1760 3236 et
1776 3169 1925 3256 guidoni
1942 3173 1978 3237 11
1994 3169 2141 3256 paldulfl
2158 3171 2321 3258 germani
2340 3175 2418 3241 eiu-

570 3321 669 3390 sdem
692 3321 846 3408 gloriose
869 3321 1055 3407 potestatis
1070 3319 1220 3390 tradidit
1236 3319 1324 3386 mihi
1341 3319 1519 3387 visiniano
1535 3319 1689 3388 sculdais
1706 3339 1778 3389 una
1793 3319 1895 3407 pecie
1910 3321 1953 3390 de
1969 3325 2068 3390 terra
2081 3341 2162 3389 cum
2177 3324 2417 3392 castanietum

569 3473 811 3561 pertinentem
834 3473 950 3542 eidem
973 3472 1126 3559 gloriose
1149 3473 1332 3559 potestatis
1355 3477 1390 3541 et
1412 3471 1455 3540 de
1471 3472 1537 3558 ipsi
1554 3473 1682 3542 iratres
1698 3472 1775 3540 eius
1798 3473 1836 3540 in
1853 3472 2009 3559 prediolo
2027 3473 2106 3541 locu
2130 3475 2334 3562 calbanicu,
2352 3478 2413 3545 uhi

569 3627 615 3696 ad
630 3625 760 3713 cupula
775 3625 922 3712 dicitur,
934 3645 995 3713 per
1011 3644 1051 3693 ec
1062 3624 1145 3692 finis
1160 3630 1196 3693 et
1211 3625 1401 3692 mensurie:
1420 3644 1442 3693 a
1458 3627 1560 3712 parte
1576 3622 1724 3691 orientis
1740 3623 1811 3691 fine
1827 3623 1981 3710 ballone,
1997 3623 2080 3692 inde
2093 3623 2190 3711 passi
2206 3627 2415 3714 septuagin-

569 3789 619 3852 la:
640 3803 662 3852 a
685 3799 769 3869 pars
792 3780 984 3848 occidentis
1000 3779 1093 3866 passi
1111 3777 1174 3846 alii
1199 3779 1440 3866 septuaginta,
1463 3777 1501 3846 in
1517 3780 1634 3865 capite
1649 3776 1799 3846 latitudo
1813 3779 1910 3864 passi
1927 3779 2170 3866 quadraginta
2184 3779 2268 3866 duo,
2286 3782 2323 3848 in
2341 3800 2412 3851 me-

568 3935 626 4002 dio
650 3935 744 4020 passi
772 3931 834 4001 alii
860 3929 1102 4017 quadraginta
1124 3929 1206 4016 duo,
1224 3929 1263 3996 in
1286 3930 1372 4015 pede
1395 3933 1448 3998 est
1462 3929 1533 3998 fine
1548 3933 1681 4016 nostra,
1698 3930 1781 3999 inde
1804 3931 1901 4016 passi
1917 3930 2070 4018 triginta
2084 3931 2165 4020 duo,
2182 3937 2296 4001 totum
2313 3953 2410 4001 men-

568 4089 735 4156 suratum
760 4084 805 4152 ad
828 4084 921 4150 iusto
945 4099 1099 4168 passum,
1123 4031 1164 4149 ut
1188 4081 1313 4149 amodo
1336 4084 1372 4148 et
1395 4100 1531 4168 semper
1555 4098 1622 4168 ego
1643 4083 1679 4148 et
1700 4081 1788 4149 meis
1811 4079 1975 4150 enodibus
1997 4085 2034 4150 et
2056 4082 2217 4150 homines
2239 4083 2332 4170 quod
2358 4085 2407 4152 ibi

567 4239 711 4308 mittere
736 4239 952 4307 voluerimus
969 4235 1015 4306 ad
1032 4234 1280 4320 laborandum,
1304 4237 1422 4302 nostre
1445 4237 1632 4320 potestatis
1655 4234 1737 4302 illut
1752 4238 1937 4304 teneamus
1954 4240 1990 4304 et
2006 4233 2239 4323 dominamus,
2257 4240 2294 4306 et
2316 4239 2414 4308 lobee

567 4397 604 4461 et
626 4392 740 4460 omnis
763 4396 884 4459 nostre
908 4388 1078 4475 utilitatis
1095 4387 1189 4456 iusta
1205 4387 1342 4456 ratione
1359 4387 1408 4454 ibi
1426 4388 1609 4457 iaciamus.
1629 4389 1673 4457 Et
1691 4391 1804 4456 totum
1820 4388 1902 4456 illut
1917 4388 2091 4457 cultemus
2114 4393 2151 4458 et
2164 4389 2359 4460 studiemus
2375 4397 2412 4460 et

569 4543 768 4613 laboremus
791 4560 911 4610 omnes
934 4559 1059 4628 annos,
1084 4541 1177 4608 sicut
1193 4540 1376 4626 meruerit,
1395 4543 1431 4607 et
1447 4540 1585 4608 salbum
1608 4538 1690 4608 illut
1705 4540 1888 4627 iaciamus,
1906 4538 2000 4607 siout
2017 4543 2147 4608 bonum
2163 4543 2295 4628 paread
2311 4543 2407 4612 labo-

567 4701 685 4765 ratum
710 4699 746 4763 et
770 4695 950 4790 cultatum
966 4699 1002 4761 et
1024 4691 1175 4776 salbum,
1200 4697 1238 4758 ut
1261 4691 1431 4778 proficiad
1453 4695 1489 4760 et
1513 4708 1585 4758 non
1607 4693 1803 4779 dispercad,
1821 4696 1857 4760 et
1872 4711 1994 4760 omnes
2017 4711 2131 4762 annos
2147 4698 2230 4780 apto
2246 4698 2405 4782 tempore

567 4853 734 4917 castaneo
759 4848 832 4934 ipse
856 4865 924 4932 que
947 4846 998 4913 ibi
1023 4845 1170 4927 suerint,
1194 4843 1403 4931 colligamus
1428 4851 1463 4912 et
1485 4845 1652 4932 colligere
1667 4846 1842 4914 faciamus
1865 4850 1901 4914 et
1923 4847 2108 4916 seckemus
2131 4847 2178 4916 ad
2201 4847 2324 4916 domus
2342 4867 2403 4915 no-

565 5005 660 5070 stras
676 5003 717 5068 in
734 4999 810 5087 ipso
826 4999 952 5085 locum,
969 4997 1030 5064 ubi
1047 5015 1109 5063 nos
1124 4998 1339 5082 1111111111,
1356 5001 1391 5064 11
1408 4993 1580 5064 faciamus
1596 4997 1687 5063 scire
1703 5001 1786 5081 apto
1802 5001 1958 5083 tempore
1974 5015 2096 5065 omnes
2110 5015 2235 5086 annos,
2253 5001 2398 5088 quando

566 5153 748 5240 meruerit,
762 5152 965 5220 ordinatum
981 5151 1024 5218 de
1039 5167 1122 5236 pars
1139 5149 1249 5235 ipsius
1264 5147 1416 5234 gloriose
1434 5149 1618 5234 potestatis
1633 5154 1670 5218 et
1685 5150 1727 5216 de
1746 5146 1813 5236 ipsi
1831 5151 1961 5218 iratres
1984 5151 2054 5235 sui,
2067 5155 2107 5218 ut
2122 5151 2172 5220 ibi
2189 5154 2320 5224 veniad
2338 5162 2401 5222 aut

564 5305 707 5392 dirigad
730 5306 889 5390 missum,
913 5309 948 5371 et
970 5321 1034 5370 nos
1059 5261 1225 5372 castanea
1248 5303 1321 5388 ipse
1345 5305 1449 5371 seoke
1472 5303 1672 5372 dividamus
1696 5305 1735 5371 in
1758 5307 1832 5372 tres
1854 5308 1987 5390 partes:
2014 5303 2142 5374 inclita
2158 5306 2304 5376 tertiam
2319 5327 2406 5395 par·

563 5465 637 5530 tem
660 5461 703 5528 de
729 5461 804 5546 ipse
826 5464 994 5526 castaneo
1016 5459 1138 5526 demus
1161 5474 1281 5524 omnes
1304 5473 1416 5525 annos
1439 5457 1485 5524 ad
1507 5457 1712 5526 ordinatum
1736 5459 1865 5544 ipsum,
1889 5456 1945 5526 vel
1978 5457 2024 5526 ad
2059 5459 2137 5526 eius
2161 5459 2307 5528 missum
2340 5465 2402 5547 qui

564 5613 616 5679 ibi
639 5615 769 5692 veniet,
796 5616 831 5680 11
854 5611 920 5678 (111
944 5613 1057 5697 partis
1080 5611 1161 5677 inde
1185 5608 1287 5678 nobis
1312 5611 1517 5678 habeamus:
1535 5611 1579 5678 Ei
1600 5629 1662 5696 per
1679 5609 1870 5678 iussionem
1895 5609 2008 5696 ipsius
2030 5610 2234 5697 supradicte
2251 5611 2406 5700 gloriose

563 5768 750 5856 potestatis
774 5765 908 5852 guadia
933 5765 1020 5832 mihi
1045 5769 1120 5851 ipse
1144 5765 1344 5834 visinianus
1367 5765 1476 5841 dedit,
1502 5771 1539 5834 et
1561 5764 1791 5834 mediatorem
1815 5765 1905 5834 mihi
1928 5765 2046 5852 posuit
2073 5767 2219 5837 alderisi
2239 5768 2402 5837 notarius
