5370 7104
1239 483 1348 552 Bulla
1377 481 1431 551 lll]
1459 481 1739 556 TEMPORIBUS

869 718 921 781 est
948 710 1052 780 trater
1079 709 1219 778 Amicus
1238 705 1339 777 abbas
1360 727 1484 776 caven-

869 873 917 944 sis
933 873 1131 945 monasterii
1149 872 1305 968 Neapoli,
1316 879 1349 944 et
1364 871 1484 944 eodem

870 1045 924 1116 die
944 1047 1095 1120 dolatum
1123 1059 1175 1120 est
1193 1070 1317 1140 eorpus
1344 1044 1419 1136 ejus
1446 1043 1484 1114 ad

873 1213 984 1304 ipsum
1005 1211 1267 1296 monasterium,
1289 1218 1323 1280 et
1341 1233 1486 1306 sequen-

875 1384 898 1455 ti
927 1384 981 1454 dio
1002 1384 1164 1455 traditum
1192 1382 1402 1476 sepulturae.
1432 1381 1487 1451 nl-

1813 721 1938 806 gerunt
1965 717 1999 784 in
2027 713 2189 788 Abbatem
2217 741 2368 806 eorum,
2396 731 2430 794 et

1815 881 2014 955 Monasterii
2042 886 2258 980 supradicti,
2296 898 2431 984 etpost

1813 1075 1942 1145 paucos
1981 1053 2054 1124 dies
2081 1054 2173 1124 idem
2200 1055 2332 1127 electus
2369 1080 2430 1151 per

1814 1225 1993 1298 dominum
2023 1229 2211 1300 liudulfum
2229 1230 2430 1326 episcopum

1815 1389 2036 1462 albanensem
2081 1393 2288 1487 apostolicae
2340 1394 2433 1466 sedis

870 1559 942 1622 tero
973 1575 1054 1621 rero
1081 1549 1149 1633 die,
1175 1550 1310 1622 seilicet
1337 1549 1369 1619 in
1398 1550 1486 1622 sesto
1813 1559 1964 1652 legatum
2000 1562 2066 1634 luit
2085 1563 2171 1658 apud
2193 1564 2432 1636 Beneventum

875 1719 1116 1792 Conversionis
1135 1725 1173 1792 Β.
1196 1721 1293 1792 Pauli
1321 1720 1484 1814 Apostoli,
1817 1737 1972 1815 vocatus,
1993 1739 2027 1802 et
2048 1729 2093 1800 ibi
2121 1727 2345 1801 confirmatus
2372 1751 2433 1822 per

871 1896 1078 1982 congregato
1106 1888 1261 1983 Collegio
1280 1888 1389 1982 ipsius
1416 1913 1486 1960 mo·
1812 1921 1905 1980 oum,
1935 1907 1968 1970 et
1988 1897 2028 1968 ab
2046 1922 2087 1970 eo
2107 1898 2153 1969 ibi
2182 1922 2307 1970 munus
2325 1896 2431 1968 beur-

872 2059 1014 2130 uasterii
1031 2059 1064 2128 in
1081 2083 1187 2130 unum
1203 2059 1239 2153 ¹),
1257 2057 1411 2128 unanimi
1429 2081 1486 2128 ro·
1813 2066 1975 2138 dictionis
2002 2069 2134 2162 aceepit
2159 2087 2181 2140 v
2206 2066 2394 2139 Februarii.

871 2224 1003 2296 luutate
1031 2225 1170 2295 fratrent
1189 2226 1341 2296 Leonem
1369 2224 1485 2294 Mona-
1527 2233 1627 2314 1⁶2ss9.
1689 2254 1737 2304 xu
1790 2233 1825 2302 ln
1854 2232 1917 2304 boo
1944 2259 2033 2306 anno
2062 2245 2218 2308 mortuus
2240 2245 2293 2308 est
2319 2235 2430 2306 domi-

872 2392 973 2463 olmm
1002 2395 1168 2464 nutritum
1184 2392 1207 2486 ²)
1219 2394 1250 2487 a)
1278 2403 1311 2464 et
1329 2393 1485 2464 Camera—
1812 2429 1878 2477 nus
1904 2406 2062 2479 Clemens
2089 2408 2149 2502 Pp.
2179 2427 2229 2476 ιιιι
2256 2408 2284 2497 ³)
2309 2415 2343 2478 et
2362 2413 2432 2475 ste-

872 2565 958 2636 rium
968 2565 1120 2658 ejusdem
1134 2562 1332 2635 llonaslerii
1347 2562 1405 2644 *ll
1416 2563 1485 2634 ole-

1810 2577 1850 2648 tit
1877 2578 2024 2649 eeclesia
2051 2603 2110 2674 per
2137 2581 2224 2651 duos
2252 2602 2362 2650 annos
2389 2589 2424 2650 et

1811 2772 1947 2821 menses
1973 2752 2093 2822 decem
2120 2749 2143 2844 ⁸)
2175 2749 2249 2820 sine
2276 2757 2428 2844 pastore.

921 2957 1137 3019 MURATORI
1522 2921 1624 2991 11275.
1686 2942 1723 2990 111
1790 2923 1858 2992 Hoc
1884 2945 1973 2992 anno
2000 2922 2129 2992 laetum
2156 2929 2211 2991 est
2230 2917 2423 2990 concilium

622 3111 649 3199 ¹)
673 3167 679 3180 .
707 3166 713 3178 .
742 3167 748 3179 .
774 3119 972 3193 congregato
997 3111 1138 3188 collegio
1161 3111 1195 3170 in
1220 3129 1321 3170 unum
1349 3158 1355 3170 .
1385 3157 1390 3169 .
1420 3158 1426 3170 .
1811 3103 1892 3187 aput
1919 3094 2106 3164 tudunum
2146 3113 2205 3185 per
2243 3087 2425 3160 dominum

618 3283 640 3360 ²)
667 3328 672 3339 .
700 3327 706 3340 .
734 3327 741 3340 .
766 3280 903 3338 fratrem
927 3277 1071 3336 Leonem
1092 3272 1299 3343 Monachum,
1315 3279 1348 3332 et
1370 3277 1483 3337 (tame-
1810 3259 1871 3353 Pp.
1899 3258 2102 3351 Gregoriuur
2129 3278 2164 3341 x,
2186 3256 2220 3324 in
2247 3277 2314 3346 quo
2340 3250 2430 3322 [lon-

575 3435 699 3496 rarium
724 3431 874 3509 ejusdem
897 3430 1088 3492 Monasterii
1114 3473 1122 3489 .
1150 3475 1190 3487 ..
1812 3428 1892 3498 01le
1931 3425 2027 3499 affuit
2065 3425 2173 3496 Aphas
2207 3423 2278 3496 Leo
2306 3447 2432 3496 secun.

544 3641 546 3650 ·
577 3649 841 3668 ------
1812 3599 1876 3670 dus
1896 3598 1987 3689 saep

610 3807 638 3876 a)
659 3825 674 3856 a
694 3802 812 3868 Nutriti,
835 3797 993 3870 familiares
1017 3798 1066 3868 qui
1086 3816 1101 3852 e
1121 3795 1233 3850 familia
1257 3795 1383 3864 alicujus
1408 3797 1482 3858 sunm
1519 3760 1786 3773 *-
1859 3875 2076 3937 MUMTORI

1951 3909 1961 3935 a

575 3950 658 4022 «qui
678 3949 707 4004 in
727 3951 807 4003 domo
826 3945 931 4000 domini
952 3948 1078 4001 aluntur.
1103 3946 1222 4014 Nutrita',
1241 3945 1271 3998 iu
1291 3937 1483 4004 Monasteriis,

837 4089 844 4102 .
909 4088 916 4100 .
1075 4087 1082 4098 .
1199 4089 1205 4099 .
1381 4091 1387 4102 ,
1559 4023 1856 4106 ³)...mortuus
1880 4034 1931 4088 est
1953 4007 2109 4088 Dominus
2134 4026 2288 4086 Clemens
2312 4027 2368 4104 Pp.
2393 4033 2429 4085 et

575 4115 589 4150 ιι
609 4095 743 4150 dicuntur
762 4109 855 4163 pueri,
868 4109 918 4161 qm
928 4089 1101 4144 Mouastorro
1115 4088 1206 4146 oblati
1221 4096 1288 4144 sunt
1299 4131 1305 4143 .
1316 4131 1322 4146 .
1335 4132 1341 4144 .
1353 4088 1481 4160 EJusmo·

573 4248 637 4304 «di
657 4254 755 4302 autem
775 4243 906 4298 Menoetii
920 4241 1031 4296 Nutriti
1057 4237 1276 4310 longepotioris
1297 4239 1483 4294 habebantur
1519 4187 1612 4241 Sient
1638 4228 1643 4238 ⁸
1673 4228 1678 4238 ¹
1707 4227 1714 4242 ⁸

682 4392 713 4404 ..
755 4389 761 4400 .
1041 4385 1046 4396 .
1275 4367 1278 4374 ·
1315 4380 1321 4392 -
1461 4380 1467 4390 .
1557 4337 1585 4411 ⁴)
1611 4383 1617 4395 .
1646 4384 1651 4396 .
1679 4381 1687 4399 .
1712 4355 1771 4414 per
1793 4335 1873 4410 duos
1897 4352 1999 4394 annos
2024 4335 2095 4393 sine
2119 4342 2264 4414 pastore.

573 4395 788 4458 «conditionis,
808 4403 894 4458 quam
915 4387 1054 4452 Corioersr,
1067 4382 1103 4437 ob
1117 4389 1276 4453 perpetuae
1295 4387 1373 4435 vitae
1392 4386 1480 4435 contr-

573 4564 589 4596 «
608 4539 746 4606 nentiam3
766 4536 837 4590 adeo
857 4541 890 4590 ut
908 4530 1065 4604 praecipua
1087 4529 1122 4584 iis
1135 4530 1403 4585 commendarentur
1421 4545 1479 4582 mu-

575 4703 590 4736 «
609 4700 688 4736 nera.
708 4703 722 4732 »
743 4681 788 4733 Du
808 4679 905 4749 Congo
927 4675 1019 4730 GlOSS·
1038 4675 1070 4729 V·
1090 4675 1207 4729 Nt‘l‘l'lll·
1516 4710 1531 4745 ‹
1551 4711 1651 4748 munes
1664 4692 1701 4745 ad
1714 4693 1779 4762 ejus
1792 4657 1889 4746 euram
1903 4696 2045 4760 spectant,
2065 4695 2098 4746 ut
2108 4690 2169 4762 ipse
2179 4691 2338 4764 provideat,
2350 4711 2428 4767 quae

608 4831 654 4897 **)
675 4847 690 4880 t
712 4826 893 4892 Camffl'dlllfflr
913 4823 1035 4878 Offilium
1053 4826 1251 4892 ¹¹¹⁰¹¹afll1011¹¹¹2
1275 4826 1350 4894 q¹¹⁰d
1374 4823 1478 4880 d0⁵⁰¹l·
1521 4863 1536 4896 e
1556 4833 1586 4897 in
1605 4840 1651 4896 his
1664 4839 1794 4895 omnibus
1808 4838 2004 4895 instaurandis
2018 4845 2047 4895 et
2062 4837 2228 4896 exercendis
2242 4838 2302 4896 sire
2315 4858 2430 4897 conser-

572 4997 589 5032 ιι
607 4975 687 5030 bitur
707 4975 736 5028 in
755 4973 830 5028 libro
850 4971 964 5027 Ol'dlsslfl
982 4969 1153 5026 parisiensis
1171 4970 1228 5024 MS·
1246 4987 1308 5039 ΜΡ·
1329 4971 1370 5024 10·
1384 5003 1418 5011 ··
1436 4971 1479 5026 Ad
1517 5001 1532 5036 ιι
1552 4979 1656 5038 randis
1675 4979 1842 5036 necessaria
1856 4987 1932 5048 sunt,
1944 4987 1998 5036 ete.
2016 5001 2032 5034 u
2051 4981 2096 5034 Du
2111 4981 2207 5053 Gange
2221 4979 2312 5037 Gloss.
2326 4982 2359 5036 ll.
2375 4985 2430 5040 Cu·

572 5140 587 5174 e
606 5119 728 5174 officium
748 5117 904 5176 Camerarii
924 5116 1073 5187 pertinent
1087 5132 1183 5170 omnes
1202 5132 1305 5168 consus
1319 5121 1349 5169 et
1362 5111 1478 5169 redibas
1512 5126 1653 5182 marim,

572 5263 784 5336 ‹blonasterii,
803 5263 861 5320 sive
882 5265 917 5318 de
936 5261 1023 5332 villis,
1042 5261 1101 5318 sivo
1122 5264 1156 5316 de
1176 5262 1270 5331 terris,
1289 5261 1348 5316 sive
1368 5263 1403 5316 de
1421 5280 1477 5316 mo·
1550 5269 1614 5340 ***)
1628 5267 1654 5321 Il
1667 5266 1806 5322 Bueelino
1818 5267 1922 5322 blanel.
1941 5265 2047 5321 Bened.
2060 5282 2126 5337 pag.
2140 5267 2192 5321 578
2205 5266 2278 5337 dice,
2290 5268 2343 5324 che
2355 5268 2428 5326 Leo·

571 5407 740 5478 «lendium,
760 5408 818 5464 sive
839 5409 873 5464 de
893 5405 960 5461 aliis
979 5405 1065 5462 rebus
1084 5404 1272 5477 quibuslibet,
1291 5413 1324 5460 ut
1347 5404 1409 5478 ipse
1429 5425 1478 5464 eos
1516 5427 1553 5465 ne
1576 5412 1670 5467 Abale
1690 5412 1818 5468 Cavenae
1837 5429 1889 5470 eon
1909 5427 2015 5466 somma
2033 5413 2098 5468 lode
2117 5413 2285 5470 intervenne
2304 5415 2335 5470 al
2353 5415 2428 5472 Con·

572 5571 588 5606 ι
607 5561 734 5626 tempore
749 5563 860 5611 statuto
873 5561 903 5609 ot
915 5552 1074 5624 perquirat,
1084 5561 1114 5608 et
1125 5551 1256 5623 recipiat.
1267 5552 1379 5608 Horrea
1389 5553 1477 5610 etiam
1513 5549 1580 5606 cilio
1599 5551 1628 5606 di
1646 5549 1743 5608 Lione.
1763 5573 1778 5606 «
1797 5551 1993 5623 Interfuitque
2013 5555 2094 5622 (Leo)
2115 5573 2225 5610 summa
2247 5575 2311 5612 eum
2335 5558 2425 5615 leude

571 5719 588 5752 e
607 5705 637 5752 et
656 5705 764 5765 aratra,
778 5704 808 5752 et
821 5705 917 5753 terrae
932 5695 1068 5764 arabiles,
1082 5702 1111 5751 et
1125 5703 1259 5750 caeterae
1273 5696 1405 5753 culturae
1418 5698 1476 5754 Mo·
1513 5691 1674 5750 «Concilio
1692 5691 1879 5766 lugdunensi
1898 5693 1952 5749 sub
1971 5693 2107 5768 Gregorio
2127 5695 2151 5750 X
2171 5695 2252 5753 Pont.
2273 5695 2346 5752 Max.
2376 5715 2425 5755 ee-

572 5852 588 5886 «
607 5830 737 5902 naslerii,
749 5851 802 5889 nee
821 5851 876 5889 non
896 5841 926 5890 et
944 5851 1057 5905 pecora,
1070 5841 1099 5889 et
1113 5852 1209 5892 omnes
1224 5836 1388 5894 nutriturae
1403 5857 1475 5896 eom-
1512 5838 1666 5896 «lobreto.
1686 5855 1701 5890 a
