5414 7098
1075 1585 1352 1668 DCCVIII.

1072 1847 1126 1924 A.
1155 1843 1207 1924 D.
1235 1843 1361 1924 1018.

335 2088 372 2226 †
397 2138 437 2204 ln
461 2139 605 2206 nomine
629 2137 765 2206 domini
787 2135 971 2204 tricesimo
993 2153 1088 2204 anno
1111 2135 1337 2224 principatus
1360 2137 1482 2205 domni
1505 2137 1619 2204 nostri
1642 2136 1839 2224 guaimari,
1862 2139 1899 2206 et
1915 2139 2022 2207 tertio
2045 2157 2141 2210 anno

290 2292 518 2378 principatus
541 2291 661 2360 domni
679 2290 832 2360 iohanni·
844 2292 921 2360 eius
938 2289 1024 2377 filio,
1040 2289 1206 2378 gloriosis
1222 2287 1460 2378 principibus
1475 2306 1596 2358 mense
1613 2294 1774 2378 agustus,
1792 2289 1909 2377 prima
1925 2290 2141 2364 indictione.

289 2445 438 2532 Ideoque
460 2461 523 2512 nos
545 2443 764 2531 grimoaldus
787 2442 884 2510 filius
898 2443 995 2552 ursi,
1019 2447 1055 2511 et
1079 2461 1162 2510 urso
1185 2447 1222 2511 et
1245 2443 1407 2512 ademari
1430 2445 1595 2530 germani
1619 2444 1686 2512 filii
1709 2445 1809 2532 citri,
1832 2450 1868 2514 et
1891 2446 2075 2516 maraldus
2105 2454 2142 2517 et

290 2599 463 2666 iohannes
486 2596 650 2685 germani
674 2596 741 2664 filii
765 2595 938 2682 ademari,
963 2600 999 2664 et
1020 2600 1143 2683 petrus
1159 2601 1195 2666 et
1209 2598 1301 2666 citro
1323 2599 1488 2684 germani
1512 2597 1580 2665 filli
1604 2597 1740 2676 sillicti‚
1763 2598 2027 2686 clarelacimuS,
2052 2619 2141 2687 quo-

286 2752 389 2820 niam
413 2748 611 2819 comuniter
635 2747 800 2816 abuimus
823 2766 905 2814 oum
928 2746 1012 2816 aliis
1034 2749 1166 2817 nostris
1189 2749 1411 2819 consortibus
1429 2769 1501 2819 una
1516 2751 1618 2838 pecia
1634 2751 1677 2818 de
1693 2755 1791 2819 terra
1814 2770 1894 2818 cum
1919 2755 2068 2820 arbusto
2094 2752 2148 2818 bi-

289 2906 405 2971 tatum
430 2903 469 2970 in
491 2903 608 2971 locum
630 2902 780 2970 nuceria
795 2899 995 2988 propinquo
1011 2899 1086 2987 ipso
1101 2900 1287 2969 castellum
1303 2901 1473 2988 betonem,
1487 2919 1556 2988 que
1572 2903 1674 2968 nobis
1689 2906 1743 2969 est
1758 2901 1979 2988 pertinentes
1998 2903 2036 2970 in
2052 2923 2140 2990 pars

290 3056 447 3142 ipsorum
470 3053 696 3142 genitoribus
720 3053 868 3141 nostris,
892 3053 995 3121 modo
1018 3057 1103 3122 bero
1127 3071 1327 3140 congruum
1350 3057 1405 3126 est
1429 3052 1532 3119 nobis
1555 3053 1633 3140 ipsa
1655 3058 1778 3124 nostra
1795 3056 1988 3124 sortionem
2013 3055 2146 3123 exinde
2211 3061 2215 3068 '

291 3207 525 3276 benumdaret
548 3205 619 3274 litti
643 3204 717 3274 lilio
741 3206 834 3274 idem
857 3205 957 3291 litti,
987 3208 1050 3290 qui
1083 3209 1138 3273 est
1173 3224 1266 3274 unus
1292 3207 1335 3274 de
1364 3205 1432 3294 ipsi
1455 3208 1679 3276 consortibus
1703 3210 1860 3297 nostris,
1885 3214 1922 3278 et
1945 3215 2033 3278 tunc
2057 3217 2143 3310 ante

292 3361 487 3448 subscripti
511 3363 621 3428 testes
644 3358 838 3427 ostedimus
861 3375 972 3424 unum
996 3359 1139 3426 brebem
1164 3359 1256 3444 quod
1287 3357 1419 3427 ibidem
1443 3358 1615 3428 relectum
1637 3361 1735 3429 fuit:
1771 3367 1851 3431 erat
1886 3363 2147 3451 continentes,

292 3513 448 3600 qualiter
473 3511 702 3600 frampertus,
726 3509 786 3600 qui
810 3511 880 3578 suit
903 3509 983 3578 abio
1006 3509 1118 3596 ipsius
1141 3509 1235 3597 litti,
1259 3509 1525 3598 camararum,
1550 3513 1611 3598 qui
1641 3514 1709 3582 luit
1732 3514 1813 3583 abio
1847 3489 2035 3602 meumque
2063 3517 2141 3603 gri·

292 3665 425 3735 moaldi
448 3671 484 3735 et
507 3665 644 3734 bisabio
666 3667 897 3750 nostrumque
922 3663 998 3730 ursi
1022 3665 1058 3731 et
1081 3661 1255 3747 ademari,
1280 3668 1316 3731 et
1338 3664 1509 3752 maraldi,
1533 3670 1569 3734 et
1592 3665 1755 3753 iohanni,
1779 3671 1815 3735 et
1838 3668 1951 3755 petri,
1974 3673 2010 3737 et
2034 3668 2144 3756 citri,

291 3825 327 3888 et
351 3821 499 3888 luerunt
521 3818 685 3906 germani
710 3817 777 3910 filii
800 3817 1011 3904 godelperti,
1035 3820 1319 3902 compreenserat
1344 3814 1390 3884 ad
1412 3816 1678 3901 pastenandum
1704 3819 1744 3884 in
1767 3817 1968 3906 partionem
1992 3817 2037 3888 da
2060 3818 2138 3888 lan-

292 3973 453 4042 donolfus
476 3973 573 4041 filius
597 3972 690 4042 idem
715 3969 921 4057 landenolfi,
945 3971 1023 4037 bice
1045 3988 1112 4038 sua
1135 3975 1171 4038 et
1193 3987 1256 4056 pro
1279 3969 1355 4036 bice
1378 3969 1421 4036 de
1443 3967 1510 4035 nlii
1533 3969 1689 4040 adenolfi
1712 3971 1876 4058 germani
1901 3971 1985 4059 sui,
2010 3991 2074 4042 seu
2108 3979 2144 4042 et

293 4125 340 4197 da
362 4125 469 4194 lando
493 4129 621 4212 nepote
644 4127 735 4212 eius,
760 4128 835 4192 tam
858 4141 922 4210 pro
945 4141 982 4191 se
1006 4141 1114 4210 quam
1136 4126 1172 4189 et
1193 4139 1258 4208 pro
1283 4121 1361 4209 bioe
1384 4117 1578 4188 landenolfi
1601 4124 1767 4207 germani
1790 4123 1971 4210 sui,terra
1995 4122 2138 4194 illorum

292 4299 402 4366 quam
426 4281 579 4348 abuerat
601 4281 639 4346 in
664 4279 780 4346 locum
804 4277 949 4345 nucerie
973 4276 1171 4363 propinquo
1193 4273 1270 4360 ipso
1293 4273 1505 4360 castellum,
1529 4291 1598 4359 que
1629 4277 1712 4342 abet
1735 4275 1836 4343 finis:
1862 4275 1905 4344 de
1929 4293 2001 4344 uno
2023 4278 2142 4364 capite

288 4433 360 4501 dne
384 4435 444 4502 bia
466 4431 626 4522 puplica,
650 4435 687 4500 et
710 4431 753 4500 de
778 4449 849 4498 uno
871 4431 985 4500 latere
1007 4431 1080 4499 fine
1102 4428 1252 4500 iohanni
1275 4427 1341 4495 filii
1366 4427 1551 4514 trasiperti
1580 4433 1616 4496 et
1638 4425 1710 4496 fine
1732 4428 1870 4498 laudati
1894 4429 1961 4499 filii
1985 4429 2077 4518 lupi,
2102 4436 2140 4498 et

290 4587 334 4656 de
358 4589 431 4657 alio
454 4587 570 4676 capite
593 4587 665 4654 fine
689 4584 763 4654 alia
786 4585 858 4672 bia,
870 4589 906 4653 et
928 4584 971 4652 dc
994 4581 1066 4651 alio
1091 4583 1203 4651 latere
1225 4581 1297 4648 fine
1320 4581 1521 4669 supradicti
1533 4583 1689 4669 genitori
1713 4583 1870 4669 ipsorum
1886 4585 2076 4671 framperti
2102 4591 2138 4653 et

290 4739 447 4810 maraldi
471 4745 507 4809 et
531 4737 682 4810 iohanni
707 4739 860 4808 barbani
885 4753 1020 4822 eorum3
1044 4735 1087 4803 de
1110 4754 1149 4803 eo
1172 4737 1257 4802 bero
1277 4739 1389 4822 terra,
1413 4733 1568 4820 qualiter
1592 4734 1754 4820 superius
1780 4734 1864 4801 finis
1886 4737 2000 4822 posite
2024 4741 2139 4822 sunt,

291 4896 407 4962 totum
432 4892 514 4960 illut
536 4895 822 4978 compreenserat
844 4889 914 4976 ipsi
936 4886 1112 4958 nominati
1135 4888 1350 4974 frampertus
1373 4890 1408 4953 et
1431 4883 1614 4954 maraldus
1637 4885 1683 4954 ad
1705 4886 1967 4971 pastenandum
1996 4888 2036 4956 in
2059 4907 2142 4976 par-

287 5047 454 5116 tionem:
480 5047 570 5114 istut
593 5047 801 5114 continebat
823 5045 898 5130 ipse
921 5042 1064 5110 brebem
1087 5044 1123 5108 et
1146 5039 1259 5124 aliut3
1279 5041 1320 5105 et
1342 5037 1426 5105 dum
1460 5037 1558 5108 inira
1593 5037 1834 5126 suprascripte
1867 5039 1952 5106 finis
1978 5043 2137 5128 pertinet

288 5199 406 5286 nobie,
430 5198 561 5268 exinde
584 5200 707 5266 aberet
731 5197 859 5265 inclita
882 5196 1051 5282 quartam
1074 5197 1213 5279 partem
1234 5241 1244 5279 ,
1268 5192 1407 5260 interea
1428 5208 1493 5258 nos
1517 5190 1682 5276 superius
1705 5189 1880 5260 nominati
1913 5193 2135 5280 grimoaldus

287 5354 325 5418 et
349 5369 447 5436 urso,
471 5354 508 5417 et
531 5349 707 5435 ademari,
731 5351 767 5416 et
790 5347 985 5434 maraldus,
1009 5349 1046 5414 et
1068 5345 1254 5432 iohannes,
1277 5347 1313 5412 et
1336 5347 1475 5431 petrus,
1499 5349 1535 5412 et
1556 5343 1658 5430 citro,
1682 5344 1745 5430 qui
1769 5363 1889 5413 sumus
1913 5345 1990 5412 thio
2013 5349 2050 5412 et
2074 5364 2138 5414 ne-

288 5507 412 5590 potes,
437 5503 530 5570 sicut
554 5500 656 5569 nobis
679 5519 877 5590 congruum
902 5505 969 5586 est,
992 5503 1113 5567 nostre
1137 5501 1227 5565 bone
1249 5496 1448 5566 boluntatis
1471 5501 1556 5566 ante
1579 5496 1701 5564 eodem
1723 5497 1913 5584 subscripti
1937 5502 2045 5567 testes
2069 5518 2132 5585 per

288 5671 356 5724 ano
380 5653 556 5724 cartulam
579 5652 874 5721 benumdedimus
896 5652 965 5720 tibi
989 5649 1141 5738 predicti
1167 5649 1237 5719 litti
1263 5654 1338 5734 tota
1364 5655 1400 5720 et
1423 5648 1550 5719 inclita
1573 5655 1697 5719 nostra
1719 5651 1911 5719 sortionem
1942 5651 1985 5719 de
2008 5670 2135 5738 supra·

287 5806 384 5878 dicta
406 5809 512 5877 rebus
535 5809 578 5878 de
602 5807 844 5896 suprascripto
868 5804 997 5893 locum,
1020 5804 1113 5892 quod
1136 5808 1189 5873 est
1212 5809 1378 5891 quartam
1402 5808 1543 5892 partem
1559 5806 1656 5875 inira
1673 5806 1913 5893 superscripto
1929 5805 2028 5896 finiS,
2046 5808 2140 5876 unde

478 5963 548 6018 lon.
570 5951 615 6020 v(
1316 6014 1320 6021 .
1935 5961 1955 6016 l·
