<?xml version="1.0" encoding="UTF-8"?>
<!DOCTYPE html PUBLIC "-//W3C//DTD XHTML 1.0 Transitional//EN"
    "http://www.w3.org/TR/xhtml1/DTD/xhtml1-transitional.dtd">
<html xmlns="http://www.w3.org/1999/xhtml" xml:lang="en" lang="en">
 <head>
  <title>
</title>
<meta http-equiv="Content-Type" content="text/html;charset=utf-8" />
  <meta name='ocr-system' content='tesseract 3.04.00' />
  <meta name='ocr-capabilities' content='ocr_page ocr_carea ocr_par ocr_line ocrx_word'/>
</head>
<body>
  <div class='ocr_page' id='page_1' title='image "./codexdiplomatic03aragoog_0118.png"; bbox 0 0 5466 7106; ppageno 0'>
   <div class='ocr_carea' id='block_1_1' title="bbox 588 546 1700 630">
    <p class='ocr_par' dir='ltr' id='par_1_1' title="bbox 588 546 1700 630">
     <span class='ocr_line' id='line_1_1' title="bbox 588 546 1700 630; baseline -0.008 0"><span class='ocrx_word' id='word_1_1' title='bbox 588 559 634 630; x_wconf 75' lang='lat' dir='ltr'>&#39;it</span> <span class='ocrx_word' id='word_1_2' title='bbox 1232 547 1399 623; x_wconf 83' lang='lat' dir='ltr'>OODEX</span> <span class='ocrx_word' id='word_1_3' title='bbox 1433 546 1700 621; x_wconf 69' lang='lat' dir='ltr'>divorsis</span> 
     </span>
    </p>
   </div>
   <div class='ocr_carea' id='block_1_2' title="bbox 542 773 2411 4543">
    <p class='ocr_par' dir='ltr' id='par_1_2' title="bbox 542 773 2411 4543">
     <span class='ocr_line' id='line_1_2' title="bbox 542 773 2391 873; baseline -0.003 -19"><span class='ocrx_word' id='word_1_4' title='bbox 542 778 800 873; x_wconf 74' lang='lat' dir='ltr'><strong>septemtrione</strong></span> <span class='ocrx_word' id='word_1_5' title='bbox 823 779 895 850; x_wconf 87' lang='lat' dir='ltr'>dne</span> <span class='ocrx_word' id='word_1_6' title='bbox 917 776 1011 866; x_wconf 90' lang='lat' dir='ltr'>quod</span> <span class='ocrx_word' id='word_1_7' title='bbox 1033 775 1167 845; x_wconf 89' lang='lat' dir='ltr'>retinet</span> <span class='ocrx_word' id='word_1_8' title='bbox 1188 773 1299 844; x_wconf 89' lang='lat' dir='ltr'>disiiu</span> <span class='ocrx_word' id='word_1_9' title='bbox 1322 773 1417 842; x_wconf 84' lang='lat' dir='ltr'>filius</span> <span class='ocrx_word' id='word_1_10' title='bbox 1439 774 1618 864; x_wconf 89' lang='lat' dir='ltr'>maraldi,</span> <span class='ocrx_word' id='word_1_11' title='bbox 1639 777 1734 846; x_wconf 88' lang='lat' dir='ltr'>sicut</span> <span class='ocrx_word' id='word_1_12' title='bbox 1756 778 1989 865; x_wconf 82' lang='lat' dir='ltr'>terminatum</span> <span class='ocrx_word' id='word_1_13' title='bbox 2011 783 2081 850; x_wconf 90' lang='lat' dir='ltr'>est:</span> <span class='ocrx_word' id='word_1_14' title='bbox 2106 780 2149 852; x_wconf 90' lang='lat' dir='ltr'>de</span> <span class='ocrx_word' id='word_1_15' title='bbox 2176 781 2295 869; x_wconf 88' lang='lat' dir='ltr'>capite</span> <span class='ocrx_word' id='word_1_16' title='bbox 2318 779 2391 849; x_wconf 82' lang='lat' dir='ltr'>flue</span> 
     </span>
     <span class='ocr_line' id='line_1_3' title="bbox 543 925 2392 1022; baseline -0.003 -18"><span class='ocrx_word' id='word_1_17' title='bbox 543 935 606 1006; x_wconf 89' lang='lat' dir='ltr'>bia</span> <span class='ocrx_word' id='word_1_18' title='bbox 628 949 840 1020; x_wconf 90' lang='lat' dir='ltr'>commune,</span> <span class='ocrx_word' id='word_1_19' title='bbox 863 930 949 1001; x_wconf 88' lang='lat' dir='ltr'>inde</span> <span class='ocrx_word' id='word_1_20' title='bbox 972 927 1068 1018; x_wconf 90' lang='lat' dir='ltr'>passi</span> <span class='ocrx_word' id='word_1_21' title='bbox 1090 927 1245 1015; x_wconf 84' lang='lat' dir='ltr'>triginta</span> <span class='ocrx_word' id='word_1_22' title='bbox 1267 925 1466 1013; x_wconf 88' lang='lat' dir='ltr'>quadtuor:</span> <span class='ocrx_word' id='word_1_23' title='bbox 1491 945 1514 996; x_wconf 92' lang='lat' dir='ltr'>a</span> <span class='ocrx_word' id='word_1_24' title='bbox 1536 927 1686 998; x_wconf 92' lang='lat' dir='ltr'>meridie</span> <span class='ocrx_word' id='word_1_25' title='bbox 1709 928 1782 1000; x_wconf 87' lang='lat' dir='ltr'>fine</span> <span class='ocrx_word' id='word_1_26' title='bbox 1805 930 1920 1001; x_wconf 91' lang='lat' dir='ltr'>medio</span> <span class='ocrx_word' id='word_1_27' title='bbox 1942 929 2072 1022; x_wconf 90' lang='lat' dir='ltr'>ribus,</span> <span class='ocrx_word' id='word_1_28' title='bbox 2097 937 2181 1004; x_wconf 91' lang='lat' dir='ltr'>sunt</span> <span class='ocrx_word' id='word_1_29' title='bbox 2204 952 2291 1021; x_wconf 83' lang='lat' dir='ltr'>erga</span> <span class='ocrx_word' id='word_1_30' title='bbox 2316 932 2392 1021; x_wconf 89' lang='lat' dir='ltr'>ipso</span> 
     </span>
     <span class='ocr_line' id='line_1_4' title="bbox 545 1079 2394 1172; baseline -0.004 -14"><span class='ocrx_word' id='word_1_31' title='bbox 545 1092 647 1160; x_wconf 91' lang='lat' dir='ltr'>ribus</span> <span class='ocrx_word' id='word_1_32' title='bbox 670 1093 807 1159; x_wconf 89' lang='lat' dir='ltr'>rectum</span> <span class='ocrx_word' id='word_1_33' title='bbox 830 1087 1076 1154; x_wconf 88' lang='lat' dir='ltr'>mensuratum</span> <span class='ocrx_word' id='word_1_34' title='bbox 1098 1081 1194 1171; x_wconf 89' lang='lat' dir='ltr'>passi</span> <span class='ocrx_word' id='word_1_35' title='bbox 1218 1083 1374 1150; x_wconf 91' lang='lat' dir='ltr'>centum.</span> <span class='ocrx_word' id='word_1_36' title='bbox 1401 1079 1483 1150; x_wconf 82' lang='lat' dir='ltr'>Alia</span> <span class='ocrx_word' id='word_1_37' title='bbox 1505 1081 1609 1168; x_wconf 90' lang='lat' dir='ltr'>pecia</span> <span class='ocrx_word' id='word_1_38' title='bbox 1630 1083 1674 1151; x_wconf 90' lang='lat' dir='ltr'>de</span> <span class='ocrx_word' id='word_1_39' title='bbox 1690 1085 1790 1152; x_wconf 89' lang='lat' dir='ltr'>terra</span> <span class='ocrx_word' id='word_1_40' title='bbox 1813 1081 1935 1170; x_wconf 83' lang='lat' dir='ltr'>ibique</span> <span class='ocrx_word' id='word_1_41' title='bbox 1958 1101 2101 1172; x_wconf 89' lang='lat' dir='ltr'>asuper</span> <span class='ocrx_word' id='word_1_42' title='bbox 2124 1085 2204 1172; x_wconf 91' lang='lat' dir='ltr'>ipsa</span> <span class='ocrx_word' id='word_1_43' title='bbox 2220 1084 2281 1154; x_wconf 91' lang='lat' dir='ltr'>bia</span> <span class='ocrx_word' id='word_1_44' title='bbox 2299 1100 2394 1152; x_wconf 89' lang='lat' dir='ltr'>com-</span> 
     </span>
     <span class='ocr_line' id='line_1_5' title="bbox 546 1232 2393 1328; baseline -0.002 -19"><span class='ocrx_word' id='word_1_45' title='bbox 546 1259 655 1311; x_wconf 89' lang='lat' dir='ltr'>mune</span> <span class='ocrx_word' id='word_1_46' title='bbox 678 1258 743 1328; x_wconf 90' lang='lat' dir='ltr'>per</span> <span class='ocrx_word' id='word_1_47' title='bbox 766 1238 850 1307; x_wconf 87' lang='lat' dir='ltr'>fluis</span> <span class='ocrx_word' id='word_1_48' title='bbox 872 1239 909 1306; x_wconf 88' lang='lat' dir='ltr'>et</span> <span class='ocrx_word' id='word_1_49' title='bbox 931 1234 1123 1304; x_wconf 83' lang='lat' dir='ltr'>mensuris:</span> <span class='ocrx_word' id='word_1_50' title='bbox 1147 1232 1191 1302; x_wconf 90' lang='lat' dir='ltr'>de</span> <span class='ocrx_word' id='word_1_51' title='bbox 1214 1234 1340 1300; x_wconf 87' lang='lat' dir='ltr'><strong>subtus</strong></span> <span class='ocrx_word' id='word_1_52' title='bbox 1364 1232 1459 1302; x_wconf 90' lang='lat' dir='ltr'>iusta</span> <span class='ocrx_word' id='word_1_53' title='bbox 1484 1232 1562 1320; x_wconf 90' lang='lat' dir='ltr'>ipsa</span> <span class='ocrx_word' id='word_1_54' title='bbox 1585 1234 1645 1304; x_wconf 91' lang='lat' dir='ltr'>bia</span> <span class='ocrx_word' id='word_1_55' title='bbox 1667 1236 1764 1322; x_wconf 89' lang='lat' dir='ltr'>passi</span> <span class='ocrx_word' id='word_1_56' title='bbox 1787 1234 2077 1323; x_wconf 81' lang='lat' dir='ltr'>quinquaginta:</span> <span class='ocrx_word' id='word_1_57' title='bbox 2103 1257 2125 1308; x_wconf 91' lang='lat' dir='ltr'>a</span> <span class='ocrx_word' id='word_1_58' title='bbox 2148 1235 2298 1306; x_wconf 91' lang='lat' dir='ltr'>meridie</span> <span class='ocrx_word' id='word_1_59' title='bbox 2321 1236 2393 1305; x_wconf 84' lang='lat' dir='ltr'>dne</span> 
     </span>
     <span class='ocr_line' id='line_1_6' title="bbox 548 1375 2394 1481; baseline -0.003 -21"><span class='ocrx_word' id='word_1_60' title='bbox 548 1393 667 1481; x_wconf 90' lang='lat' dir='ltr'>ipsius</span> <span class='ocrx_word' id='word_1_61' title='bbox 691 1391 797 1480; x_wconf 90' lang='lat' dir='ltr'>petri,</span> <span class='ocrx_word' id='word_1_62' title='bbox 821 1386 914 1477; x_wconf 89' lang='lat' dir='ltr'>passi</span> <span class='ocrx_word' id='word_1_63' title='bbox 940 1387 1060 1456; x_wconf 91' lang='lat' dir='ltr'>decem</span> <span class='ocrx_word' id='word_1_64' title='bbox 1083 1389 1120 1455; x_wconf 91' lang='lat' dir='ltr'>et</span> <span class='ocrx_word' id='word_1_65' title='bbox 1141 1389 1242 1455; x_wconf 88' lang='lat' dir='ltr'>octo:</span> <span class='ocrx_word' id='word_1_66' title='bbox 1268 1386 1311 1453; x_wconf 91' lang='lat' dir='ltr'>de</span> <span class='ocrx_word' id='word_1_67' title='bbox 1334 1375 1461 1472; x_wconf 85' lang='lat' dir='ltr'>capite</span> <span class='ocrx_word' id='word_1_68' title='bbox 1474 1384 1639 1454; x_wconf 86' lang='lat' dir='ltr'>similiter</span> <span class='ocrx_word' id='word_1_69' title='bbox 1662 1383 1733 1454; x_wconf 88' lang='lat' dir='ltr'>fine</span> <span class='ocrx_word' id='word_1_70' title='bbox 1756 1385 1847 1473; x_wconf 82' lang='lat' dir='ltr'>eius,</span> <span class='ocrx_word' id='word_1_71' title='bbox 1871 1385 1956 1456; x_wconf 88' lang='lat' dir='ltr'>inde</span> <span class='ocrx_word' id='word_1_72' title='bbox 1979 1385 2078 1474; x_wconf 91' lang='lat' dir='ltr'>passi</span> <span class='ocrx_word' id='word_1_73' title='bbox 2100 1385 2394 1475; x_wconf 80' lang='lat' dir='ltr'>quinquaginta:</span> 
     </span>
     <span class='ocr_line' id='line_1_7' title="bbox 549 1536 2398 1631; baseline -0.001 -19"><span class='ocrx_word' id='word_1_74' title='bbox 549 1563 572 1612; x_wconf 90' lang='lat' dir='ltr'>a</span> <span class='ocrx_word' id='word_1_75' title='bbox 595 1539 849 1628; x_wconf 77' lang='lat' dir='ltr'>septemtrione</span> <span class='ocrx_word' id='word_1_76' title='bbox 871 1539 943 1608; x_wconf 87' lang='lat' dir='ltr'>fine</span> <span class='ocrx_word' id='word_1_77' title='bbox 964 1537 1007 1605; x_wconf 95' lang='lat' dir='ltr'>de</span> <span class='ocrx_word' id='word_1_78' title='bbox 1031 1536 1151 1606; x_wconf 90' lang='lat' dir='ltr'>eredes</span> <span class='ocrx_word' id='word_1_79' title='bbox 1174 1539 1298 1624; x_wconf 88' lang='lat' dir='ltr'>mari,</span> <span class='ocrx_word' id='word_1_80' title='bbox 1330 1536 1413 1604; x_wconf 89' lang='lat' dir='ltr'>inde</span> <span class='ocrx_word' id='word_1_81' title='bbox 1437 1537 1541 1625; x_wconf 90' lang='lat' dir='ltr'>pedes</span> <span class='ocrx_word' id='word_1_82' title='bbox 1564 1538 1685 1608; x_wconf 90' lang='lat' dir='ltr'>decem</span> <span class='ocrx_word' id='word_1_83' title='bbox 1714 1543 1751 1609; x_wconf 90' lang='lat' dir='ltr'>et</span> <span class='ocrx_word' id='word_1_84' title='bbox 1774 1543 1878 1627; x_wconf 85' lang='lat' dir='ltr'>oot03</span> <span class='ocrx_word' id='word_1_85' title='bbox 1911 1545 1986 1612; x_wconf 91' lang='lat' dir='ltr'>tota</span> <span class='ocrx_word' id='word_1_86' title='bbox 2017 1540 2264 1631; x_wconf 90' lang='lat' dir='ltr'>suprascripta</span> <span class='ocrx_word' id='word_1_87' title='bbox 2292 1546 2398 1612; x_wconf 88' lang='lat' dir='ltr'>rebus</span> 
     </span>
     <span class='ocr_line' id='line_1_8' title="bbox 547 1688 2399 1783; baseline 0.002 -23"><span class='ocrx_word' id='word_1_88' title='bbox 547 1695 756 1760; x_wconf 88' lang='lat' dir='ltr'>mensurata</span> <span class='ocrx_word' id='word_1_89' title='bbox 780 1690 825 1759; x_wconf 91' lang='lat' dir='ltr'>ad</span> <span class='ocrx_word' id='word_1_90' title='bbox 848 1689 941 1758; x_wconf 88' lang='lat' dir='ltr'>iusto</span> <span class='ocrx_word' id='word_1_91' title='bbox 964 1707 1109 1777; x_wconf 90' lang='lat' dir='ltr'>passum</span> <span class='ocrx_word' id='word_1_92' title='bbox 1133 1688 1245 1756; x_wconf 90' lang='lat' dir='ltr'>omini</span> <span class='ocrx_word' id='word_1_93' title='bbox 1270 1689 1436 1758; x_wconf 90' lang='lat' dir='ltr'>inclitum</span> <span class='ocrx_word' id='word_1_94' title='bbox 1460 1689 1556 1778; x_wconf 88' lang='lat' dir='ltr'>illut,</span> <span class='ocrx_word' id='word_1_95' title='bbox 1580 1692 1673 1760; x_wconf 91' lang='lat' dir='ltr'>sicut</span> <span class='ocrx_word' id='word_1_96' title='bbox 1688 1691 1857 1780; x_wconf 77' lang='lat' dir='ltr'>diximuS,</span> <span class='ocrx_word' id='word_1_97' title='bbox 1886 1695 1926 1763; x_wconf 94' lang='lat' dir='ltr'>in</span> <span class='ocrx_word' id='word_1_98' title='bbox 1949 1695 2115 1783; x_wconf 89' lang='lat' dir='ltr'>partione</span> <span class='ocrx_word' id='word_1_99' title='bbox 2139 1695 2185 1764; x_wconf 89' lang='lat' dir='ltr'>ad</span> <span class='ocrx_word' id='word_1_100' title='bbox 2208 1699 2399 1783; x_wconf 86' lang='lat' dir='ltr'>pastenan-</span> 
     </span>
     <span class='ocr_line' id='line_1_9' title="bbox 544 1843 2393 1942; baseline 0.007 -30"><span class='ocrx_word' id='word_1_101' title='bbox 544 1845 629 1916; x_wconf 93' lang='lat' dir='ltr'>dum</span> <span class='ocrx_word' id='word_1_102' title='bbox 653 1844 785 1932; x_wconf 88' lang='lat' dir='ltr'>vinea,</span> <span class='ocrx_word' id='word_1_103' title='bbox 808 1847 845 1912; x_wconf 85' lang='lat' dir='ltr'>et</span> <span class='ocrx_word' id='word_1_104' title='bbox 868 1843 1104 1930; x_wconf 89' lang='lat' dir='ltr'>cannietum,</span> <span class='ocrx_word' id='word_1_105' title='bbox 1128 1847 1164 1911; x_wconf 88' lang='lat' dir='ltr'>et</span> <span class='ocrx_word' id='word_1_106' title='bbox 1187 1843 1397 1932; x_wconf 83' lang='lat' dir='ltr'>salicetum,</span> <span class='ocrx_word' id='word_1_107' title='bbox 1422 1848 1458 1914; x_wconf 90' lang='lat' dir='ltr'>et</span> <span class='ocrx_word' id='word_1_108' title='bbox 1480 1846 1594 1933; x_wconf 90' lang='lat' dir='ltr'>pomis</span> <span class='ocrx_word' id='word_1_109' title='bbox 1625 1847 1727 1916; x_wconf 89' lang='lat' dir='ltr'>nobis</span> <span class='ocrx_word' id='word_1_110' title='bbox 1751 1849 1926 1919; x_wconf 85' lang='lat' dir='ltr'>tradidit:</span> <span class='ocrx_word' id='word_1_111' title='bbox 1951 1852 1998 1922; x_wconf 89' lang='lat' dir='ltr'>ad</span> <span class='ocrx_word' id='word_1_112' title='bbox 2021 1853 2186 1942; x_wconf 88' lang='lat' dir='ltr'>completi</span> <span class='ocrx_word' id='word_1_113' title='bbox 2210 1853 2393 1927; x_wconf 88' lang='lat' dir='ltr'>duodecim</span> 
     </span>
     <span class='ocr_line' id='line_1_10' title="bbox 544 1995 2394 2091; baseline 0.005 -25"><span class='ocrx_word' id='word_1_114' title='bbox 544 1995 636 2066; x_wconf 90' lang='lat' dir='ltr'>anni</span> <span class='ocrx_word' id='word_1_115' title='bbox 659 1997 847 2065; x_wconf 82' lang='lat' dir='ltr'>aberamus</span> <span class='ocrx_word' id='word_1_116' title='bbox 869 2001 983 2066; x_wconf 85' lang='lat' dir='ltr'>totum</span> <span class='ocrx_word' id='word_1_117' title='bbox 1007 1995 1089 2066; x_wconf 93' lang='lat' dir='ltr'>illut</span> <span class='ocrx_word' id='word_1_118' title='bbox 1113 2002 1252 2066; x_wconf 89' lang='lat' dir='ltr'>surtum</span> <span class='ocrx_word' id='word_1_119' title='bbox 1276 2001 1311 2066; x_wconf 94' lang='lat' dir='ltr'>et</span> <span class='ocrx_word' id='word_1_120' title='bbox 1334 2001 1520 2086; x_wconf 87' lang='lat' dir='ltr'>operatum</span> <span class='ocrx_word' id='word_1_121' title='bbox 1543 2003 1579 2067; x_wconf 91' lang='lat' dir='ltr'>et</span> <span class='ocrx_word' id='word_1_122' title='bbox 1601 2000 1752 2089; x_wconf 87' lang='lat' dir='ltr'>clusum,</span> <span class='ocrx_word' id='word_1_123' title='bbox 1776 2005 1813 2069; x_wconf 88' lang='lat' dir='ltr'>et</span> <span class='ocrx_word' id='word_1_124' title='bbox 1836 2020 1943 2090; x_wconf 88' lang='lat' dir='ltr'>super</span> <span class='ocrx_word' id='word_1_125' title='bbox 1967 2005 2045 2091; x_wconf 89' lang='lat' dir='ltr'>ipsa</span> <span class='ocrx_word' id='word_1_126' title='bbox 2061 2006 2123 2075; x_wconf 89' lang='lat' dir='ltr'>bia</span> <span class='ocrx_word' id='word_1_127' title='bbox 2135 2006 2332 2078; x_wconf 87' lang='lat' dir='ltr'>faceremus</span> <span class='ocrx_word' id='word_1_128' title='bbox 2356 2010 2394 2076; x_wconf 91' lang='lat' dir='ltr'>in</span> 
     </span>
     <span class='ocr_line' id='line_1_11' title="bbox 543 2150 2394 2241; baseline 0.001 -17"><span class='ocrx_word' id='word_1_129' title='bbox 543 2154 657 2224; x_wconf 89' lang='lat' dir='ltr'>altum</span> <span class='ocrx_word' id='word_1_130' title='bbox 686 2151 864 2241; x_wconf 80' lang='lat' dir='ltr'>pergola,</span> <span class='ocrx_word' id='word_1_131' title='bbox 886 2157 922 2221; x_wconf 89' lang='lat' dir='ltr'>et</span> <span class='ocrx_word' id='word_1_132' title='bbox 944 2150 1182 2220; x_wconf 86' lang='lat' dir='ltr'>divideremus</span> <span class='ocrx_word' id='word_1_133' title='bbox 1204 2153 1316 2218; x_wconf 91' lang='lat' dir='ltr'>totum</span> <span class='ocrx_word' id='word_1_134' title='bbox 1340 2150 1423 2220; x_wconf 92' lang='lat' dir='ltr'>illut</span> <span class='ocrx_word' id='word_1_135' title='bbox 1446 2169 1508 2238; x_wconf 89' lang='lat' dir='ltr'>per</span> <span class='ocrx_word' id='word_1_136' title='bbox 1532 2151 1722 2221; x_wconf 89' lang='lat' dir='ltr'>medietate</span> <span class='ocrx_word' id='word_1_137' title='bbox 1746 2153 1841 2223; x_wconf 87' lang='lat' dir='ltr'>iusta</span> <span class='ocrx_word' id='word_1_138' title='bbox 1864 2155 2015 2224; x_wconf 87' lang='lat' dir='ltr'>ratione:</span> <span class='ocrx_word' id='word_1_139' title='bbox 2043 2154 2118 2224; x_wconf 91' lang='lat' dir='ltr'>illis</span> <span class='ocrx_word' id='word_1_140' title='bbox 2140 2156 2306 2225; x_wconf 87' lang='lat' dir='ltr'>tollerent</span> <span class='ocrx_word' id='word_1_141' title='bbox 2334 2175 2394 2225; x_wconf 84' lang='lat' dir='ltr'>eos</span> 
     </span>
     <span class='ocr_line' id='line_1_12' title="bbox 549 2303 2400 2396; baseline -0.002 -18"><span class='ocrx_word' id='word_1_142' title='bbox 549 2309 792 2396; x_wconf 89' lang='lat' dir='ltr'>medietatem,</span> <span class='ocrx_word' id='word_1_143' title='bbox 816 2313 852 2378; x_wconf 93' lang='lat' dir='ltr'>et</span> <span class='ocrx_word' id='word_1_144' title='bbox 874 2325 939 2376; x_wconf 89' lang='lat' dir='ltr'>uos</span> <span class='ocrx_word' id='word_1_145' title='bbox 963 2307 1036 2378; x_wconf 89' lang='lat' dir='ltr'>alia</span> <span class='ocrx_word' id='word_1_146' title='bbox 1058 2305 1260 2392; x_wconf 87' lang='lat' dir='ltr'>medietate,</span> <span class='ocrx_word' id='word_1_147' title='bbox 1285 2305 1331 2376; x_wconf 90' lang='lat' dir='ltr'>ad</span> <span class='ocrx_word' id='word_1_148' title='bbox 1355 2303 1557 2375; x_wconf 84' lang='lat' dir='ltr'>faciendum</span> <span class='ocrx_word' id='word_1_149' title='bbox 1582 2324 1645 2392; x_wconf 92' lang='lat' dir='ltr'>per</span> <span class='ocrx_word' id='word_1_150' title='bbox 1668 2309 1791 2393; x_wconf 87' lang='lat' dir='ltr'>partes</span> <span class='ocrx_word' id='word_1_151' title='bbox 1821 2305 1943 2374; x_wconf 91' lang='lat' dir='ltr'>omnia</span> <span class='ocrx_word' id='word_1_152' title='bbox 1974 2307 2068 2393; x_wconf 88' lang='lat' dir='ltr'>quod</span> <span class='ocrx_word' id='word_1_153' title='bbox 2090 2307 2319 2396; x_wconf 87' lang='lat' dir='ltr'>boluerimus,</span> <span class='ocrx_word' id='word_1_154' title='bbox 2345 2325 2400 2374; x_wconf 89' lang='lat' dir='ltr'>re-</span> 
     </span>
     <span class='ocr_line' id='line_1_13' title="bbox 545 2453 2401 2548; baseline -0.002 -18"><span class='ocrx_word' id='word_1_155' title='bbox 545 2461 660 2532; x_wconf 91' lang='lat' dir='ltr'>ditum</span> <span class='ocrx_word' id='word_1_156' title='bbox 684 2466 750 2532; x_wconf 90' lang='lat' dir='ltr'>aut</span> <span class='ocrx_word' id='word_1_157' title='bbox 772 2459 991 2548; x_wconf 89' lang='lat' dir='ltr'>palmentum</span> <span class='ocrx_word' id='word_1_158' title='bbox 1014 2461 1078 2548; x_wconf 92' lang='lat' dir='ltr'>qui</span> <span class='ocrx_word' id='word_1_159' title='bbox 1102 2460 1150 2528; x_wconf 88' lang='lat' dir='ltr'>ibi</span> <span class='ocrx_word' id='word_1_160' title='bbox 1178 2457 1306 2545; x_wconf 88' lang='lat' dir='ltr'>suerit,</span> <span class='ocrx_word' id='word_1_161' title='bbox 1331 2457 1405 2526; x_wconf 90' lang='lat' dir='ltr'>sive</span> <span class='ocrx_word' id='word_1_162' title='bbox 1429 2458 1500 2526; x_wconf 92' lang='lat' dir='ltr'>erit</span> <span class='ocrx_word' id='word_1_163' title='bbox 1524 2457 1563 2524; x_wconf 92' lang='lat' dir='ltr'>in</span> <span class='ocrx_word' id='word_1_164' title='bbox 1587 2453 1666 2544; x_wconf 90' lang='lat' dir='ltr'>ipsa</span> <span class='ocrx_word' id='word_1_165' title='bbox 1689 2460 1812 2525; x_wconf 89' lang='lat' dir='ltr'>nostra</span> <span class='ocrx_word' id='word_1_166' title='bbox 1836 2457 2011 2544; x_wconf 91' lang='lat' dir='ltr'>sortione,</span> <span class='ocrx_word' id='word_1_167' title='bbox 2036 2459 2208 2528; x_wconf 90' lang='lat' dir='ltr'>abeamus</span> <span class='ocrx_word' id='word_1_168' title='bbox 2232 2457 2314 2527; x_wconf 91' lang='lat' dir='ltr'>illut</span> <span class='ocrx_word' id='word_1_169' title='bbox 2337 2477 2401 2527; x_wconf 90' lang='lat' dir='ltr'>uo-</span> 
     </span>
     <span class='ocr_line' id='line_1_14' title="bbox 546 2610 2400 2702; baseline 0.002 -22"><span class='ocrx_word' id='word_1_170' title='bbox 546 2611 625 2698; x_wconf 90' lang='lat' dir='ltr'>bis;</span> <span class='ocrx_word' id='word_1_171' title='bbox 648 2618 684 2682; x_wconf 91' lang='lat' dir='ltr'>et</span> <span class='ocrx_word' id='word_1_172' title='bbox 707 2613 737 2681; x_wconf 92' lang='lat' dir='ltr'>si</span> <span class='ocrx_word' id='word_1_173' title='bbox 762 2615 923 2682; x_wconf 89' lang='lat' dir='ltr'>ebenerit</span> <span class='ocrx_word' id='word_1_174' title='bbox 946 2615 985 2681; x_wconf 90' lang='lat' dir='ltr'>in</span> <span class='ocrx_word' id='word_1_175' title='bbox 1009 2612 1088 2700; x_wconf 89' lang='lat' dir='ltr'>ipsa</span> <span class='ocrx_word' id='word_1_176' title='bbox 1111 2631 1177 2681; x_wconf 89' lang='lat' dir='ltr'>sua</span> <span class='ocrx_word' id='word_1_177' title='bbox 1201 2613 1379 2698; x_wconf 88' lang='lat' dir='ltr'>sortione,</span> <span class='ocrx_word' id='word_1_178' title='bbox 1403 2613 1578 2698; x_wconf 84' lang='lat' dir='ltr'>potestate</span> <span class='ocrx_word' id='word_1_179' title='bbox 1600 2612 1770 2680; x_wconf 89' lang='lat' dir='ltr'>abeamus</span> <span class='ocrx_word' id='word_1_180' title='bbox 1794 2610 1876 2680; x_wconf 92' lang='lat' dir='ltr'>illut</span> <span class='ocrx_word' id='word_1_181' title='bbox 1899 2611 1983 2682; x_wconf 91' lang='lat' dir='ltr'>inde</span> <span class='ocrx_word' id='word_1_182' title='bbox 2006 2617 2174 2682; x_wconf 85' lang='lat' dir='ltr'>excutere</span> <span class='ocrx_word' id='word_1_183' title='bbox 2198 2619 2234 2682; x_wconf 88' lang='lat' dir='ltr'>et</span> <span class='ocrx_word' id='word_1_184' title='bbox 2257 2620 2400 2702; x_wconf 87' lang='lat' dir='ltr'>portare</span> 
     </span>
     <span class='ocr_line' id='line_1_15' title="bbox 547 2761 2400 2852; baseline 0.002 -20"><span class='ocrx_word' id='word_1_185' title='bbox 547 2763 643 2852; x_wconf 89' lang='lat' dir='ltr'>illut,</span> <span class='ocrx_word' id='word_1_186' title='bbox 667 2765 729 2834; x_wconf 91' lang='lat' dir='ltr'>ubi</span> <span class='ocrx_word' id='word_1_187' title='bbox 753 2764 983 2852; x_wconf 82' lang='lat' dir='ltr'>boluerimus3</span> <span class='ocrx_word' id='word_1_188' title='bbox 1007 2769 1042 2832; x_wconf 94' lang='lat' dir='ltr'>et</span> <span class='ocrx_word' id='word_1_189' title='bbox 1066 2766 1096 2832; x_wconf 91' lang='lat' dir='ltr'>si</span> <span class='ocrx_word' id='word_1_190' title='bbox 1122 2764 1200 2851; x_wconf 88' lang='lat' dir='ltr'>ipsa</span> <span class='ocrx_word' id='word_1_191' title='bbox 1223 2767 1347 2832; x_wconf 89' lang='lat' dir='ltr'>nostra</span> <span class='ocrx_word' id='word_1_192' title='bbox 1369 2764 1527 2831; x_wconf 86' lang='lat' dir='ltr'>sortione</span> <span class='ocrx_word' id='word_1_193' title='bbox 1551 2761 1594 2831; x_wconf 94' lang='lat' dir='ltr'>de</span> <span class='ocrx_word' id='word_1_194' title='bbox 1618 2763 1697 2849; x_wconf 89' lang='lat' dir='ltr'>ipsa</span> <span class='ocrx_word' id='word_1_195' title='bbox 1721 2765 1828 2832; x_wconf 92' lang='lat' dir='ltr'>rebus</span> <span class='ocrx_word' id='word_1_196' title='bbox 1843 2765 1976 2835; x_wconf 90' lang='lat' dir='ltr'>datura</span> <span class='ocrx_word' id='word_1_197' title='bbox 1994 2769 2058 2836; x_wconf 90' lang='lat' dir='ltr'>aut</span> <span class='ocrx_word' id='word_1_198' title='bbox 2082 2765 2270 2837; x_wconf 89' lang='lat' dir='ltr'>vinditura</span> <span class='ocrx_word' id='word_1_199' title='bbox 2292 2770 2400 2838; x_wconf 88' lang='lat' dir='ltr'>abue-</span> 
     </span>
     <span class='ocr_line' id='line_1_16' title="bbox 546 2913 2401 3008; baseline 0.006 -28"><span class='ocrx_word' id='word_1_200' title='bbox 546 2913 686 3002; x_wconf 93' lang='lat' dir='ltr'>rimus,</span> <span class='ocrx_word' id='word_1_201' title='bbox 715 2932 779 3000; x_wconf 91' lang='lat' dir='ltr'>per</span> <span class='ocrx_word' id='word_1_202' title='bbox 808 2913 926 2982; x_wconf 87' lang='lat' dir='ltr'>nullis&#39;</span> <span class='ocrx_word' id='word_1_203' title='bbox 942 2915 1055 2983; x_wconf 88' lang='lat' dir='ltr'>modis</span> <span class='ocrx_word' id='word_1_204' title='bbox 1078 2933 1150 2983; x_wconf 89' lang='lat' dir='ltr'>uon</span> <span class='ocrx_word' id='word_1_205' title='bbox 1174 2917 1360 2984; x_wconf 81' lang='lat' dir='ltr'>aberamus</span> <span class='ocrx_word' id='word_1_206' title='bbox 1385 2917 1594 3000; x_wconf 88' lang='lat' dir='ltr'>potestatem</span> <span class='ocrx_word' id='word_1_207' title='bbox 1618 2914 1700 2983; x_wconf 90' lang='lat' dir='ltr'>illut</span> <span class='ocrx_word' id='word_1_208' title='bbox 1724 2914 1831 3004; x_wconf 88' lang='lat' dir='ltr'>dare,</span> <span class='ocrx_word' id='word_1_209' title='bbox 1857 2919 1897 2985; x_wconf 90' lang='lat' dir='ltr'>ut</span> <span class='ocrx_word' id='word_1_210' title='bbox 1920 2916 1964 2985; x_wconf 90' lang='lat' dir='ltr'>de</span> <span class='ocrx_word' id='word_1_211' title='bbox 1987 2921 2112 2988; x_wconf 87' lang='lat' dir='ltr'>nostra</span> <span class='ocrx_word' id='word_1_212' title='bbox 2136 2925 2309 3008; x_wconf 83' lang='lat' dir='ltr'>potestate</span> <span class='ocrx_word' id='word_1_213' title='bbox 2332 2942 2401 2992; x_wconf 84' lang='lat' dir='ltr'>exe</span> 
     </span>
     <span class='ocr_line' id='line_1_17' title="bbox 548 3065 2401 3170; baseline 0.005 -38"><span class='ocrx_word' id='word_1_214' title='bbox 548 3068 804 3154; x_wconf 89' lang='lat' dir='ltr'>substractum,</span> <span class='ocrx_word' id='word_1_215' title='bbox 828 3070 949 3154; x_wconf 88' lang='lat' dir='ltr'>preter</span> <span class='ocrx_word' id='word_1_216' title='bbox 973 3065 1085 3154; x_wconf 91' lang='lat' dir='ltr'>ipsius</span> <span class='ocrx_word' id='word_1_217' title='bbox 1108 3065 1202 3154; x_wconf 89' lang='lat' dir='ltr'>petri</span> <span class='ocrx_word' id='word_1_218' title='bbox 1225 3065 1362 3150; x_wconf 90' lang='lat' dir='ltr'>clerici,</span> <span class='ocrx_word' id='word_1_219' title='bbox 1385 3065 1439 3132; x_wconf 85' lang='lat' dir='ltr'>vel</span> <span class='ocrx_word' id='word_1_220' title='bbox 1464 3065 1509 3135; x_wconf 91' lang='lat' dir='ltr'>ad</span> <span class='ocrx_word' id='word_1_221' title='bbox 1533 3067 1612 3136; x_wconf 90' lang='lat' dir='ltr'>eius</span> <span class='ocrx_word' id='word_1_222' title='bbox 1635 3067 1777 3158; x_wconf 88' lang='lat' dir='ltr'>eredes,</span> <span class='ocrx_word' id='word_1_223' title='bbox 1802 3069 1849 3138; x_wconf 92' lang='lat' dir='ltr'>ad</span> <span class='ocrx_word' id='word_1_224' title='bbox 1873 3067 1966 3138; x_wconf 92' lang='lat' dir='ltr'>iusto</span> <span class='ocrx_word' id='word_1_225' title='bbox 1989 3071 2147 3140; x_wconf 89' lang='lat' dir='ltr'>baliente</span> <span class='ocrx_word' id='word_1_226' title='bbox 2171 3073 2350 3170; x_wconf 77' lang='lat' dir='ltr'>pretium,</span> <span class='ocrx_word' id='word_1_227' title='bbox 2365 3079 2401 3142; x_wconf 90' lang='lat' dir='ltr'>et</span> 
     </span>
     <span class='ocr_line' id='line_1_18' title="bbox 549 3217 2401 3312; baseline 0.004 -27"><span class='ocrx_word' id='word_1_228' title='bbox 549 3220 746 3288; x_wconf 87' lang='lat' dir='ltr'>faceremus</span> <span class='ocrx_word' id='word_1_229' title='bbox 770 3217 844 3286; x_wconf 90' lang='lat' dir='ltr'>illis</span> <span class='ocrx_word' id='word_1_230' title='bbox 867 3218 950 3287; x_wconf 92' lang='lat' dir='ltr'>inde</span> <span class='ocrx_word' id='word_1_231' title='bbox 974 3217 1066 3286; x_wconf 91' lang='lat' dir='ltr'>scire</span> <span class='ocrx_word' id='word_1_232' title='bbox 1089 3237 1152 3304; x_wconf 90' lang='lat' dir='ltr'>per</span> <span class='ocrx_word' id='word_1_233' title='bbox 1177 3219 1284 3286; x_wconf 91' lang='lat' dir='ltr'>tertio</span> <span class='ocrx_word' id='word_1_234' title='bbox 1308 3220 1542 3286; x_wconf 90' lang='lat' dir='ltr'>constitutum</span> <span class='ocrx_word' id='word_1_235' title='bbox 1566 3238 1678 3306; x_wconf 89' lang='lat' dir='ltr'>usque</span> <span class='ocrx_word' id='word_1_236' title='bbox 1702 3220 1825 3288; x_wconf 89' lang='lat' dir='ltr'>diebus</span> <span class='ocrx_word' id='word_1_237' title='bbox 1849 3219 2002 3310; x_wconf 79' lang='lat' dir='ltr'>triginta</span> <span class='ocrx_word' id='word_1_238' title='bbox 2025 3241 2104 3309; x_wconf 77' lang='lat' dir='ltr'>sex,</span> <span class='ocrx_word' id='word_1_239' title='bbox 2122 3227 2158 3292; x_wconf 90' lang='lat' dir='ltr'>et</span> <span class='ocrx_word' id='word_1_240' title='bbox 2180 3223 2211 3290; x_wconf 90' lang='lat' dir='ltr'>si</span> <span class='ocrx_word' id='word_1_241' title='bbox 2235 3242 2299 3312; x_wconf 86' lang='lat' dir='ltr'>pro</span> <span class='ocrx_word' id='word_1_242' title='bbox 2324 3226 2401 3312; x_wconf 89' lang='lat' dir='ltr'>ipsa</span> 
     </span>
     <span class='ocr_line' id='line_1_19' title="bbox 550 3371 2400 3460; baseline 0.001 -18"><span class='ocrx_word' id='word_1_243' title='bbox 550 3374 747 3444; x_wconf 89' lang='lat' dir='ltr'>constituta</span> <span class='ocrx_word' id='word_1_244' title='bbox 769 3372 924 3443; x_wconf 91' lang='lat' dir='ltr'>noluerit</span> <span class='ocrx_word' id='word_1_245' title='bbox 948 3373 1030 3441; x_wconf 88' lang='lat' dir='ltr'>illut</span> <span class='ocrx_word' id='word_1_246' title='bbox 1053 3391 1171 3441; x_wconf 89' lang='lat' dir='ltr'>emere</span> <span class='ocrx_word' id='word_1_247' title='bbox 1195 3373 1241 3440; x_wconf 89' lang='lat' dir='ltr'>ad</span> <span class='ocrx_word' id='word_1_248' title='bbox 1265 3371 1358 3440; x_wconf 90' lang='lat' dir='ltr'>iusto</span> <span class='ocrx_word' id='word_1_249' title='bbox 1381 3371 1549 3459; x_wconf 91' lang='lat' dir='ltr'>pretium,</span> <span class='ocrx_word' id='word_1_250' title='bbox 1572 3376 1659 3439; x_wconf 90' lang='lat' dir='ltr'>tunc</span> <span class='ocrx_word' id='word_1_251' title='bbox 1683 3377 1760 3458; x_wconf 88' lang='lat' dir='ltr'>post</span> <span class='ocrx_word' id='word_1_252' title='bbox 1782 3373 1861 3460; x_wconf 91' lang='lat' dir='ltr'>ipsa</span> <span class='ocrx_word' id='word_1_253' title='bbox 1875 3375 2072 3443; x_wconf 89' lang='lat' dir='ltr'>constituta</span> <span class='ocrx_word' id='word_1_254' title='bbox 2096 3375 2204 3446; x_wconf 89' lang='lat' dir='ltr'>liceat</span> <span class='ocrx_word' id='word_1_255' title='bbox 2227 3393 2293 3442; x_wconf 89' lang='lat' dir='ltr'>nos</span> <span class='ocrx_word' id='word_1_256' title='bbox 2318 3375 2400 3446; x_wconf 91' lang='lat' dir='ltr'>illut</span> 
     </span>
     <span class='ocr_line' id='line_1_20' title="bbox 550 3522 2399 3620; baseline 0.002 -26"><span class='ocrx_word' id='word_1_257' title='bbox 550 3526 637 3596; x_wconf 87' lang='lat' dir='ltr'>dare</span> <span class='ocrx_word' id='word_1_258' title='bbox 660 3527 719 3594; x_wconf 89' lang='lat' dir='ltr'>cui</span> <span class='ocrx_word' id='word_1_259' title='bbox 744 3525 973 3612; x_wconf 83' lang='lat' dir='ltr'>boluerimus3</span> <span class='ocrx_word' id='word_1_260' title='bbox 998 3523 1137 3595; x_wconf 89' lang='lat' dir='ltr'>namsi</span> <span class='ocrx_word' id='word_1_261' title='bbox 1161 3527 1246 3592; x_wconf 92' lang='lat' dir='ltr'>ante</span> <span class='ocrx_word' id='word_1_262' title='bbox 1271 3525 1348 3608; x_wconf 90' lang='lat' dir='ltr'>ipsa</span> <span class='ocrx_word' id='word_1_263' title='bbox 1371 3523 1570 3591; x_wconf 89' lang='lat' dir='ltr'>constituta</span> <span class='ocrx_word' id='word_1_264' title='bbox 1585 3522 1795 3610; x_wconf 88' lang='lat' dir='ltr'>cuicumque</span> <span class='ocrx_word' id='word_1_265' title='bbox 1811 3524 1892 3592; x_wconf 91' lang='lat' dir='ltr'>illut</span> <span class='ocrx_word' id='word_1_266' title='bbox 1907 3525 2074 3620; x_wconf 83' lang='lat' dir='ltr'>daremus</span> <span class='ocrx_word' id='word_1_267' title='bbox 2098 3529 2231 3615; x_wconf 91' lang='lat' dir='ltr'>absque</span> <span class='ocrx_word' id='word_1_268' title='bbox 2256 3527 2399 3598; x_wconf 89' lang='lat' dir='ltr'>illorum</span> 
     </span>
     <span class='ocr_line' id='line_1_21' title="bbox 553 3677 2403 3770; baseline -0.002 -18"><span class='ocrx_word' id='word_1_269' title='bbox 553 3685 759 3770; x_wconf 91' lang='lat' dir='ltr'>solutione,</span> <span class='ocrx_word' id='word_1_270' title='bbox 792 3687 834 3751; x_wconf 91' lang='lat' dir='ltr'>ut</span> <span class='ocrx_word' id='word_1_271' title='bbox 855 3681 899 3750; x_wconf 91' lang='lat' dir='ltr'>de</span> <span class='ocrx_word' id='word_1_272' title='bbox 922 3685 1044 3750; x_wconf 89' lang='lat' dir='ltr'>nostra</span> <span class='ocrx_word' id='word_1_273' title='bbox 1066 3683 1275 3768; x_wconf 89' lang='lat' dir='ltr'>potestatem</span> <span class='ocrx_word' id='word_1_274' title='bbox 1300 3697 1365 3746; x_wconf 80' lang='lat' dir='ltr'>exe</span> <span class='ocrx_word' id='word_1_275' title='bbox 1389 3680 1657 3764; x_wconf 88' lang='lat' dir='ltr'>substractum,</span> <span class='ocrx_word' id='word_1_276' title='bbox 1686 3681 1772 3746; x_wconf 88' lang='lat' dir='ltr'>tunc</span> <span class='ocrx_word' id='word_1_277' title='bbox 1802 3677 1880 3746; x_wconf 91' lang='lat' dir='ltr'>sine</span> <span class='ocrx_word' id='word_1_278' title='bbox 1908 3679 2062 3766; x_wconf 90' lang='lat' dir='ltr'>pretium</span> <span class='ocrx_word' id='word_1_279' title='bbox 2093 3680 2327 3765; x_wconf 86' lang='lat' dir='ltr'>pervenirent</span> <span class='ocrx_word' id='word_1_280' title='bbox 2358 3681 2403 3751; x_wconf 90' lang='lat' dir='ltr'>ad</span> 
     </span>
     <span class='ocr_line' id='line_1_22' title="bbox 555 3829 2407 3924; baseline -0.003 -20"><span class='ocrx_word' id='word_1_281' title='bbox 555 3837 699 3906; x_wconf 86' lang='lat' dir='ltr'>iliorum</span> <span class='ocrx_word' id='word_1_282' title='bbox 722 3839 946 3924; x_wconf 88' lang='lat' dir='ltr'>potestatem,</span> <span class='ocrx_word' id='word_1_283' title='bbox 971 3834 1065 3902; x_wconf 89' lang='lat' dir='ltr'>sicut</span> <span class='ocrx_word' id='word_1_284' title='bbox 1086 3835 1278 3901; x_wconf 81' lang='lat' dir='ltr'>continuat</span> <span class='ocrx_word' id='word_1_285' title='bbox 1300 3830 1401 3898; x_wconf 88' lang='lat' dir='ltr'>brebi</span> <span class='ocrx_word' id='word_1_286' title='bbox 1424 3829 1467 3897; x_wconf 89' lang='lat' dir='ltr'>de</span> <span class='ocrx_word' id='word_1_287' title='bbox 1492 3829 1570 3916; x_wconf 91' lang='lat' dir='ltr'>ipsa</span> <span class='ocrx_word' id='word_1_288' title='bbox 1592 3830 1853 3919; x_wconf 89' lang='lat' dir='ltr'>pastenatione,</span> <span class='ocrx_word' id='word_1_289' title='bbox 1877 3835 1914 3899; x_wconf 89' lang='lat' dir='ltr'>et</span> <span class='ocrx_word' id='word_1_290' title='bbox 1937 3832 2028 3900; x_wconf 85' lang='lat' dir='ltr'>aduc</span> <span class='ocrx_word' id='word_1_291' title='bbox 2052 3832 2200 3902; x_wconf 90' lang='lat' dir='ltr'>minime</span> <span class='ocrx_word' id='word_1_292' title='bbox 2224 3831 2306 3900; x_wconf 87' lang='lat' dir='ltr'>illut</span> <span class='ocrx_word' id='word_1_293' title='bbox 2329 3849 2407 3900; x_wconf 88' lang='lat' dir='ltr'>sur-</span> 
     </span>
     <span class='ocr_line' id='line_1_23' title="bbox 552 3981 2408 4078; baseline -0.007 -15"><span class='ocrx_word' id='word_1_294' title='bbox 552 3999 630 4063; x_wconf 91' lang='lat' dir='ltr'>tum</span> <span class='ocrx_word' id='word_1_295' title='bbox 653 3995 825 4078; x_wconf 88' lang='lat' dir='ltr'>abemus,</span> <span class='ocrx_word' id='word_1_296' title='bbox 849 3989 957 4058; x_wconf 92' lang='lat' dir='ltr'>sicuti</span> <span class='ocrx_word' id='word_1_297' title='bbox 982 3987 1064 4056; x_wconf 88' lang='lat' dir='ltr'>inde</span> <span class='ocrx_word' id='word_1_298' title='bbox 1087 3985 1236 4074; x_wconf 81' lang='lat' dir='ltr'>obligati</span> <span class='ocrx_word' id='word_1_299' title='bbox 1260 4002 1394 4052; x_wconf 87' lang='lat' dir='ltr'>sumus.</span> <span class='ocrx_word' id='word_1_300' title='bbox 1426 3983 1527 4051; x_wconf 92' lang='lat' dir='ltr'>Modo</span> <span class='ocrx_word' id='word_1_301' title='bbox 1550 3987 1697 4070; x_wconf 90' lang='lat' dir='ltr'>autem,</span> <span class='ocrx_word' id='word_1_302' title='bbox 1728 3981 1822 4051; x_wconf 90' lang='lat' dir='ltr'>sicut</span> <span class='ocrx_word' id='word_1_303' title='bbox 1851 3986 2004 4069; x_wconf 90' lang='lat' dir='ltr'>utraque</span> <span class='ocrx_word' id='word_1_304' title='bbox 2027 3986 2147 4068; x_wconf 87' lang='lat' dir='ltr'>partes</span> <span class='ocrx_word' id='word_1_305' title='bbox 2168 3981 2408 4069; x_wconf 89' lang='lat' dir='ltr'>complacuit,</span> 
     </span>
     <span class='ocr_line' id='line_1_24' title="bbox 553 4133 2408 4235; baseline -0.007 -21"><span class='ocrx_word' id='word_1_306' title='bbox 553 4165 617 4235; x_wconf 86' lang='lat' dir='ltr'>pro</span> <span class='ocrx_word' id='word_1_307' title='bbox 640 4143 838 4214; x_wconf 82' lang='lat' dir='ltr'>servitium</span> <span class='ocrx_word' id='word_1_308' title='bbox 861 4139 1074 4212; x_wconf 88' lang='lat' dir='ltr'>admisimus</span> <span class='ocrx_word' id='word_1_309' title='bbox 1096 4139 1212 4207; x_wconf 90' lang='lat' dir='ltr'>eidem</span> <span class='ocrx_word' id='word_1_310' title='bbox 1234 4135 1330 4224; x_wconf 86' lang='lat' dir='ltr'>petri</span> <span class='ocrx_word' id='word_1_311' title='bbox 1356 4134 1484 4204; x_wconf 90' lang='lat' dir='ltr'>clerico</span> <span class='ocrx_word' id='word_1_312' title='bbox 1507 4135 1631 4205; x_wconf 87' lang='lat' dir='ltr'>inclita</span> <span class='ocrx_word' id='word_1_313' title='bbox 1654 4135 1733 4221; x_wconf 88' lang='lat' dir='ltr'>ipsa</span> <span class='ocrx_word' id='word_1_314' title='bbox 1757 4133 1860 4220; x_wconf 88' lang='lat' dir='ltr'>pecia</span> <span class='ocrx_word' id='word_1_315' title='bbox 1885 4150 2043 4220; x_wconf 90' lang='lat' dir='ltr'>suprana</span> <span class='ocrx_word' id='word_1_316' title='bbox 2066 4153 2090 4202; x_wconf 90' lang='lat' dir='ltr'>a</span> <span class='ocrx_word' id='word_1_317' title='bbox 2113 4150 2220 4220; x_wconf 87' lang='lat' dir='ltr'>super</span> <span class='ocrx_word' id='word_1_318' title='bbox 2238 4134 2318 4220; x_wconf 89' lang='lat' dir='ltr'>ipsa</span> <span class='ocrx_word' id='word_1_319' title='bbox 2334 4133 2408 4221; x_wconf 90' lang='lat' dir='ltr'>bia,</span> 
     </span>
     <span class='ocr_line' id='line_1_25' title="bbox 556 4283 2411 4376; baseline -0.012 -2"><span class='ocrx_word' id='word_1_320' title='bbox 556 4304 603 4374; x_wconf 90' lang='lat' dir='ltr'>ad</span> <span class='ocrx_word' id='word_1_321' title='bbox 627 4300 832 4373; x_wconf 82' lang='lat' dir='ltr'>faciendum</span> <span class='ocrx_word' id='word_1_322' title='bbox 856 4298 917 4367; x_wconf 89' lang='lat' dir='ltr'>ille</span> <span class='ocrx_word' id='word_1_323' title='bbox 940 4295 1076 4367; x_wconf 90' lang='lat' dir='ltr'>eteius</span> <span class='ocrx_word' id='word_1_324' title='bbox 1099 4293 1222 4362; x_wconf 89' lang='lat' dir='ltr'>eredes</span> <span class='ocrx_word' id='word_1_325' title='bbox 1244 4290 1365 4360; x_wconf 89' lang='lat' dir='ltr'>omnia</span> <span class='ocrx_word' id='word_1_326' title='bbox 1389 4289 1481 4376; x_wconf 90' lang='lat' dir='ltr'>quod</span> <span class='ocrx_word' id='word_1_327' title='bbox 1504 4288 1670 4374; x_wconf 88' lang='lat' dir='ltr'>voluerit;</span> <span class='ocrx_word' id='word_1_328' title='bbox 1688 4291 1724 4356; x_wconf 89' lang='lat' dir='ltr'>et</span> <span class='ocrx_word' id='word_1_329' title='bbox 1739 4285 1862 4356; x_wconf 89' lang='lat' dir='ltr'>statim</span> <span class='ocrx_word' id='word_1_330' title='bbox 1886 4285 2074 4354; x_wconf 84' lang='lat' dir='ltr'>divisimus</span> <span class='ocrx_word' id='word_1_331' title='bbox 2097 4283 2178 4374; x_wconf 91' lang='lat' dir='ltr'>ipsa</span> <span class='ocrx_word' id='word_1_332' title='bbox 2201 4285 2305 4374; x_wconf 89' lang='lat' dir='ltr'>pecia</span> <span class='ocrx_word' id='word_1_333' title='bbox 2328 4287 2411 4354; x_wconf 91' lang='lat' dir='ltr'>sub-</span> 
     </span>
     <span class='ocr_line' id='line_1_26' title="bbox 558 4437 2409 4543; baseline -0.012 -16"><span class='ocrx_word' id='word_1_334' title='bbox 558 4465 672 4543; x_wconf 88' lang='lat' dir='ltr'>tana,</span> <span class='ocrx_word' id='word_1_335' title='bbox 695 4453 741 4524; x_wconf 91' lang='lat' dir='ltr'>da</span> <span class='ocrx_word' id='word_1_336' title='bbox 765 4453 844 4541; x_wconf 90' lang='lat' dir='ltr'>ipsa</span> <span class='ocrx_word' id='word_1_337' title='bbox 868 4451 929 4520; x_wconf 93' lang='lat' dir='ltr'>bia</span> <span class='ocrx_word' id='word_1_338' title='bbox 952 4449 992 4518; x_wconf 94' lang='lat' dir='ltr'>in</span> <span class='ocrx_word' id='word_1_339' title='bbox 1015 4449 1140 4517; x_wconf 88' lang='lat' dir='ltr'>subtus</span> <span class='ocrx_word' id='word_1_340' title='bbox 1163 4463 1276 4532; x_wconf 89' lang='lat' dir='ltr'>usque</span> <span class='ocrx_word' id='word_1_341' title='bbox 1300 4443 1376 4530; x_wconf 90' lang='lat' dir='ltr'>ipso</span> <span class='ocrx_word' id='word_1_342' title='bbox 1400 4443 1524 4529; x_wconf 90' lang='lat' dir='ltr'>ribus,</span> <span class='ocrx_word' id='word_1_343' title='bbox 1549 4445 1585 4509; x_wconf 87' lang='lat' dir='ltr'>ct</span> <span class='ocrx_word' id='word_1_344' title='bbox 1607 4439 1755 4508; x_wconf 87' lang='lat' dir='ltr'>fecimus</span> <span class='ocrx_word' id='word_1_345' title='bbox 1779 4439 1863 4508; x_wconf 91' lang='lat' dir='ltr'>inde</span> <span class='ocrx_word' id='word_1_346' title='bbox 1885 4437 1955 4507; x_wconf 89' lang='lat' dir='ltr'>due</span> <span class='ocrx_word' id='word_1_347' title='bbox 1978 4439 2084 4507; x_wconf 89' lang='lat' dir='ltr'>sortis</span> <span class='ocrx_word' id='word_1_348' title='bbox 2107 4456 2171 4526; x_wconf 91' lang='lat' dir='ltr'>per</span> <span class='ocrx_word' id='word_1_349' title='bbox 2195 4438 2409 4527; x_wconf 82' lang='lat' dir='ltr'>longitudo:</span> 
     </span>
    </p>
   </div>
   <div class='ocr_carea' id='block_1_3' title="bbox 561 4591 2412 4695">
    <p class='ocr_par' dir='ltr' id='par_1_3' title="bbox 561 4591 2412 4695">
     <span class='ocr_line' id='line_1_27' title="bbox 561 4591 2412 4695; baseline -0.014 -12"><span class='ocrx_word' id='word_1_350' title='bbox 561 4632 636 4683; x_wconf 89' lang='lat' dir='ltr'>una</span> <span class='ocrx_word' id='word_1_351' title='bbox 660 4613 756 4679; x_wconf 91' lang='lat' dir='ltr'>sorte</span> <span class='ocrx_word' id='word_1_352' title='bbox 778 4608 817 4674; x_wconf 91' lang='lat' dir='ltr'>in</span> <span class='ocrx_word' id='word_1_353' title='bbox 840 4624 926 4695; x_wconf 86' lang='lat' dir='ltr'>pars</span> <span class='ocrx_word' id='word_1_354' title='bbox 949 4602 1100 4672; x_wconf 92' lang='lat' dir='ltr'>meridie</span> <span class='ocrx_word' id='word_1_355' title='bbox 1124 4619 1237 4688; x_wconf 90' lang='lat' dir='ltr'>usque</span> <span class='ocrx_word' id='word_1_356' title='bbox 1260 4597 1376 4666; x_wconf 90' lang='lat' dir='ltr'>medio</span> <span class='ocrx_word' id='word_1_357' title='bbox 1401 4597 1478 4684; x_wconf 90' lang='lat' dir='ltr'>ipso</span> <span class='ocrx_word' id='word_1_358' title='bbox 1500 4595 1657 4682; x_wconf 89' lang='lat' dir='ltr'>ballone,</span> <span class='ocrx_word' id='word_1_359' title='bbox 1672 4596 1709 4661; x_wconf 92' lang='lat' dir='ltr'>et</span> <span class='ocrx_word' id='word_1_360' title='bbox 1725 4593 1800 4663; x_wconf 88' lang='lat' dir='ltr'>alia</span> <span class='ocrx_word' id='word_1_361' title='bbox 1822 4591 1862 4659; x_wconf 92' lang='lat' dir='ltr'>in</span> <span class='ocrx_word' id='word_1_362' title='bbox 1877 4610 1961 4680; x_wconf 88' lang='lat' dir='ltr'>pars</span> <span class='ocrx_word' id='word_1_363' title='bbox 1977 4591 2239 4679; x_wconf 89' lang='lat' dir='ltr'>septemtrionis</span> <span class='ocrx_word' id='word_1_364' title='bbox 2262 4592 2412 4660; x_wconf 89' lang='lat' dir='ltr'>coniun-</span> 
     </span>
    </p>
   </div>
   <div class='ocr_carea' id='block_1_4' title="bbox 498 4746 2413 4852">
    <p class='ocr_par' dir='ltr' id='par_1_4' title="bbox 498 4746 2413 4852">
     <span class='ocr_line' id='line_1_28' title="bbox 498 4746 2413 4852; baseline -0.009 -17"><span class='ocrx_word' id='word_1_365' title='bbox 498 4767 501 4772; x_wconf 84' lang='lat'>&#39;</span> <span class='ocrx_word' id='word_1_366' title='bbox 565 4769 643 4834; x_wconf 92' lang='lat' dir='ltr'>tum</span> <span class='ocrx_word' id='word_1_367' title='bbox 667 4765 713 4836; x_wconf 91' lang='lat' dir='ltr'>ad</span> <span class='ocrx_word' id='word_1_368' title='bbox 739 4763 810 4852; x_wconf 89' lang='lat' dir='ltr'>ipsi</span> <span class='ocrx_word' id='word_1_369' title='bbox 833 4762 981 4831; x_wconf 87' lang='lat' dir='ltr'>termini</span> <span class='ocrx_word' id='word_1_370' title='bbox 1004 4759 1048 4828; x_wconf 88' lang='lat' dir='ltr'>de</span> <span class='ocrx_word' id='word_1_371' title='bbox 1073 4755 1223 4828; x_wconf 90' lang='lat' dir='ltr'>latitudo</span> <span class='ocrx_word' id='word_1_372' title='bbox 1247 4757 1286 4824; x_wconf 89' lang='lat' dir='ltr'>in</span> <span class='ocrx_word' id='word_1_373' title='bbox 1310 4755 1408 4824; x_wconf 93' lang='lat' dir='ltr'>omni</span> <span class='ocrx_word' id='word_1_374' title='bbox 1432 4754 1507 4824; x_wconf 93' lang='lat' dir='ltr'>loco</span> <span class='ocrx_word' id='word_1_375' title='bbox 1527 4753 1575 4826; x_wconf 88' lang='lat' dir='ltr'>ad</span> <span class='ocrx_word' id='word_1_376' title='bbox 1599 4752 1724 4841; x_wconf 89' lang='lat' dir='ltr'>equale</span> <span class='ocrx_word' id='word_1_377' title='bbox 1741 4748 1938 4835; x_wconf 78' lang='lat' dir='ltr'>mensuris,</span> <span class='ocrx_word' id='word_1_378' title='bbox 1962 4751 1998 4818; x_wconf 92' lang='lat' dir='ltr'>et</span> <span class='ocrx_word' id='word_1_379' title='bbox 2020 4766 2083 4836; x_wconf 92' lang='lat' dir='ltr'>per</span> <span class='ocrx_word' id='word_1_380' title='bbox 2099 4746 2282 4836; x_wconf 87' lang='lat' dir='ltr'>longitudo</span> <span class='ocrx_word' id='word_1_381' title='bbox 2297 4767 2413 4836; x_wconf 89' lang='lat' dir='ltr'>quan-</span> 
     </span>
    </p>
   </div>
   <div class='ocr_carea' id='block_1_5' title="bbox 563 4901 2417 5777">
    <p class='ocr_par' dir='ltr' id='par_1_5' title="bbox 563 4901 2417 5777">
     <span class='ocr_line' id='line_1_29' title="bbox 564 4901 2412 5005; baseline -0.01 -15"><span class='ocrx_word' id='word_1_382' title='bbox 564 4926 642 4990; x_wconf 93' lang='lat' dir='ltr'>tum</span> <span class='ocrx_word' id='word_1_383' title='bbox 666 4918 804 4990; x_wconf 90' lang='lat' dir='ltr'>badunt</span> <span class='ocrx_word' id='word_1_384' title='bbox 828 4917 903 5005; x_wconf 90' lang='lat' dir='ltr'>ipse</span> <span class='ocrx_word' id='word_1_385' title='bbox 925 4912 1034 4983; x_wconf 90' lang='lat' dir='ltr'>sortis</span> <span class='ocrx_word' id='word_1_386' title='bbox 1057 4913 1103 4981; x_wconf 87' lang='lat' dir='ltr'>da</span> <span class='ocrx_word' id='word_1_387' title='bbox 1127 4912 1205 4999; x_wconf 92' lang='lat' dir='ltr'>ipsa</span> <span class='ocrx_word' id='word_1_388' title='bbox 1227 4909 1289 4978; x_wconf 89' lang='lat' dir='ltr'>bia</span> <span class='ocrx_word' id='word_1_389' title='bbox 1311 4912 1348 4978; x_wconf 91' lang='lat' dir='ltr'>et</span> <span class='ocrx_word' id='word_1_390' title='bbox 1372 4926 1482 4996; x_wconf 91' lang='lat' dir='ltr'>usque</span> <span class='ocrx_word' id='word_1_391' title='bbox 1505 4907 1619 4978; x_wconf 90' lang='lat' dir='ltr'>medio</span> <span class='ocrx_word' id='word_1_392' title='bbox 1641 4907 1717 4995; x_wconf 89' lang='lat' dir='ltr'>ipso</span> <span class='ocrx_word' id='word_1_393' title='bbox 1734 4905 1854 4991; x_wconf 82' lang='lat' dir='ltr'>ribus3</span> <span class='ocrx_word' id='word_1_394' title='bbox 1880 4901 1975 4970; x_wconf 92' lang='lat' dir='ltr'>unde</span> <span class='ocrx_word' id='word_1_395' title='bbox 1997 4902 2099 4989; x_wconf 91' lang='lat' dir='ltr'>prius</span> <span class='ocrx_word' id='word_1_396' title='bbox 2122 4901 2198 4988; x_wconf 88' lang='lat' dir='ltr'>ipse</span> <span class='ocrx_word' id='word_1_397' title='bbox 2220 4903 2314 4990; x_wconf 93' lang='lat' dir='ltr'>petri</span> <span class='ocrx_word' id='word_1_398' title='bbox 2341 4903 2412 4971; x_wconf 91' lang='lat' dir='ltr'>cle·</span> 
     </span>
     <span class='ocr_line' id='line_1_30' title="bbox 566 5053 2413 5161; baseline -0.007 -20"><span class='ocrx_word' id='word_1_399' title='bbox 566 5075 663 5144; x_wconf 91' lang='lat' dir='ltr'>ricus</span> <span class='ocrx_word' id='word_1_400' title='bbox 687 5071 923 5161; x_wconf 89' lang='lat' dir='ltr'>compreensit</span> <span class='ocrx_word' id='word_1_401' title='bbox 945 5071 1024 5159; x_wconf 89' lang='lat' dir='ltr'>ipsa</span> <span class='ocrx_word' id='word_1_402' title='bbox 1047 5068 1204 5136; x_wconf 87' lang='lat' dir='ltr'>sortione</span> <span class='ocrx_word' id='word_1_403' title='bbox 1226 5065 1274 5136; x_wconf 91' lang='lat' dir='ltr'>da</span> <span class='ocrx_word' id='word_1_404' title='bbox 1297 5081 1382 5152; x_wconf 83' lang='lat' dir='ltr'>pars</span> <span class='ocrx_word' id='word_1_405' title='bbox 1406 5061 1579 5148; x_wconf 89' lang='lat' dir='ltr'>meridie,</span> <span class='ocrx_word' id='word_1_406' title='bbox 1616 5064 1654 5130; x_wconf 91' lang='lat' dir='ltr'>et</span> <span class='ocrx_word' id='word_1_407' title='bbox 1689 5059 1792 5127; x_wconf 90' lang='lat' dir='ltr'>nobis</span> <span class='ocrx_word' id='word_1_408' title='bbox 1813 5056 1966 5127; x_wconf 88' lang='lat' dir='ltr'>tradidit</span> <span class='ocrx_word' id='word_1_409' title='bbox 1988 5055 2067 5143; x_wconf 88' lang='lat' dir='ltr'>ipsa</span> <span class='ocrx_word' id='word_1_410' title='bbox 2092 5053 2166 5124; x_wconf 89' lang='lat' dir='ltr'>alia</span> <span class='ocrx_word' id='word_1_411' title='bbox 2188 5057 2344 5126; x_wconf 89' lang='lat' dir='ltr'>sortione</span> <span class='ocrx_word' id='word_1_412' title='bbox 2365 5057 2413 5128; x_wconf 88' lang='lat' dir='ltr'>da</span> 
     </span>
     <span class='ocr_line' id='line_1_31' title="bbox 564 5209 2414 5316; baseline -0.008 -19"><span class='ocrx_word' id='word_1_413' title='bbox 564 5247 651 5316; x_wconf 90' lang='lat' dir='ltr'>pars</span> <span class='ocrx_word' id='word_1_414' title='bbox 672 5227 938 5316; x_wconf 86' lang='lat' dir='ltr'>septemtrionis</span> <span class='ocrx_word' id='word_1_415' title='bbox 960 5243 1041 5294; x_wconf 89' lang='lat' dir='ltr'>cum</span> <span class='ocrx_word' id='word_1_416' title='bbox 1063 5221 1186 5292; x_wconf 89' lang='lat' dir='ltr'>omnia</span> <span class='ocrx_word' id='word_1_417' title='bbox 1208 5221 1304 5290; x_wconf 83' lang='lat' dir='ltr'>infra</span> <span class='ocrx_word' id='word_1_418' title='bbox 1326 5237 1364 5288; x_wconf 91' lang='lat' dir='ltr'>se</span> <span class='ocrx_word' id='word_1_419' title='bbox 1388 5215 1577 5288; x_wconf 81' lang='lat' dir='ltr'>ababtibus</span> <span class='ocrx_word' id='word_1_420' title='bbox 1599 5218 1635 5285; x_wconf 88' lang='lat' dir='ltr'>et</span> <span class='ocrx_word' id='word_1_421' title='bbox 1658 5213 1734 5282; x_wconf 89' lang='lat' dir='ltr'>suis</span> <span class='ocrx_word' id='word_1_422' title='bbox 1756 5209 1986 5300; x_wconf 90' lang='lat' dir='ltr'>pertinentiis</span> <span class='ocrx_word' id='word_1_423' title='bbox 2008 5211 2046 5278; x_wconf 90' lang='lat' dir='ltr'>et</span> <span class='ocrx_word' id='word_1_424' title='bbox 2068 5229 2151 5278; x_wconf 91' lang='lat' dir='ltr'>cum</span> <span class='ocrx_word' id='word_1_425' title='bbox 2166 5210 2244 5279; x_wconf 88' lang='lat' dir='ltr'>vice</span> <span class='ocrx_word' id='word_1_426' title='bbox 2267 5211 2311 5282; x_wconf 91' lang='lat' dir='ltr'>de</span> <span class='ocrx_word' id='word_1_427' title='bbox 2335 5213 2414 5301; x_wconf 90' lang='lat' dir='ltr'>ipsa</span> 
     </span>
     <span class='ocr_line' id='line_1_32' title="bbox 564 5362 2415 5470; baseline -0.008 -21"><span class='ocrx_word' id='word_1_428' title='bbox 564 5379 636 5470; x_wconf 91' lang='lat' dir='ltr'>bia,</span> <span class='ocrx_word' id='word_1_429' title='bbox 661 5381 707 5452; x_wconf 89' lang='lat' dir='ltr'>ad</span> <span class='ocrx_word' id='word_1_430' title='bbox 731 5378 905 5450; x_wconf 85' lang='lat' dir='ltr'>securiter</span> <span class='ocrx_word' id='word_1_431' title='bbox 929 5383 964 5449; x_wconf 92' lang='lat' dir='ltr'>et</span> <span class='ocrx_word' id='word_1_432' title='bbox 988 5377 1139 5446; x_wconf 87' lang='lat' dir='ltr'>firmiter</span> <span class='ocrx_word' id='word_1_433' title='bbox 1163 5373 1287 5445; x_wconf 90' lang='lat' dir='ltr'>amodo</span> <span class='ocrx_word' id='word_1_434' title='bbox 1309 5377 1346 5442; x_wconf 89' lang='lat' dir='ltr'>et</span> <span class='ocrx_word' id='word_1_435' title='bbox 1368 5388 1508 5458; x_wconf 90' lang='lat' dir='ltr'>semper</span> <span class='ocrx_word' id='word_1_436' title='bbox 1532 5385 1596 5434; x_wconf 91' lang='lat' dir='ltr'>nos</span> <span class='ocrx_word' id='word_1_437' title='bbox 1621 5369 1658 5435; x_wconf 93' lang='lat' dir='ltr'>et</span> <span class='ocrx_word' id='word_1_438' title='bbox 1681 5365 1814 5434; x_wconf 89' lang='lat' dir='ltr'>nostris</span> <span class='ocrx_word' id='word_1_439' title='bbox 1836 5363 2001 5432; x_wconf 90' lang='lat' dir='ltr'>eredibus</span> <span class='ocrx_word' id='word_1_440' title='bbox 2026 5362 2108 5432; x_wconf 90' lang='lat' dir='ltr'>illut</span> <span class='ocrx_word' id='word_1_441' title='bbox 2131 5364 2331 5453; x_wconf 89' lang='lat' dir='ltr'>abendum,</span> <span class='ocrx_word' id='word_1_442' title='bbox 2355 5365 2415 5436; x_wconf 90' lang='lat' dir='ltr'>do-</span> 
     </span>
     <span class='ocr_line' id='line_1_33' title="bbox 563 5518 2417 5624; baseline -0.006 -19"><span class='ocrx_word' id='word_1_443' title='bbox 563 5535 791 5624; x_wconf 90' lang='lat' dir='ltr'>minandum,</span> <span class='ocrx_word' id='word_1_444' title='bbox 815 5531 1067 5623; x_wconf 89' lang='lat' dir='ltr'>possidendum</span> <span class='ocrx_word' id='word_1_445' title='bbox 1090 5533 1127 5598; x_wconf 91' lang='lat' dir='ltr'>et</span> <span class='ocrx_word' id='word_1_446' title='bbox 1149 5527 1270 5596; x_wconf 87' lang='lat' dir='ltr'>omnia</span> <span class='ocrx_word' id='word_1_447' title='bbox 1292 5524 1375 5594; x_wconf 91' lang='lat' dir='ltr'>inde</span> <span class='ocrx_word' id='word_1_448' title='bbox 1392 5521 1595 5592; x_wconf 85' lang='lat' dir='ltr'>iaciendum</span> <span class='ocrx_word' id='word_1_449' title='bbox 1618 5519 1710 5606; x_wconf 89' lang='lat' dir='ltr'>quod</span> <span class='ocrx_word' id='word_1_450' title='bbox 1728 5518 1959 5606; x_wconf 82' lang='lat' dir='ltr'>voluerimus,</span> <span class='ocrx_word' id='word_1_451' title='bbox 1972 5521 2116 5588; x_wconf 88' lang='lat' dir='ltr'>tantum</span> <span class='ocrx_word' id='word_1_452' title='bbox 2139 5520 2310 5590; x_wconf 87' lang='lat' dir='ltr'>abeamus</span> <span class='ocrx_word' id='word_1_453' title='bbox 2334 5521 2417 5592; x_wconf 89' lang='lat' dir='ltr'>illut</span> 
     </span>
     <span class='ocr_line' id='line_1_34' title="bbox 563 5673 2417 5777; baseline -0.008 -19"><span class='ocrx_word' id='word_1_454' title='bbox 563 5690 776 5777; x_wconf 82' lang='lat' dir='ltr'>tinguatum</span> <span class='ocrx_word' id='word_1_455' title='bbox 800 5687 912 5774; x_wconf 87' lang='lat' dir='ltr'>ipsius</span> <span class='ocrx_word' id='word_1_456' title='bbox 934 5684 1029 5775; x_wconf 86' lang='lat' dir='ltr'>petri</span> <span class='ocrx_word' id='word_1_457' title='bbox 1053 5683 1108 5752; x_wconf 88' lang='lat' dir='ltr'>vel</span> <span class='ocrx_word' id='word_1_458' title='bbox 1133 5681 1280 5751; x_wconf 88' lang='lat' dir='ltr'>adeius</span> <span class='ocrx_word' id='word_1_459' title='bbox 1303 5677 1449 5762; x_wconf 88' lang='lat' dir='ltr'>eredes,</span> <span class='ocrx_word' id='word_1_460' title='bbox 1473 5677 1568 5745; x_wconf 90' lang='lat' dir='ltr'>sicut</span> <span class='ocrx_word' id='word_1_461' title='bbox 1588 5673 1836 5762; x_wconf 89' lang='lat' dir='ltr'>supradictum</span> <span class='ocrx_word' id='word_1_462' title='bbox 1858 5676 1924 5742; x_wconf 92' lang='lat' dir='ltr'>est.</span> <span class='ocrx_word' id='word_1_463' title='bbox 1948 5675 1997 5742; x_wconf 91' lang='lat' dir='ltr'>De</span> <span class='ocrx_word' id='word_1_464' title='bbox 2021 5689 2096 5758; x_wconf 89' lang='lat' dir='ltr'>qua</span> <span class='ocrx_word' id='word_1_465' title='bbox 2117 5692 2182 5761; x_wconf 90' lang='lat' dir='ltr'>per</span> <span class='ocrx_word' id='word_1_466' title='bbox 2207 5691 2300 5745; x_wconf 91' lang='lat' dir='ltr'>vona</span> <span class='ocrx_word' id='word_1_467' title='bbox 2322 5693 2417 5746; x_wconf 89' lang='lat' dir='ltr'>com-</span> 
     </span>
    </p>
   </div>
   <div class='ocr_carea' id='block_1_6' title="bbox 566 5825 2416 5928">
    <p class='ocr_par' dir='ltr' id='par_1_6' title="bbox 566 5825 2416 5928">
     <span class='ocr_line' id='line_1_35' title="bbox 566 5825 2416 5928; baseline -0.006 -20"><span class='ocrx_word' id='word_1_468' title='bbox 566 5841 753 5911; x_wconf 83' lang='lat' dir='ltr'>bonientia</span> <span class='ocrx_word' id='word_1_469' title='bbox 776 5838 910 5928; x_wconf 85' lang='lat' dir='ltr'>guadia</span> <span class='ocrx_word' id='word_1_470' title='bbox 933 5835 1036 5904; x_wconf 90' lang='lat' dir='ltr'>nobis</span> <span class='ocrx_word' id='word_1_471' title='bbox 1059 5837 1135 5922; x_wconf 87' lang='lat' dir='ltr'>ipse</span> <span class='ocrx_word' id='word_1_472' title='bbox 1158 5838 1280 5920; x_wconf 90' lang='lat' dir='ltr'>petrus</span> <span class='ocrx_word' id='word_1_473' title='bbox 1296 5830 1446 5900; x_wconf 88' lang='lat' dir='ltr'>clericus</span> <span class='ocrx_word' id='word_1_474' title='bbox 1461 5828 1573 5918; x_wconf 87' lang='lat' dir='ltr'>dedit,</span> <span class='ocrx_word' id='word_1_475' title='bbox 1591 5831 1627 5898; x_wconf 93' lang='lat' dir='ltr'>et</span> <span class='ocrx_word' id='word_1_476' title='bbox 1650 5827 1919 5899; x_wconf 87' lang='lat' dir='ltr'>medietatorem</span> <span class='ocrx_word' id='word_1_477' title='bbox 1942 5825 2045 5896; x_wconf 91' lang='lat' dir='ltr'>nobis</span> <span class='ocrx_word' id='word_1_478' title='bbox 2069 5827 2188 5916; x_wconf 91' lang='lat' dir='ltr'>posuit</span> <span class='ocrx_word' id='word_1_479' title='bbox 2210 5828 2416 5918; x_wconf 83' lang='lat' dir='ltr'>guaiferius</span> 
     </span>
    </p>
   </div>
   <div class='ocr_carea' id='block_1_7' title="bbox 0 0 2758 7106">
    <p class='ocr_par' dir='ltr' id='par_1_7' title="bbox 0 0 2758 7106">
     <span class='ocr_line' id='line_1_36' title="bbox 0 0 2758 7106; baseline 0 0"><span class='ocrx_word' id='word_1_480' title='bbox 0 0 2758 7106; x_wconf 95' lang='lat' dir='ltr'> </span> 
     </span>
    </p>
   </div>
  </div>
 </body>
</html>
