5370 7104
949 557 1062 632 unna
1090 560 1145 630 na
1172 559 1452 636 vnvvronvoos
2037 567 2081 638 ro

327 781 553 855 tordicesimo
581 783 635 854 del
663 783 769 880 foglio
797 784 864 856 468
889 807 994 855 carso.
1023 784 1062 854 dl
1090 785 1348 880 decimoquinto
1376 789 1448 886 rigo
1476 790 1566 862 della
1591 803 1701 863 stessa
1728 791 1849 888 pagina
1882 790 2054 863 continuio
2081 813 2127 861 un

326 956 412 1030 altro
438 957 544 1056 lungo
572 960 724 1032 Trattato
751 960 783 1030 di
812 961 848 1032 S.
877 961 1008 1033 Isidoro
1035 963 1089 1034 ool
1117 962 1226 1036 titolo:
1259 963 1388 1037 l'sidori
1418 950 1486 1063 Epi
1507 967 1547 1037 dc
1570 967 1723 1060 pentibus
1749 977 1780 1038 et
1804 967 1970 1037 vocubulis
2000 989 2126 1048 eorum,

326 1117 388 1189 cho
415 1117 534 1190 tinisec
561 1118 592 1189 al
619 1118 851 1191 diciottesimo
879 1079 1033 1212 Pig⁰·del
1061 1121 1167 1214 foglio
1197 1127 1264 1196 174
1289 1134 1388 1195 recto.

279 1411 651 1424 ————————·-

280 1646 294 1679 «
321 1620 450 1699 ligiosis
474 1621 629 1702 impugna
653 1623 721 1706 (sic)
743 1621 917 1706 (impudici)
940 1624 1101 1698 exultant,
1126 1625 1320 1687 ardentibus
1344 1626 1509 1704 lignorum
1532 1626 1681 1688 struibus
1705 1627 1739 1687 in
1762 1627 1888 1688 honore
1911 1627 1981 1708 (sic)
2003 1627 2052 1706 (in
2073 1629 2130 1688 bo·

280 1794 295 1827 «
320 1765 458 1851 norem?)
473 1771 584 1832 divine
602 1771 651 1833 rei
667 1773 806 1834 flammis
829 1773 1037 1854 parentibus.
1063 1773 1163 1852 Cujus
1181 1772 1365 1834 devotionis
1381 1773 1607 1835 ministerium
1623 1773 1854 1836 munificentia
1876 1779 2012 1836 senatus
2028 1776 2130 1836 hono·

280 1935 294 1970 «
320 1919 391 1974 rata
414 1914 550 1996 byrpius
573 1922 733 1996 perpetuo
757 1917 908 1980 consulto
931 1918 1078 1978 omnium
1093 1935 1269 1979 munerum
1287 1918 1493 1979 devotionem
1510 1917 1611 1981 dedit.
1627 1919 1767 1987 Gentem
1784 1939 1968 1982 massonum
1992 1940 2130 2002 serpen-

279 2085 293 2118 «
320 2063 409 2126 tibus
432 2063 573 2125 inlesam
597 2082 671 2126 esse
697 2064 802 2126 nichil
826 2064 947 2126 mirum
971 2081 989 2124 a
1012 2065 1102 2127 circe
1126 2063 1195 2125 frlio
1218 2082 1324 2143 genus
1347 2064 1483 2135 ducunt,
1509 2072 1541 2127 ει
1563 2065 1603 2127 de
1628 2066 1742 2128 habita
1763 2066 1912 2146 potentia
1924 2065 2041 2128 deberi
2053 2085 2124 2128 ser-

279 2253 293 2288 «
319 2229 436 2291 vitium
453 2230 517 2291 sibi
534 2229 645 2290 sciunt
659 2249 876 2293 venenorum.
894 2230 971 2292 Ideo
988 2235 1204 2293 contemnunt
1218 2249 1358 2292 venena.
1383 2212 1426 2293 fs.
1446 2230 1574 2292 coelius
1598 2235 1668 2291 tres
1692 2229 1778 2290 filias
1806 2229 1909 2301 dicit,
1935 2229 2126 2306 Angitiam,
2217 2260 2220 2268 ·

279 2397 294 2432 «
320 2375 479 2446 medeam,
506 2378 631 2438 circen.
658 2377 776 2438 Circen
800 2377 930 2443 cerulos
954 2376 1119 2439 insedisse
1136 2381 1275 2448 montes,
1294 2377 1479 2437 carminum
1502 2373 1678 2438 maleficiis
1700 2375 1808 2434 varias
1826 2374 2007 2452 imaginum
2021 2376 2127 2438 facies

280 2549 293 2581 «
320 2515 549 2586 mentientem.
568 2524 736 2602 Angitiam
752 2524 896 2586 vicinam
920 2524 1045 2586 Fucino
1069 2526 1282 2605 occupavisse
1304 2524 1421 2603 Ibique
1438 2523 1564 2585 salubri
1588 2523 1730 2585 scientia
1746 2523 1904 2584 adversus
1921 2525 2052 2586 morbos
2076 2545 2129 2586 re·

280 2693 294 2728 «
320 2671 494 2731 sistentem
518 2690 593 2732 cum
617 2670 751 2732 desinet
773 2670 924 2730 homines
947 2670 1061 2732 vivere
1085 2670 1181 2732 deam
1196 2671 1354 2744 habitam,
1373 2671 1523 2732 medeam
1540 2670 1708 2748 abjasone
1723 2669 1847 2731 butroti
1871 2671 2047 2750 sepultam,
2066 2671 2130 2732 nli-

279 2841 294 2874 «
319 2835 440 2894 umque
464 2816 536 2892 ejus
559 2817 660 2876 marsi
685 2817 880 2895 imperasse.
905 2816 971 2878 Sed
994 2817 1142 2894 quamvis
1164 2815 1260 2876 Italia
1282 2815 1402 2876 habeat
1418 2816 1479 2878 hoc
1495 2813 1679 2894 presidium
1697 2815 1864 2874 familiare
1883 2833 1900 2874 a
1916 2815 2129 2895 serpentibus

279 2986 293 3020 «
320 2981 383 3024 non
407 2962 516 3022 libera
538 2965 600 3022 est.
624 2961 775 3040 Denique
800 2959 936 3020 amiclas
960 2964 1034 3020 ante
1060 2959 1153 3036 greci
1177 2959 1405 3032 condiderant,
1440 2967 1595 3042 serpente
1618 2957 1690 3042 (sic)
1713 2955 1924 3040 (serpentos‘l)
1947 2961 2127 3036 fugavere,

278 3131 293 3165 «
320 3107 390 3170 illic
414 3107 572 3184 frequens
595 3107 711 3186 vipera
733 3103 912 3166 insanabili
936 3122 1059 3176 morsu,
1077 3103 1210 3165 brevior
1233 3103 1294 3164 hac
1317 3104 1441 3165 ceteris
1464 3121 1562 3182 quam
1578 3105 1612 3164 in
1629 3104 1705 3164 aliis
1723 3104 1924 3164 advertimus
1942 3105 2032 3164 orbis
2055 3123 2129 3184 par-

280 3279 294 3312 «
321 3253 422 3325 tibus,
447 3254 510 3314 hac
533 3257 708 3335 propterea
730 3251 808 3312 dum
831 3249 1003 3331 despectui
1027 3249 1089 3311 heo
1113 3254 1147 3309 et
1170 3248 1304 3310 facilius
1322 3255 1430 3310 nocet.
1457 3247 1607 3310 Calabria
1629 3247 1817 3327 chersydris
1841 3247 2125 3326 frequentissima,

279 3423 292 3457 «
318 3416 393 3460 voas
415 3397 523 3476 gignit
544 3415 643 3476 quem
667 3415 805 3474 anguem
823 3394 863 3454 ad
879 3396 1074 3456 immensam
1098 3394 1218 3456 molem
1242 3395 1356 3455 lerunt
1372 3393 1618 3456 convalescere.
1638 3395 1752 3474 Captet
1768 3395 1874 3474 primo
1890 3413 2008 3472 greges
2021 3396 2128 3456 bubu-

278 3566 292 3600 «
319 3541 365 3603 los
390 3547 423 3603 et
444 3559 508 3620 que
531 3539 675 3620 plurimo
699 3539 784 3602 lacte
807 3539 902 3616 rigua
923 3559 979 3601 vos
1003 3545 1065 3613 est,
1089 3541 1161 3616 ejus
1185 3557 1220 3599 se
1245 3539 1428 3599 huberibus
1452 3540 1605 3611 innectit,
1623 3539 1788 3617 subtuque
1806 3531 1962 3601 continuo
1977 3540 2127 3617 saginata

278 3713 292 3745 «
318 3687 413 3766 longo
430 3687 464 3746 in
480 3685 612 3748 saeculo
629 3685 675 3745 ita
690 3683 842 3745 fellebris
858 3684 1011 3744 satietate
1029 3683 1145 3745 ultimo
1162 3683 1430 3758 extuberatur,ut
1446 3685 1611 3746 obsistere
1629 3684 1849 3762 magnitudini
1866 3688 1938 3763 ejus
1955 3685 2047 3746 nulla
2069 3687 2119 3746 vis

279 3859 293 3892 «
322 3839 431 3912 queat.
456 3835 625 3895 Postremo
642 3827 848 3910 depopulatis
865 3826 1064 3888 animalibus
1088 3830 1243 3904 regiones
1259 3847 1340 3908 quas
1354 3831 1528 3892 obsederit
1544 3838 1638 3910 cogat
1653 3832 1692 3892 ad
1708 3833 1907 3893 vastitatem.
1925 3833 2005 3895 Divo
2029 3833 2125 3894 Clau-

286 4003 300 4036 «
327 3977 380 4039 dio
402 3977 565 4058 principe,
590 3976 647 4038 ubi
669 3975 841 4038 vaticanus
864 3992 943 4052 ager
956 3979 1018 4046 est,
1036 3974 1070 4034 in
1087 3974 1158 4035 alvo
1180 3974 1289 4036 occiso
1305 3976 1366 4037 hoe
1385 3980 1577 4057 expectatus
1595 3982 1646 4037 est
1662 3975 1787 4038 solidus
1805 3979 1927 4040 infans.
1952 3975 2049 4037 Italia
2074 3977 2124 4039 lu·

276 4293 647 4306 ——-————-·-⁶-‘

274 4539 391 4602 miliae
414 4535 589 4598 dimoranti
614 4532 666 4593 sul
690 4533 830 4602 Soratte,
855 4530 970 4590 Servio
993 4531 1027 4588 in
1050 4527 1091 4588 II.
1115 4527 1247 4589 AEneid.
1272 4547 1302 4588 v.
1328 4530 1388 4592 785
1410 4532 1439 4589 ci
1465 4531 1497 4590 fa
1519 4549 1637 4611 sapere
1662 4531 1680 4590 ι’
1694 4532 1822 4609 origine
1846 4552 1864 4594 e
1888 4534 1993 4596 donde
2017 4539 2044 4596 si
2069 4537 2126 4598 eb-

274 4689 355 4751 bero
377 4685 455 4766 quel
479 4703 575 4746 nome
600 4682 631 4741 di
655 4681 768 4759 Hirpi.
795 4703 810 4736 «
834 4678 871 4738 In
895 4677 956 4738 hoc
980 4685 1090 4737 monte
1112 4677 1258 4758 (soracte)
1295 4694 1369 4738 cum
1404 4676 1579 4753 aliquando
1606 4678 1672 4738 Diti
1695 4680 1779 4757 patri
1804 4698 1935 4742 sacrum
1957 4683 2126 4762 persolve-

277 4859 292 4894 «
320 4840 414 4896 retur
436 4833 522 4912 (nam
546 4829 610 4888 diis
634 4826 786 4887 manibus
810 4830 1024 4887 consecratus
1049 4823 1109 4901 est)
1132 4823 1242 4882 subito
1266 4825 1439 4882 venientes
1464 4823 1531 4903 lupi
1556 4830 1629 4884 exta
1653 4823 1692 4885 de
1716 4826 1783 4901 igni
1808 4835 2014 4906 rapuerunt,
2043 4848 2123 4908 quos

276 5004 290 5039 «
316 4998 391 5041 cum
413 4976 470 5036 diu
492 4980 640 5055 pastores
664 4977 914 5048 sequerentur,
940 4967 1039 5028 delati
1064 4975 1141 5028 sunt
1163 4967 1202 5028 ad
1224 4970 1387 5048 quandam
1411 4970 1602 5050 speluncam
1627 4973 1766 5034 halitum
1803 4994 1843 5036 ex
1866 4993 1901 5036 se
1925 4979 2124 5055 pestiferum

276 5151 291 5186 «
316 5127 535 5195 emittentem,
560 5122 641 5182 adeo
665 5127 700 5179 ut
718 5121 813 5198 juxta
835 5123 959 5177 stantes
984 5123 1133 5188 necaret,
1158 5123 1191 5175 et
1215 5115 1335 5176 exindo
1360 5123 1432 5176 orta
1455 5122 1506 5175 εει
1528 5116 1746 5194 pestilentia,
1771 5121 1849 5197 quia
1873 5121 2005 5183 fuerant
2028 5123 2122 5204 lupos

276 5297 290 5332 «
316 5271 437 5343 secuti,
461 5271 501 5330 de
525 5287 589 5346 qua
613 5285 808 5346 responsum
832 5269 895 5335 est,
920 5279 1016 5340 posse
1041 5279 1113 5320 eam
1136 5258 1257 5329 sedari,
1283 5260 1311 5318 si
1336 5259 1429 5338 lupos
1454 5260 1688 5332 imitarentur,
1713 5262 1818 5336 idest,
1844 5273 1935 5344 rapto
1958 5269 2122 5331 viverent.

275 5443 290 5478 «
315 5417 406 5492 Quod
427 5423 598 5498 postquam
623 5414 829 5481 factumest,
854 5408 933 5467 dicti
957 5413 1035 5466 sunt
1057 5406 1119 5484 ipsi
1142 5405 1254 5484 populi
1277 5404 1417 5483 Hirpini
1438 5405 1570 5467 Sorani.
1588 5407 1670 5467 Nam
1694 5407 1761 5488 lupi
1786 5410 1982 5472 Sabinorum
2006 5413 2123 5490 lingua

258 5555 290 5625 ⁸«
315 5565 417 5644 Hirpi
438 5567 607 5624 vocantur.
635 5581 650 5616 u
675 5558 789 5618 Servio
811 5559 891 5634 perd
915 5572 992 5633 pare
1017 5553 1078 5614 che
1103 5553 1263 5614 confonda
1286 5552 1395 5633 gl’lrpi
1420 5551 1606 5634 cogl’Irpini
1631 5554 1835 5630 de'Sanniti3
1860 5559 1949 5622 salvo
1972 5562 2033 5623 che
2057 5582 2121 5626 non

274 5691 467 5775 intendesse
490 5704 619 5788 parlare
643 5704 675 5764 di
698 5699 810 5781 quelle
833 5699 938 5780 poche
963 5698 1125 5774 famiglie,
1150 5698 1292 5759 secondo
1316 5698 1437 5771 Plinio,
1462 5698 1550 5761 detta
1573 5701 1651 5781 Irpi,
1677 5704 1738 5764 che
1756 5703 1966 5767 dimoravano
1986 5708 2040 5768 nel
2058 5716 2124 5772 ter-

272 5857 389 5920 ritorio
412 5855 462 5916 de’
477 5851 610 5915 Falisci.
