5466 7106
1025 495 1429 612 nvvuoulvrous
2044 541 2118 618 ros

309 763 350 832 et
370 762 494 850 petrus
516 758 662 829 notarii.
687 761 733 828 Et
754 776 951 848 congruum
975 763 1029 828 est
1051 759 1153 828 nobis
1176 759 1259 830 illut
1270 763 1486 833 venumdare
1502 765 1650 835 visantii
1667 765 1742 834 filio
1758 766 1938 854 quondam
1954 765 2083 854 allani,
2099 768 2162 855 qui

307 911 354 984 de
375 913 495 982 tribus
518 914 681 1000 partibus
704 913 787 982 abet
809 914 1039 982 coniunctum
1061 916 1172 983 rebus
1196 932 1261 982 sua
1283 916 1459 1003 cumipse
1482 916 1598 1003 pocla.
1631 916 1897 1005 Quaproptorea
1921 935 1986 986 nos
2003 916 2165 988 iamdicti
2188 925 2191 930 ’

309 1067 471 1141 ademari
494 1065 713 1155 ctadclteri,
736 1065 828 1135 sicut
844 1068 944 1136 nobis
958 1084 1158 1154 congruum
1172 1071 1240 1154 est,
1257 1084 1347 1136 vone
1364 1072 1483 1136 nostre
1500 1068 1707 1138 bolumtatis
1730 1072 1816 1139 ante
1832 1071 2027 1158 subscripti
2050 1073 2161 1142 testes

318 1239 382 1310 per
404 1237 473 1291 anc
488 1219 631 1289 cartula
652 1217 944 1288 venumdedimus
966 1218 1081 1306 adque
1105 1217 1151 1288 ad
1174 1237 1312 1307 semper
1336 1220 1516 1289 abendum
1540 1222 1831 1291 confirmavimus
1846 1222 1910 1292 tivi
1929 1225 2165 1312 suprascripti

318 1375 467 1446 visantii
484 1372 611 1444 inclita
633 1371 710 1460 ipsa
733 1373 835 1460 pecia
857 1373 899 1442 de
921 1377 1021 1442 terra
1036 1391 1099 1461 per
1116 1371 1285 1441 iamdicto
1302 1372 1385 1442 finis
1402 1377 1438 1442 et
1454 1374 1650 1461 mensurio,
1673 1374 1766 1460 quod
1789 1376 1906 1443 tribus
1929 1375 2093 1464 partibus
2117 1378 2162 1446 ad

310 1531 393 1600 tine
407 1534 470 1600 tua
492 1529 721 1600 coniunctum
743 1533 809 1616 est,
832 1547 913 1596 cunr
936 1529 1056 1598 omnia
1078 1529 1174 1600 infra
1197 1549 1235 1598 sc
1257 1529 1447 1601 abentibus
1471 1536 1507 1601 et
1528 1531 1604 1601 suis
1619 1531 1863 1620 pertinentiis
1881 1538 1916 1601 et
1932 1553 2014 1602 curn
2029 1536 2107 1602 vice
2124 1535 2167 1603 do

324 1685 478 1760 vissus,
495 1686 627 1752 etcum
642 1681 718 1770 ipsc
734 1687 807 1752 tres
823 1681 1075 1750 scriptionibus
1089 1699 1158 1768 que
1174 1681 1213 1750 in
1229 1681 1307 1768 ipsa
1322 1683 1464 1751 cartula
1480 1681 1710 1750 vindictionis
1726 1683 1906 1753 declarate
1921 1688 2019 1772 sunt,
2037 1687 2073 1754 et
2090 1705 2171 1784 curn

328 1838 405 1926 ipsa
427 1837 569 1907 cartula
592 1843 628 1906 et
650 1856 729 1905 cum
754 1836 874 1906 omnia
896 1856 965 1924 quc
988 1838 1162 1925 continet,
1179 1836 1225 1908 ad
1240 1837 1414 1907 securiter
1430 1842 1466 1907 et
1478 1838 1630 1905 firmiter
1646 1837 1771 1906 amodo
1784 1843 1820 1908 et
1835 1857 1973 1926 semper
1990 1843 2031 1909 tu
2043 1841 2167 1928 tuique

321 1991 489 2064 eredibus
512 1991 594 2060 illut
617 1991 807 2080 abendum,
832 1991 1099 2078 dominandum,
1123 1989 1384 2080 possidendum,
1408 1989 1529 2058 omnia
1552 1988 1684 2058 exinde
1708 1989 1911 2060 faciendum
1935 1994 2028 2080 quod
2053 1994 2172 2065 bolue-

320 2145 416 2234 ritis3
440 2149 476 2214 et
498 2161 562 2233 pro
585 2145 865 2214 confirmandam
888 2137 924 2212 'ct
945 2143 1232 2212 staviliscendam
1255 2159 1323 2212 anc
1346 2147 1505 2212 nostram
1522 2141 1776 2212 vindictionem
1802 2145 2018 2233 apresentis
2035 2147 2172 2234 recepi-

304 2391 309 2400 Ι
329 2318 408 2370 mus
430 2319 454 2370 a
477 2303 516 2368 tc
539 2303 711 2368 statutum
734 2297 917 2386 pretium,
941 2297 954 2364 i
977 2299 1061 2364 sunt
1083 2295 1165 2364 auri
1188 2295 1261 2364 tari
1286 2293 1440 2381 triginta
1462 2295 1531 2362 duo
1555 2294 1595 2362 in
1617 2296 1733 2363 omnis
1768 2297 2053 2388 deliberatione,
2079 2301 2172 2370 sicut

331 2452 426 2522 inter
448 2470 513 2520 nos
535 2451 725 2522 combenit:
750 2449 921 2538 finitoque
943 2449 1097 2536 pretium
1122 2448 1239 2534 ipsum
1262 2453 1350 2534 aput
1373 2465 1438 2514 nos
1461 2466 1504 2516 ea
1527 2448 1688 2536 ratione,
1712 2467 1774 2536 per
1797 2468 1891 2520 vona
1913 2453 2176 2524 combenientia

327 2603 463 2694 guadia
485 2603 550 2674 tivi
574 2605 734 2674 dedimus
757 2607 794 2672 et
817 2601 1011 2671 mediatore
1037 2599 1100 2668 tivi
1126 2601 1308 2686 posuimus
1324 2600 1481 2688 gualleri
1498 2599 1594 2667 filius
1610 2602 1786 2686 quondam
1804 2604 1951 2690 maioni;
1968 2609 2004 2673 et
2020 2625 2083 2692 per
2100 2608 2178 2694 ipsa

327 2760 463 2849 guadia
487 2760 725 2848 obligavimus
748 2777 812 2826 nos
834 2761 871 2825 et
894 2761 1030 2824 nostros
1054 2756 1177 2823 eredes
1200 2755 1325 2822 amodo
1349 2758 1386 2820 et
1409 2771 1548 2841 semper
1574 2755 1821 2824 antistandum
1854 2761 1890 2826 et
1920 2757 2178 2828 defensandum
2253 2787 2259 2795 ’

325 2915 394 2984 tivi
417 2914 543 3002 tuique
567 2914 732 2982 eredibus
756 2912 882 2980 inclita
904 2909 1149 2997 suprascripta
1172 2912 1296 2978 nostra
1320 2909 1537 2978 vindictione
1561 2928 1584 2976 a
1606 2914 1698 2996 pars'
1713 2911 1890 2997 genetrici
1925 2918 2045 2982 nostre
2069 2911 2112 2984 et'
2130 2915 2177 2984 da

328 3086 450 3139 omnes
472 3068 635 3136 homines
657 3068 824 3155 omnique
846 3065 1021 3154 partibus.
1046 3065 1146 3132 Etsi
1170 3064 1303 3152 taliter,
1321 3068 1368 3150 ut
1391 3063 1528 3132 dictum
1550 3067 1617 3139 est,
1643 3063 1726 3130 illut
1749 3067 1849 3134 vobis
1873 3083 1945 3134 non
1974 3067 2180 3137 defensave-

335 3225 460 3312 rimus,
477 3222 514 3292 et
529 3221 612 3291 illut
635 3219 691 3288 vel
714 3221 845 3290 exinde
868 3218 968 3287 vobis
990 3219 1113 3288 tollere
1137 3221 1203 3288 aut
1225 3222 1390 3288 contrave
1414 3217 1662 3306 quesierimus,
1686 3237 1749 3286 seu
1774 3219 1804 3287 si
1830 3211 2075 3310 quodc'umque
2098 3244 2182 3294 cau-

335 3376 491 3449 sationes
513 3376 614 3443 vobis
638 3373 768 3444 exinde
791 3373 1077 3461 preposuerimus
1099 3377 1136 3440 ct
1158 3371 1287 3459 aliquit
1310 3372 1353 3440 de
1386 3373 1508 3441 omnia
1542 3373 1787 3459 suprascripta
1821 3373 2181 3464 contradixerimus,

276 3553 282 3566 ·
338 3547 403 3618 per
425 3547 519 3599 vona
543 3527 807 3596 combenientia
829 3543 1038 3616 componere
1061 3524 1297 3612 obligavimus
1314 3543 1378 3592 nos
1393 3529 1429 3594 et
1446 3525 1578 3594 nostris
1594 3526 1759 3594 eredibus
1774 3527 1874 3594 vobis
1889 3528 2088 3614 vestrisque
2105 3547 2183 3598 ere-

334 3683 440 3753 dibus
462 3681 595 3770 biginti
620 3681 701 3752 auri
724 3681 853 3751 solidos
875 3677 1145 3766 constantines,
1170 3683 1232 3765 et,
1255 3679 1348 3746 sicut
1370 3677 1505 3756 dictum
1528 3682 1593 3766 cst,
1619 3677 1717 3746 vobis
1739 3678 2011 3767 adimpleamus
2037 3682 2183 3766 quando

336 3844 458 3909 autem
481 3857 544 3926 per
568 3857 629 3907 vos
652 3835 739 3925 ipsis
762 3833 949 3905 bolucritis
973 3834 1103 3904 exinde
1126 3837 1289 3903 auctores
1312 3852 1389 3903 esse
1409 3884 1419 3922 ‚
1455 3838 1665 3922 potestatem
1699 3833 1841 3904 abeatis
1873 3835 1949 3904 vice
1984 3841 2107 3907 nostra
2143 3840 2184 3906 in

330 3991 497 4061 omnibus
522 3991 606 4061 inde
630 4009 780 4060 causare
803 3996 840 4061 ct
862 3991 970 4060 finem
993 3991 1122 4075 iacere,
1146 3985 1302 4076 qualiter
1318 3985 1517 4074 bolucritis,
1535 4005 1617 4054 cum
1633 3987 1739 4074 quale
1756 3991 1935 4058 monimen
1951 3993 1987 4058 et
2006 3992 2185 4061 rationem

331 4149 416 4219 inde
438 4147 629 4218 abueritis.
654 4149 757 4234 Nam,
782 4145 924 4234 quando
947 4162 1012 4212 nos
1035 4139 1241 4230 quesieritis
1265 4141 1349 4210 inde
1372 4145 1534 4212 auctores
1557 4143 1687 4230 abere,
1712 4144 1885 4250 remittite
1910 4146 1955 4215 ad
1979 4151 2102 4216 nostra
2126 4166 2186 4236 po-

333 4306 466 4373 testate
489 4305 566 4371 tota
589 4299 834 4388 suprascripta
859 4297 1071 4384 monimina,
1095 4313 1164 4383 que
1187 4294 1286 4363 vobis
1309 4295 1483 4384 dedimus,
1500 4295 1546 4365 ad
1563 4297 1740 4364 abundum
1764 4315 1828 4366 nos
1853 4299 1950 4369 illam
1974 4319 2085 4387 usque
2110 4301 2187 4372 dies

332 4455 504 4545 triginta,
527 4459 563 4525 et
588 4473 652 4522 nos
675 4453 732 4520 vel
754 4452 887 4521 nostris
910 4452 1076 4522 eredibus
1100 4451 1181 4520 illut
1203 4450 1302 4520 vobis
1325 4450 1560 4539 defensemus,
1585 4452 1680 4521 sicut
1703 4455 1866 4542 superius
1890 4453 2037 4542 legitur,
2060 4459 2096 4525 et
2119 4475 2183 4543 per

335 4627 460 4680 omncs
483 4610 581 4679 vices
604 4607 803 4677 monimine
830 4607 908 4694 ipsa
930 4605 1029 4673 vobis
1052 4604 1249 4691 retdamus,
1274 4603 1380 4691 quale
1403 4603 1501 4674 illam
1525 4605 1628 4673 nobis
1651 4605 1835 4694 dederitis,
1859 4606 1905 4676 ad
1928 4610 2104 4677 avendum
2120 4613 2185 4678 nos

332 4766 437 4836 illam
460 4765 558 4833 omni
583 4767 743 4852 tompore
766 4762 804 4830 in
829 4759 991 4849 predicta
1014 4759 1156 4829 ratione
1179 4778 1242 4846 per
1269 4759 1513 4846 suprascripta
1529 4759 1687 4848 obligata
1704 4779 1810 4847 pena.
1829 4761 1873 4830 Et
1888 4761 2012 4830 taliter
2029 4763 2186 4850 scribere

341 4922 547 5010 rogavimus
569 4924 606 4990 te
628 4915 811 4990 dauferius
835 4915 1012 5002 notariuS,
1035 4874 1154 4983 actum
1178 4912 1333 4984 salerno.

379 5047 410 5166 †
435 5077 510 5164 ligo
532 5075 757 5146 landonolfus

380 5204 410 5322 †
435 5235 510 5320 Ego
533 5233 672 5303 Petrus.
