5466 7106
1259 549 1434 624 CODEX
1475 545 1741 624 CAVENSIS

1302 1052 1686 1138 DCCLXXVI.

1342 1381 1395 1459 Α.
1425 1381 1475 1460 D·
1505 1379 1634 1463 1025.

619 1653 656 1793 †
680 1706 719 1774 ln
743 1705 887 1774 nomine
909 1703 1045 1774 domini
1068 1703 1248 1775 tricesimo
1271 1705 1420 1792 septimo
1443 1721 1539 1774 anno
1562 1703 1785 1792 principatus
1808 1703 1928 1776 domni
1952 1707 2064 1776 nostri
2089 1705 2286 1795 guaimarii
2302 1755 2313 1796 ,
2329 1713 2366 1779 et
2387 1728 2427 1780 o·

565 1861 675 1928 otabo
698 1876 794 1928 anno
816 1857 1043 1948 principatus
1066 1857 1188 1928 domni
1212 1857 1395 1946 guaimari
1418 1859 1496 1927 eius
1519 1856 1600 1946 filii,
1623 1857 1770 1946 gloriosi
1793 1857 2031 1947 principibus,
2054 1877 2175 1930 mense
2197 1863 2427 1951 september,

568 2031 666 2084 nona
702 2013 910 2084 indictione.
947 2015 987 2081 ln
1012 2013 1255 2085 sacratissimo
1289 2011 1513 2082 salernitano
1542 2009 1680 2099 palatio
1703 2016 1788 2081 ante
1811 2011 2018 2099 supradicta
2040 2011 2196 2101 gloriosa
2218 2017 2427 2103 potestate,

567 2170 713 2236 astante
736 2183 803 2255 ego
827 2167 1119 2255 ragemprandus
1143 2165 1264 2254 iudex,
1289 2164 1451 2236 causavit
1464 2163 1538 2231 riso
1553 2162 1649 2232 filius
1671 2164 1848 2251 quondam
1871 2167 1996 2236 achini
2018 2185 2099 2234 cum
2123 2168 2219 2238 maio
2242 2170 2419 2256 presbiter

572 2324 608 2387 et
632 2321 726 2390 abba
748 2318 899 2388 ecclesia
922 2319 1039 2388 sancti
1061 2319 1239 2407 maximi,
1262 2321 1304 2387 ut
1327 2317 1387 2386 ille
1410 2321 1447 2386 et
1469 2316 1564 2386 serbi
1588 2316 1747 2405 predicte
1769 2315 1917 2386 ecclesie
1942 2317 2036 2388 malo
2058 2317 2210 2386 hordine
2233 2317 2421 2390 introisset

567 2471 608 2539 in
631 2472 739 2540 rebus
762 2469 914 2558 predicti
938 2469 1003 2540 risi
1026 2473 1068 2540 de
1092 2469 1177 2538 locis
1199 2473 1383 2559 mairanu‚
1407 2471 1540 2559 forino,
1565 2474 1684 2539 monta
1707 2472 1880 2558 betranu,
1903 2471 2060 2560 arcella,
2083 2471 2238 2550 aunitu,
2262 2474 2300 2540 et
2322 2472 2425 2543 lobea

567 2621 607 2690 in
631 2623 720 2710 ipsis
744 2624 850 2691 rebus
873 2623 1029 2711 iecisset,
1052 2627 1089 2692 et
1111 2625 1255 2693 arbores
1279 2623 1362 2692 inde
1385 2623 1608 2713 abscidisset,
1632 2627 1669 2693 et
1691 2622 1850 2692 frudium
1873 2623 1956 2691 inde
1978 2622 2135 2711 tulisset,
2153 2627 2189 2694 et
2212 2626 2319 2694 rebus
2342 2624 2423 2714 ipsa

568 2774 602 2843 ei
626 2779 837 2846 contrasset:
861 2776 937 2864 ipse
961 2779 1071 2846 abbas
1093 2797 1167 2847 una
1189 2796 1271 2846 cum
1294 2782 1417 2865 petrus
1441 2776 1630 2848 advocator
1653 2777 1812 2866 predicte
1827 2776 2002 2846 hecclesie
2020 2777 2202 2866 respondit
2216 2779 2427 2868 dicendum,

567 2929 672 2998 utin
695 2929 867 3017 predictis
891 2929 977 2997 locis
1000 2933 1038 2998 et
1059 2930 1281 3017 pertinentia
1304 2929 1347 2997 de
1370 2929 1458 3018 ipsis
1482 2928 1567 2999 locis
1589 2931 1711 3018 plures
1734 2933 1841 2999 rebus
1863 2949 1948 3018 pars
1965 2931 2124 3019 predicte
2140 2931 2289 3002 ecclesie
2305 2934 2424 3004 saneti

568 3082 721 3153 maximi
744 3084 851 3152 abere
874 3087 1086 3170 altenare,
1115 3086 1169 3151 set
1190 3083 1330 3151 nescire
1351 3081 1395 3150 de
1418 3082 1524 3171 quale
1546 3082 1621 3171 ipse
1646 3083 1718 3151 riso
1740 3087 1919 3154 causaret.
1943 3083 2043 3154 Unde
2065 3083 2163 3154 inter
2186 3085 2238 3156 eis
2262 3083 2422 3155 iudicavi

568 3239 604 3304 et
627 3235 789 3322 utrisque
812 3234 886 3304 illis
907 3235 1081 3324 gradiare
1104 3235 1198 3323 ieci,
1223 3237 1265 3303 ut
1289 3233 1366 3324 ipse
1388 3235 1459 3303 riso
1481 3254 1563 3306 cum
1586 3254 1670 3323 pars
1693 3234 1853 3324 predicte
1876 3235 2024 3305 ecclesie
2047 3237 2162 3306 sancti
2186 3237 2335 3307 maximi
2359 3257 2425 3326 pa·

569 3387 659 3456 riter
681 3391 873 3475 pergerent
894 3407 976 3456 cum
998 3387 1154 3456 iudicem
1175 3393 1212 3458 et
1233 3389 1376 3458 notario
1398 3404 1504 3476 super
1527 3389 1632 3456 rebus
1654 3387 1756 3476 ipsis,
1772 3390 1808 3457 et
1832 3387 1907 3476 ipse
1929 3389 2002 3456 riso
2027 3387 2138 3476 ipsius
2162 3391 2286 3460 abbati
2302 3391 2358 3461 vel
2376 3391 2424 3462 ad

569 3557 652 3625 pars
675 3539 833 3626 predicte
855 3539 1004 3611 ecclesie
1027 3545 1244 3611 monstraret
1266 3543 1374 3611 rebus
1398 3540 1498 3628 ipsis,
1513 3538 1608 3608 unde
1630 3537 1795 3627 superius
1817 3539 1999 3628 causavid,
2016 3546 2053 3611 et
2076 3541 2153 3629 ipse
2175 3543 2248 3612 riso
2269 3543 2422 3632 plicaret

571 3711 608 3762 se
642 3711 724 3760 cum
747 3695 824 3762 suis
846 3694 1060 3780 rationibus,
1084 3697 1121 3763 et
1143 3695 1218 3780 ipse
1240 3694 1352 3762 abbas
1374 3667 1430 3760 vei
1453 3710 1538 3779 pars
1560 3691 1718 3779 predicte
1740 3693 1887 3763 ecclesie
1910 3694 2077 3764 similitor
2099 3696 2250 3784 plicaret
2272 3717 2310 3766 se
2333 3717 2417 3767 cum

571 3847 647 3916 suis
669 3847 894 3935 rationibus,
917 3851 952 3916 et
975 3847 1168 3918 secundum
1192 3847 1306 3936 legem
1329 3845 1424 3915 inter
1447 3864 1484 3915 se
1507 3845 1591 3914 inde
1614 3845 1723 3914 finem
1746 3847 1916 3916 iacerent.
1940 3847 2038 3917 Unde
2060 3868 2125 3936 per
2148 3853 2270 3938 partes
2294 3869 2420 3938 posue·

570 4003 658 4067 runt
680 3998 910 4071 mediatorem
932 3999 1151 4088 grimoaldus
1173 4001 1236 4088 qul
1259 3999 1326 4070 fuit
1349 3999 1566 4070 bestararius
1588 3996 1785 4087 supradicti
1801 3997 1921 4067 domni
1936 4000 2108 4090 principi,
2124 3999 2222 4072 lilius
2238 4004 2418 4092 quondam

571 4151 658 4219 ursi.
687 4153 734 4220 Et
754 4151 876 4223 taliter
899 4170 963 4240 pro
986 4155 1090 4240 parte
1111 4149 1270 4238 predicte
1292 4150 1439 4220 ecclesie
1461 4149 1618 4248 scribere
1640 4151 1788 4220 fecimus
1810 4155 1847 4222 te
1870 4152 2032 4224 ademari
2056 4154 2231 4225 notarius.

617 4277 649 4392 †
673 4306 747 4395 Ego
770 4308 834 4394 qui
858 4325 967 4394 supra
989 4304 1272 4395 ragemprandus
1295 4305 1417 4375 iudex.

1296 4578 1702 4593 ----·
2723 4561 2724 4627 l

1360 5229 1415 5305 A.
1444 5227 1494 5304 D.
1523 5227 1651 5309 1025.
1721 5211 1724 5218 ²

1301 4969 1710 5053 DCGLXXVII.

624 5518 737 5590 Quam
759 5517 893 5587 charta
915 5517 1020 5584 haias
1043 5517 1135 5583 acci
1155 5515 1272 5584 variis
1293 5517 1335 5585 irc
1357 5517 1440 5585 locis
1463 5521 1550 5587 esset
1573 5519 1766 5592 interseotc
1789 5523 1918 5594 damus
1941 5531 2193 5598 summarium.
2212 5529 2274 5600 Sco
2306 5533 2429 5601 reatus

571 5671 702 5754 incipit
727 5689 745 5734 r

619 5767 656 5906 †
679 5821 720 5886 ln
743 5819 886 5890 nomine
909 5819 1046 5890 domini
1069 5819 1126 5890 dei
1150 5820 1339 5891 salvatoris
1355 5820 1457 5891 ihesu
1479 5824 1607 5895 christi
1630 5830 1846 5918 temporibus
1868 5831 1988 5904 domni
2013 5835 2124 5925 sergii
2152 5835 2301 5926 gloriosi
2325 5835 2434 5907 ducis
