5422 7102
610 518 682 596 202
1242 516 1414 594 donax
1448 518 1714 592 cavensis

568 745 656 813 locis
671 740 886 830 perrexerit,
903 741 977 810 sibe
993 743 1032 809 in
1048 742 1265 827 civitatibus,
1290 742 1343 810 vel
1361 742 1400 810 in
1416 743 1583 830 castellis,
1600 745 1663 812 aut
1680 744 1719 813 in
1735 743 1844 832 billis,
1860 746 2069 832 potestatem
2084 741 2246 812 habeatis
2263 758 2323 810 vos
2345 759 2408 811 seu

570 897 638 986 ipsi
662 895 762 965 missi
785 895 899 966 vestri
922 914 1001 964 cum
1027 897 1121 964 hanc
1145 895 1347 964 chartulam
1375 895 1478 963 illum
1501 896 1772 982 compreendere
1794 900 1830 965 et
1853 897 2088 984 destringere,
2105 898 2142 964 et
2157 897 2222 964 sub
2237 901 2354 964 vestro
2368 896 2410 962 il·

571 1053 646 1122 lum
671 1069 838 1122 revocare
861 1051 1020 1120 debeatis
1043 1049 1215 1136 servitio,
1239 1067 1303 1117 seu
1326 1047 1601 1117 misericorditer
1636 1049 1734 1115 illum
1769 1048 2000 1136 disciplinare
2035 1049 2193 1116 debeatis
2226 1047 2422 1116 secundum

567 1205 736 1272 meritum
759 1223 821 1273 sue
845 1203 959 1291 culpe.
984 1202 1082 1277 Quod
1106 1203 1135 1270 si
1161 1203 1283 1290 lugam
1307 1203 1405 1270 vobis
1429 1202 1644 1270 commiserit
1659 1205 1695 1269 et
1717 1205 1756 1269 at
1780 1218 1843 1269 nos
1868 1201 2018 1288 benerit,
2044 1199 2119 1268 sibe
2143 1199 2182 1266 in
2210 1203 2286 1268 tota
2310 1169 2424 1285 perti·

569 1354 699 1424 nentia
723 1359 846 1423 nostra
869 1354 925 1421 vel
948 1355 1163 1440 ubicumque
1187 1370 1251 1421 nos
1274 1353 1541 1440 manserimus,
1565 1370 1629 1420 nos
1650 1353 1749 1420 vobis
1786 1351 1886 1418 illum
1909 1353 2075 1423 atducere
2109 1355 2216 1437 atque
2247 1367 2413 1420 revocare

427 1582 434 1594 ‚
571 1505 763 1575 debeamus
787 1523 850 1592 per
873 1523 996 1573 omnes
1018 1508 1113 1574 vices
1136 1506 1214 1572 sine
1236 1509 1355 1575 vestra
1377 1505 1631 1574 damnietatem
1655 1505 1708 1574 vel
1733 1506 2040 1592 amaricationem3
2065 1523 2128 1592 pro
2164 1521 2205 1571 ec
2239 1503 2333 1590 quod
2360 1503 2423 1572 de·

439 1712 442 1718 .
572 1658 678 1726 distis
701 1656 803 1724 nobis
826 1656 928 1724 modo
951 1657 1033 1726 auri
1058 1655 1188 1724 solidos
1210 1673 1275 1724 sex
1297 1656 1340 1724 de
1364 1656 1449 1732 tari,
1475 1661 1513 1724 at
1537 1657 1672 1724 obitum
1696 1657 1849 1744 denique
1872 1659 2030 1726 vestrum
2053 1657 2138 1726 dare
2162 1660 2200 1724 at
2232 1655 2335 1722 illum
2358 1653 2418 1722 de-

575 1811 690 1880 beatis
713 1809 996 1878 benedictionem
1020 1808 1100 1877 auri
1126 1808 1254 1876 solidos
1279 1811 1464 1894 quattuor,
1488 1811 1523 1875 et
1546 1806 1703 1894 caldara,
1735 1813 1771 1876 et
1793 1807 2025 1895 sartaginem,
2050 1813 2085 1876 et
2108 1806 2315 1876 licticellum
2344 1825 2424 1874 cum

567 1958 683 2048 panni
706 1959 754 2028 da
778 1960 897 2028 iacere
920 1963 956 2027 et
981 1958 1049 2046 ipsi
1074 1959 1186 2046 panni
1213 1931 1422 2042 devestire,
1451 1957 1542 2043 quod
1567 1957 1637 2024 sihi
1661 1957 1805 2026 abuerit
1829 1959 1867 2026 in
1892 1958 1979 2046 ipsis
2002 1959 2152 2044 diebus,
2176 1962 2212 2025 et
2246 1960 2317 2027 iam
2345 1963 2424 2044 post

572 2119 732 2180 vestrum
757 2113 944 2180 amborum
967 2111 1102 2178 obitum
1127 2115 1162 2178 et
1185 2129 1266 2178 cum
1290 2110 1574 2198 suprascriptam
1586 2109 1831 2178 benedictione
1856 2109 1946 2177 liber
1962 2113 1998 2178 et
2014 2109 2195 2178 absolutus
2211 2115 2418 2196 permaneat

577 2263 759 2350 predictus
783 2262 880 2330 filius
903 2265 1024 2330 noster
1048 2263 1126 2330 sine
1150 2261 1243 2328 omni
1269 2261 1524 2330 condicionem.
1550 2261 1618 2338 Qui
1635 2265 1754 2331 autem
1770 2262 1813 2330 de
1829 2262 1932 2330 nobis
1949 2264 2135 2332 ambarum
2151 2265 2274 2348 partes
2298 2265 2422 2368 contra

572 2415 669 2482 hanc
692 2411 896 2481 chartulam
919 2399 1041 2478 v'enire
1066 2415 1308 2497 presumserit,
1332 2417 1519 2497 componat
1542 2417 1580 2481 at
1601 2419 1740 2500 partem
1763 2433 1831 2501 que
1855 2413 1995 2480 firmam
2018 2413 2172 2499 steterit,
2198 2413 2278 2482 auri
2296 2412 2424 2480 solidos

578 2560 670 2631 libra
694 2580 802 2632 unam
825 2563 1022 2650 bytiantea,
1039 2567 1074 2631 et
1090 2563 1154 2628 hec
1170 2562 1336 2632 chartula
1352 2562 1398 2628 sit
1415 2563 1531 2648 firma3
1548 2563 1579 2629 si
1597 2569 1718 2632 autem
1736 2567 1771 2632 et
1787 2563 1896 2630 michi
1912 2563 2051 2632 marino
2063 2563 2138 2632 lilio
2159 2565 2325 2651 stephani
2339 2585 2428 2635 oan-

580 2715 768 2784 nabaczuli
791 2715 834 2783 de
858 2717 1077 2802 pertinentia
1098 2716 1141 2783 de
1164 2717 1240 2801 ipso
1264 2715 1410 2784 castello
1433 2715 1555 2801 depini
1579 2717 1645 2781 hec
1667 2715 1788 2783 omnia
1805 2714 1933 2802 placet,
1947 2718 2194 2804 propterquod
2211 2721 2325 2787 habeo
2339 2735 2423 2786 con-

585 2868 706 2936 cubita
727 2866 888 2954 predicta
910 2887 1065 2954 gemma,
1088 2873 1125 2936 et
1148 2843 1251 2935 llrmo
1274 2869 1386 2954 vobiS,
1411 2872 1450 2936 ut
1472 2868 1502 2934 si
1527 2871 1600 2955 ipse
1623 2867 2027 2954 predictusinsantulus
2050 2871 2146 2938 vobis
2170 2871 2291 2958 fugam
2326 2887 2419 2938 com-

507 2983 511 2996 ·
580 3021 720 3086 miserit
742 3024 778 3086 et
801 3025 840 3088 at
864 3038 929 3088 nos
951 3021 1104 3106 benerit,
1128 3019 1203 3088 sibe
1227 3022 1266 3087 in
1289 3024 1365 3088 tota
1387 3019 1610 3105 pertinentia
1634 3024 1757 3089 nostra
1780 3020 1822 3088 de
1848 3020 2004 3106 predicto
2026 3019 2169 3090 castello
2186 3027 2305 3090 nostro
2328 3022 2427 3108 depi-

583 3187 648 3256 nu,
673 3188 737 3238 nos
759 3171 859 3239 vobis
884 3170 984 3238 illum
1008 3170 1176 3238 atducere
1193 3171 1300 3254 atque
1317 3189 1485 3238 revocare
1502 3171 1692 3240 debeamus
1708 3192 1770 3260 per
1786 3191 1906 3240 omnes
1922 3174 2017 3240 vices
2033 3174 2110 3240 sine
2128 3178 2252 3244 vestra
2267 3177 2431 3247 damnie-
2469 3183 2472 3192 '

583 3327 699 3392 tatem
722 3324 777 3390 vel
802 3324 1096 3392 amaricationem
1121 3343 1184 3409 per
1207 3325 1486 3410 suprascriptam
1510 3324 1672 3410 obligata
1695 3343 1788 3409 pena

631 3448 662 3562 †
688 3463 863 3544 lohannes
886 3473 981 3574 tilius
1003 3474 1124 3542 domni
1146 3491 1265 3542 musco
1288 3474 1331 3542 de
1356 3473 1511 3542 iohanne
1535 3475 1577 3542 de
1601 3479 1702 3561 parte
1725 3478 1828 3546 testis
1851 3495 1931 3545 sum

634 3601 665 3716 †
691 3627 862 3697 Pantaleo
884 3626 980 3694 filius
1003 3627 1121 3694 domni
1144 3627 1260 3694 muski
1286 3627 1329 3695 de
1352 3626 1480 3694 domno
1503 3628 1729 3697 constantino
1752 3632 1855 3698 testis
1878 3637 1932 3699 est

635 3755 665 3869 †
691 3780 856 3868 pantaleo
880 3779 975 3846 tilius
998 3780 1115 3848 domni
1142 3780 1292 3847 iohanni
1317 3779 1359 3848 de
1383 3779 1509 3848 domno
1533 3780 1707 3867 pulcharo
1732 3783 1832 3851 testis
1856 3790 1909 3853 est

637 3907 667 4020 †
693 3935 767 4020 Ego
789 3935 1040 4002 constantinus
1065 3928 1183 4002 scriba
1207 3931 1303 4000 filius
1326 3930 1446 4002 domni
1471 3932 1619 4002 iohanni
1647 3933 1777 4004 curiali
1803 3937 1941 4024 scripsi.

1288 4153 1402 4160 ..ψ-..υ
1413 4155 1468 4160 --.-.
1481 4155 1506 4160 .-
1516 4155 1737 4164 .—....-——..

1305 4435 1736 4522 DCGGXXXIV.

1384 4696 1437 4772 A·
1465 4695 1514 4773 D·
1543 4695 1664 4778 1031.

648 4937 751 5075 Δ[111
776 4986 923 5054 nomine
946 4985 1080 5052 domini
1105 4985 1344 5054 tertiodecimo
1372 5004 1466 5054 anno
1489 4987 1711 5074 principatus
1738 4990 1857 5057 domni
1892 4992 2004 5060 nostri
2042 4993 2239 5063 Guaimarii
2274 4997 2452 5082 gloriosus

601 5137 782 5222 princeps,
799 5133 895 5202 filius
917 5133 1095 5221 quondam
1111 5133 1229 5201 domni
1246 5135 1441 5221 guaimarii
1458 5135 1647 5226 principis,
1660 5159 1779 5210 mense
1795 5143 1938 5231 aprelis,
1954 5147 2224 5230 quartadecima
2241 5148 2450 5220 indictione.
2468 5115 2475 5130 ¹

610 5285 902 5354 Memoratorium
925 5285 1058 5354 sactum
1083 5305 1105 5354 a
1129 5304 1185 5353 me
1208 5285 1365 5354 laurenti
1388 5289 1584 5356 venerabili
1608 5290 1737 5358 abbate
1760 5293 1975 5361 monasterio
1998 5296 2115 5364 sancti
2150 5300 2360 5388 archangeli
2388 5303 2453 5386 qui

610 5441 852 5506 constructum
878 5437 917 5504 in
940 5440 1059 5505 monte
1083 5435 1127 5503 de
1150 5435 1311 5530 cilentu,
1335 5453 1376 5502 eo
1399 5437 1491 5528 quod
1514 5441 1597 5506 ante
1620 5441 1812 5528 subscripti
1847 5442 1983 5512 idoneis
2013 5447 2217 5515 hominibus
2240 5451 2455 5519 coniunctus

607 5605 687 5656 sum
712 5587 757 5657 ad
780 5603 909 5655 vonam
934 5585 1231 5654 comvenientiam
1253 5601 1333 5650 cum
1357 5583 1454 5652 maio
1477 5589 1512 5652 et
1533 5586 1757 5674 guaimarius
1780 5591 1944 5676 germani
1967 5591 2035 5660 filii
2061 5595 2241 5680 quondam
2265 5598 2455 5685 guaiferii,

604 5744 643 5804 et
666 5736 863 5822 maraldus,
890 5739 925 5805 et
950 5735 1061 5820 maio,
1084 5740 1120 5802 et
1143 5733 1333 5821 landoltus,
1357 5737 1393 5803 et
1415 5733 1632 5822 madelmus,
1657 5741 1693 5805 et
1712 5738 1832 5826 lando,
1855 5741 2018 5826 germani
2055 5743 2121 5811 filii
2156 5746 2334 5830 quondam
2358 5747 2459 5818 adel-
