5466 7106
1246 515 1419 590 GODEX
1462 515 1731 592 clvsllsls

1275 951 1713 1039 DGGLXXXVI.

1341 1217 1395 1296 A.
1424 1213 1474 1294 D.
1503 1213 1631 1296 1026.

603 1453 640 1594 †
665 1507 704 1572 ln
729 1503 873 1574 nomine
896 1502 1033 1573 domini
1058 1503 1238 1574 tricesimo
1262 1506 1412 1575 hoctabo
1435 1522 1531 1574 anno
1555 1503 1779 1592 principatus
1795 1502 1913 1574 domni
1930 1503 2044 1573 nostri
2060 1501 2256 1592 guaimari,
2272 1507 2308 1571 et
2324 1517 2417 1572 nono

557 1677 654 1730 anno
676 1656 799 1726 domni
821 1656 1005 1746 guaimari
1029 1659 1108 1727 eius
1132 1657 1220 1746 filio,
1244 1659 1388 1746 gloriosi
1412 1658 1649 1747 principibus,
1673 1677 1794 1730 mense
1815 1661 2019 1746 nobember,
2041 1657 2231 1728 undecima
2255 1655 2282 1740 ¹)
2305 1656 2418 1726 indic-

557 1811 669 1880 tione.
686 1809 828 1881 declaro
842 1827 909 1898 ego
924 1809 1072 1898 gisolfus
1090 1808 1187 1879 filius
1203 1811 1382 1898 quondam
1406 1811 1570 1900 guidoni,
1594 1811 1765 1900 quoniam
1787 1816 1873 1882 ante
1897 1829 1936 1880 os
1959 1829 2073 1882 annos
2096 1829 2162 1900 ego
2178 1813 2215 1878 et
2231 1799 2419 1880 adeltruda

557 1982 672 2035 uxore
687 1984 768 2036 mea
783 1964 1076 2034 venumdedimus
1092 1964 1253 2053 areghisi
1268 1966 1458 2052 presbiteri
1481 1964 1555 2032 fllio
1578 1965 1758 2052 quondam
1780 1965 1926 2054 falconi,
1942 1965 2005 2052 qui
2028 1964 2129 2033 modo
2151 1967 2204 2034 est
2227 1963 2337 2032 abbas
2360 1981 2417 2032 ec-

558 2117 667 2187 clesie
671 2163 918 2185 ..........
943 2116 1183 2204 pertinentem
1205 2116 1248 2184 de
1271 2115 1393 2185 eredes
1416 2115 1628 2205 radelgrimi
1652 2117 1761 2187 iudici
1785 2136 1861 2188 una
1883 2119 1986 2206 pecie
2007 2115 2051 2185 de
2075 2119 2174 2185 terra
2194 2116 2310 2185 bacua
2324 2114 2417 2201 quod

557 2269 726 2340 abulmus
750 2271 849 2338 intus
873 2287 941 2340 ano
965 2267 1226 2338 salernitanam
1250 2267 1437 2337 cibitatem
1462 2289 1486 2339 a
1509 2274 1634 2359 suptus
1657 2271 1778 2359 platea
1800 2289 1869 2359 que
1891 2270 2012 2358 pergit
2035 2269 2080 2340 ad
2107 2273 2210 2356 porta
2244 2271 2416 2352 rotense,

559 2421 654 2491 sicut
668 2421 748 2490 eius
765 2421 907 2491 cartula
929 2421 1102 2508 continet,
1128 2419 1190 2508 qui
1214 2419 1349 2507 scripta
1371 2425 1425 2488 est
1447 2439 1511 2508 per
1534 2421 1721 2509 iaquintus
1743 2422 1920 2510 notarius,
1937 2424 1977 2491 in
1993 2439 2063 2509 quo
2087 2422 2262 2509 scriptum
2284 2423 2337 2489 est
2360 2437 2420 2490 ra·

558 2577 801 2666 gemprandus
824 2577 934 2646 iudex
957 2581 994 2645 et
1015 2575 1094 2664 alii,
1118 2579 1153 2645 et
1177 2576 1354 2646 remansit
1375 2577 1479 2646 nobis
1503 2597 1526 2646 a
1548 2577 1643 2648 foras
1666 2579 1743 2664 ipsa
1759 2576 1978 2646 bindictione
1997 2577 2035 2644 in
2049 2595 2134 2664 pars
2148 2573 2415 2663 septemtrionis

562 2728 765 2817 aliquanta.
778 2727 981 2814 terrecella3
1006 2725 1107 2795 modo
1130 2729 1261 2813 autem,
1286 2727 1379 2795 sicut
1402 2727 1493 2796 mihi
1516 2728 1685 2797 iamdicto
1708 2730 1826 2817 gisolfi
1850 2747 2047 2818 congruum
2071 2733 2137 2805 est,
2159 2747 2238 2799 mea
2254 2729 2347 2798 bona
2363 2729 2424 2796 bo-

560 2879 730 2970 luntate,
761 2900 825 2969 per
848 2899 916 2952 anc
940 2880 1118 2986 cartulam
1141 2883 1225 2949 ante
1249 2859 1443 2967 subscripti
1464 2884 1572 2949 testes
1594 2880 1742 2951 donabit
1765 2881 1879 2968 adque
1903 2881 1949 2952 ad
1971 2899 2110 2969 semper
2133 2879 2310 2950 abendam
2333 2897 2418 2948 con-

562 3035 705 3105 firmabi
728 3035 798 3104 tibi
821 3033 992 3104 iamdicto
1015 3032 1178 3120 areghisi
1201 3033 1391 3120 presbiteri
1414 3035 1451 3101 et
1474 3034 1593 3104 abbati
1612 3081 1903 3103 ............
1929 3035 2118 3104 terrecella
2140 3053 2210 3122 que
2236 3035 2339 3103 nobis
2363 3052 2420 3104 re-

561 3191 697 3261 mansit
720 3189 760 3257 in
784 3189 863 3277 ipsa
885 3207 970 3275 pars
993 3188 1272 3276 septemtrionis,
1296 3188 1359 3274 qui
1383 3191 1438 3256 est
1461 3187 1557 3256 inter
1581 3189 1659 3275 ipsa
1681 3191 1802 3258 vestra
1823 3190 2011 3276 paratione
2035 3194 2071 3268 et
2095 3189 2190 3258 inter
2222 3189 2326 3258 illum
2356 3191 2421 3277 qui

564 3343 632 3410 fuit
659 3339 818 3430 guaiferi
843 3338 1053 3407 consobrino
1075 3339 1224 3408 fratrem
1248 3357 1380 3426 meum,
1403 3343 1440 3408 et
1464 3339 1601 3408 nullam
1624 3341 1713 3408 mihi
1737 3340 1869 3410 ibidem
1892 3341 2066 3412 remansit
2090 3343 2185 3410 inter
2209 3342 2272 3412 illa
2295 3347 2332 3411 et
2355 3343 2420 3412 illa

563 3493 648 3580 dne,
671 3497 725 3561 set
748 3491 912 3561 inclitum
937 3491 1019 3561 illut
1042 3443 1109 3560 tibi
1134 3491 1281 3579 donabi,
1297 3491 1344 3560 ad
1359 3493 1534 3561 securiter
1556 3497 1592 3563 et
1614 3493 1766 3564 firmiter
1789 3495 1915 3564 amodo
1938 3501 1974 3564 et
2000 3515 2138 3583 semper
2161 3500 2202 3564 tu
2226 3493 2416 3566 iamdictus

564 3649 726 3738 areghisi
750 3655 787 3718 et
810 3655 889 3718 tuos
914 3648 1036 3717 eredes
1060 3647 1190 3720 inclita
1213 3648 1420 3736 supradicta
1444 3665 1524 3718 mea
1549 3648 1742 3718 donatione
1764 3649 1920 3738 abendi,
1943 3649 2166 3737 possidendi,
2190 3648 2417 3734 dominandi,

564 3803 690 3872 omnia
713 3753 846 3872 exinde
870 3801 1027 3872 faciendi
1051 3821 1119 3888 que
1144 3801 1346 3888 bolueritis,
1370 3817 1481 3886 esque
1503 3799 1601 3867 omni
1617 3819 1698 3872 mea
1713 3801 1767 3870 vel
1784 3802 1827 3871 de
1843 3803 1931 3871 meis
1946 3802 2111 3870 eredibus
2127 3800 2422 3872 contrarietatem

568 3953 624 4020 vel
647 3951 897 4040 requisitione.
921 3953 1016 4022 unde
1040 3970 1104 4040 pro
1128 3951 1408 4021 confirmandam
1431 3955 1467 4019 et
1491 3950 1780 4022 stabiliscendam
1803 3952 2009 4042 supradicta
2024 3972 2104 4023 mea
2125 3953 2332 4042 donatione,
2355 3974 2426 4024 nuc

567 4127 589 4176 a
613 4107 789 4193 presentis
811 4107 908 4176 iusta
930 4107 1045 4194 legem
1069 4104 1247 4192 launegilt
1271 4124 1294 4173 a
1316 4107 1352 4172 te
1375 4103 1546 4174 iamdicto
1568 4105 1728 4193 areghisi
1751 4107 1862 4176 abbas
1885 4106 2019 4193 recepit
2042 4105 2174 4175 exinde
2213 4108 2424 4178 mantellum

567 4274 680 4324 unum
704 4257 744 4324 in
767 4257 881 4324 omnis
903 4255 1176 4340 deliberatione,
1200 4255 1294 4322 sicut
1319 4253 1413 4322 inter
1437 4272 1501 4323 nos
1524 4255 1715 4325 combenit.
1740 4255 1783 4324 de
1799 4275 1869 4343 qua
1885 4275 1948 4343 per
1964 4257 2057 4324 bona
2074 4257 2336 4327 combenientia
2352 4251 2418 4346 e'go

458 4419 465 4428 '
568 4389 797 4495 supradictus
820 4408 968 4496 gisolfus
991 4407 1126 4496 guadia
1150 4405 1218 4474 tibi
1243 4406 1411 4516 iamdicto
1435 4407 1596 4495 areghisi
1620 4408 1741 4476 abbati
1765 4405 1846 4474 dedi
1870 4409 1907 4474 et
1932 4405 2127 4475 mediatore
2150 4407 2217 4476 tibi
2241 4408 2342 4497 posui
2359 4427 2420 4497 pe-

570 4564 649 4627 trus
672 4561 769 4628 filius
794 4562 984 4649 areghisi3
1008 4565 1044 4630 et
1067 4580 1130 4648 per
1154 4560 1231 4649 ipsa
1254 4559 1388 4646 guadia
1412 4559 1531 4645 obligo
1554 4577 1609 4627 me
1633 4563 1669 4629 et
1691 4575 1786 4626 meos
1808 4557 1929 4627 eredes
1952 4559 2077 4627 amodo
2100 4563 2136 4628 et
2158 4578 2295 4648 semper
2326 4563 2420 4656 anti-

572 4715 738 4826 standum
754 4723 790 4786 et
805 4717 1062 4786 defensandum
1077 4717 1147 4786 tibi
1163 4719 1287 4804 tuique
1303 4715 1467 4785 eredibus
1485 4715 1611 4783 inclita
1626 4713 1834 4801 supradicta
1851 4731 1930 4783 mea
1944 4714 2136 4784 donatione
2160 4735 2183 4785 a
2205 4736 2290 4803 pars
2314 4721 2420 4796 uxori

573 4889 650 4939 mee
672 4875 708 4939 et
730 4869 921 4962 daomnes
945 4869 1082 4938 omines
1104 4870 1270 4958 omnique
1294 4870 1474 4957 partibus3
1498 4867 1530 4936 si
1554 4871 1688 4954 autern,
1712 4869 1806 4934 sicut
1828 4865 1963 4936 dictum
1986 4871 2193 4956 est,.taliter
2217 4871 2299 4941 illut
2321 4873 2427 4960 nobis

575 5021 760 5091 defensare
783 5041 855 5090 non
878 5023 1109 5110 potuerimus,
1133 5026 1206 5109 tuc,
1231 5022 1323 5090 sicut
1348 5020 1385 5087 in
1410 5020 1470 5088 lex
1493 5019 1818 5108 longnobardorum
1838 4975 1884 5090 de
1906 5020 2037 5089 donum
2060 5026 2096 5092 et
2119 5023 2296 5112 launegilt
2313 5025 2428 5095 conti-

579 5177 656 5260 net,
681 5170 939 5262 adimpleamus
963 5179 999 5244 et
1021 5175 1263 5262 persolbamus
1286 5173 1385 5241 vobis
1408 5173 1570 5259 iustitia3
1595 5172 1737 5259 quando
1760 5176 1880 5241 autern
1904 5191 1963 5240 vos
1987 5174 2029 5243 de
2046 5176 2255 5262 supradicta
2272 5177 2429 5258 meade-

579 5327 725 5397 natione
741 5347 805 5415 per
820 5345 882 5398 vos
904 5329 991 5416 ipsis
1014 5326 1196 5398 volueritis
1219 5333 1309 5396 esset
1332 5330 1515 5396 auctorem
1530 5329 1566 5394 et
1581 5323 1778 5411 defensore,
1797 5327 2008 5410 potestatem
2032 5328 2172 5398 abeatis
2196 5332 2273 5401 vice
2298 5337 2422 5401 nostra

580 5615 952 5632 —ffl—-u

621 5797 644 5876 ¹)
666 5797 780 5875 Lege:
806 5797 943 5859 docimo.
1007 5819 1009 5822 ·
