5414 7098
586 471 632 542 30
1225 471 1395 540 COllEX
1439 471 1705 543 Cnvhnsls

537 698 631 767 tium
654 698 900 784 ostenderunt,
927 699 1020 766 inter
1044 715 1132 784 ques
1156 701 1231 784 ipse
1254 699 1365 766 abhas
1388 698 1518 765 ostedit
1542 717 1614 768 una
1637 699 1798 785 scriptio,
1821 698 1976 785 qualiter
2001 715 2064 784 pro
2088 716 2172 784 pars
2187 698 2311 783 ,ipsius
2333 717 2391 766 eo-

534 851 640 918 elesie
664 853 781 918 sancti
805 851 953 919 maximi
977 851 1155 919 martinus
1178 850 1352 935 presbiter
1376 851 2030 918 511111115555111151151111515511511111
2063 851 2239 917 iohannes
2274 848 2393 916 diaco-

534 1022 604 1072 nus
620 1004 788 1090 episcopii
806 1003 1019 1072 salernitani
1045 1007 1128 1072 ante
1151 1003 1300 1070 domnus
1322 1001 1495 1070 iohannes
1518 1001 1638 1088 presul
1655 1001 1767 1087 ipsius
1789 1001 1958 1070 aecclesie
1975 1002 2082 1088 sedis,
2100 1005 2136 1069 51
2154 1004 2228 1089 ipse
2244 1001 2393 1068 domnus

535 1157 698 1244 pontifex
733 1177 805 1226 una
840 1178 918 1225 cum
951 1159 1066 1244 ipsum
1098 1159 1270 1225 iohannes
1295 1155 1521 1225 tradiderunt
1550 1156 1595 1224 ad
1619 1160 1827 1242 potestatem
1850 1157 1961 1243 ipsius
1985 1157 2134 1225 martini
2158 1158 2301 1224 abbatis
2325 1174 2393 1242 pro

538 1333 622 1402 pars
647 1312 759 1399 ipsius
781 1311 925 1379 ecclesie
949 1310 1063 1379 saneti
1089 1309 1237 1378 maximi
1263 1310 1305 1377 de
1331 1309 1407 1395 ipsa
1431 1313 1537 1378 rebus
1562 1313 1655 1378 ulter
1680 1315 1756 1396 ipse
1780 1310 1895 1377 forino
1920 1330 1982 1397 per
2006 1310 2147 1378 11111551
2177 1310 2391 1376 mensurie:

534 1467 578 1536 de
602 1471 725 1552 suptus
748 1467 818 1533 dno
842 1485 936 1551 aqua
959 1464 1002 1531 de
1027 1467 1102 1549 ipso
1125 1465 1261 1530 lorino:
1291 1464 1316 1528 d
1342 1467 1444 1548 parte
1469 1463 1616 1531 meridie
1641 1463 1710 1530 tine
1734 1465 1975 1550 suprascripte
1999 1463 2144 1530 ecclesie
2172 1463 2286 1530 sancti
2316 1482 2394 1530 rna-

536 1621 641 1708 ximi,
665 1623 758 1688 sicut
782 1621 920 1688 hallone
944 1621 1127 1706 discernit,
1152 1628 1188 1685 51
1211 1623 1347 1685 rectum
1371 1617 1603 1684 descendente
1628 1619 1665 1682 in
1690 1617 1765 1701 ipso
1790 1618 1930 1704 lorino,
1956 1618 2049 1684 unde
2073 1637 2167 1702 aqua
2192 1617 2312 1685 lebata
2337 1621 2393 1684 est

536 1794 601 1862 pro
625 1773 808 1843 arcaturia
831 1774 873 1841 de
900 1773 1070 1840 melinum
1096 1773 1210 1858 ipsius
1234 1771 1350 1840 saneti
1375 1771 1537 1837 maximi:
1563 1773 1593 1835 A
1616 1789 1701 1856 pars
1724 1772 2026 1856 septemtrionalis
2050 1773 2120 1838 line
2144 1774 2223 1858 ripa
2247 1772 2307 1856 qui
2340 1772 2395 1839 di-

536 1927 669 1993 scernit
693 1945 714 1994 a
738 1927 808 1994 fine
833 1925 943 2012 ipsius
967 1925 1082 1993 sancti
1107 1925 1270 2010 maximi,
1294 1937 1362 2010 qu'e
1387 1925 1486 1990 modo
1511 1925 1585 2010 ipse
1609 1929 1719 1994 abhas
1743 1928 1839 1995 dedit
1864 1929 1901 1994 in
1927 1929 2002 2014 ipse
2025 1927 2227 2016 episcopie,
2252 1931 2288 1996 et
2314 1931 2387 1998 11115

536 2081 649 2168 ipsius
665 2080 846 2167 episcopii,
863 2080 956 2146 sicut
979 2079 1133 2146 cristone
1157 2079 1199 2145 de
1224 2081 1343 2144 mente
1366 2078 1537 2146 discernit
1560 2099 1622 2164 per
1647 2081 1830 2147 mensuria
1854 2098 1916 2166 per
1940 2080 2018 2165 ipsa
2042 2100 2138 2166 aqua
2161 2082 2204 2148 de
2236 2083 2312 2168 ipse
2335 2084 2385 2149 soÎ‡

536 2237 617 2303 rino
640 2239 886 2304 mensuratum
909 2236 1004 2320 passi
1029 2239 1172 2302 contum
1196 2233 1460 2320 quinquaginta
1484 2235 1672 2319 quadtuer,
1691 2238 1726 2301 51
1750 2254 1811 2319 per
1837 2234 1897 2302 via
1921 2235 2079 2322 puplica,
2104 2236 2165 2322 qui
2192 2236 2288 2304 intra
2312 2239 2386 2322 ipse

539 2391 624 2458 linis
648 2393 766 2478 pergit
789 2390 834 2458 da
859 2390 933 2476 ipso
956 2390 1132 2458 ballenem
1157 2391 1195 2456 in
1219 2407 1302 2475 pars
1325 2389 1601 2474 septemtrionis,
1625 2389 1720 2474 passi
1737 2391 1880 2454 centum
1898 2389 2030 2474 higinti
2047 2394 2240 2475 quattuor:
2268 2391 2310 2457 de
2327 2409 2388 2458 su-

537 2563 600 2631 per
625 2545 695 2612 line
720 2547 796 2630 ipsa
820 2563 932 2630 serra,
956 2563 1019 2631 1151
1043 2542 1243 2630 supradicte
1267 2541 1349 2608 finis
1372 2547 1408 2608 et
1431 2541 1610 2608 mensurio
1635 2547 1747 2608 tetum
1772 2547 1807 2610 et
1824 2543 1990 2610 inclitum
2009 2543 2089 2610 illut
2105 2544 2150 2610 ad
2167 2563 2252 2630 pars
2277 2545 2391 2631 ipsius

539 2698 686 2768 ecclesie
703 2699 817 2766 saneti
846 2698 996 2766 maximi
1020 2698 1263 2783 tradiderunt,
1288 2696 1382 2763 sieut
1406 2695 1483 2780 ipsa
1509 2695 1655 2780 scriptio
1679 2696 1838 2762 continet
1860 2695 1996 2782 scripta
2020 2715 2083 2780 per
2108 2698 2264 2765 arechisi
2289 2703 2392 2774 nota-

538 2852 627 2938 11555
652 2855 791 2918 etcum
816 2851 885 2918 luit
907 2851 1104 2919 monimina
1129 2850 1206 2937 ipsa
1230 2850 1376 2934 relecta,
1401 2848 1530 2917 accidit
1554 2849 1740 2934 iudicium,
1765 2853 1804 2917 ut
1828 2847 1964 2934 pariter
1989 2850 2063 2936 ipse
2087 2853 2196 2919 abbas
2221 2853 2277 2918 vel
2300 2872 2388 2938 pars

537 3005 693 3090 predicte
716 3007 863 3072 ecclesie
888 3005 1002 3074 sancti
1027 3005 1174 3074 maximi
1200 3023 1281 3072 cum
1305 3006 1421 3090 ipsum
1445 3008 1539 3069 risus
1563 3021 1667 3087 super
1693 3004 1798 3068 rebus
1822 3002 1902 3087 ipsa
1926 3011 2092 3088 pergeret
2119 3025 2199 3072 cum
2225 3005 2383 3074 iudicem

538 3163 574 3225 et
598 3158 788 3244 notarium,
814 3163 849 3225 51
872 3177 955 3243 pars
980 3157 1134 3242 predicte
1158 3155 1305 3224 ecclesie
1327 3155 1525 3222 ostenderet
1550 3156 1680 3221 ibidem
1704 3158 1780 3241 ipsa
1803 3156 1950 3242 scriptio
1973 3176 2042 3242 que
2065 3141 2148 3226 abet
2165 3179 2188 3226 a
2205 3177 2287 3244 pars
2305 3177 2389 3244 pre-

538 3311 627 3380 dicti
652 3311 817 3398 episcepii
845 3312 1072 3398 salernitani,
1097 3329 1164 3397 que
1181 3329 1243 3395 per
1260 3309 1375 3395 ipsum
1398 3308 1551 3377 arechisi
1577 3308 1758 3375 notarium
1782 3310 1915 3396 scripta
1938 3315 2004 3396 est,
2030 3317 2065 3379 51
2089 3317 2305 3380 monstraret
2332 3333 2387 3380 15-

540 3465 603 3528 hus
621 3463 699 3548 ipsa
719 3483 789 3548 que
813 3482 875 3550 per
899 3465 976 3549 ipsa
998 3462 1144 3549 scriptio
1168 3481 1251 3547 pars
1276 3460 1424 3547 predicti
1448 3459 1613 3545 episcopii
1639 3461 1683 3528 ad
1707 3481 1790 3546 pars
1814 3462 1971 3548 predicte
1995 3464 2286 3546 ecclesiesancti
2311 3484 2387 3533 ma-

539 3617 630 3682 ximi
657 3614 901 3701 confirmabit,
925 3633 988 3700 per
1012 3613 1085 3700 ipso
1108 3615 1191 3680 finis
1213 3619 1249 3681 et
1274 3613 1453 3680 mensurio
1478 3613 1576 3682 illam
1601 3619 1907 3700 monstraretque
1932 3615 2007 3700 ipsa
2032 3618 2180 3704 scriptio
2203 3621 2383 3707 continet,

538 3773 572 3834 et
597 3769 670 3854 ipsc
693 3766 788 3834 risus
813 3773 957 3854 pararet
980 3773 1108 3834 sancta
1131 3766 1186 3832 dei
1212 3767 1413 3852 evangelia,
1438 3769 1474 3832 et
1498 3787 1581 3851 pars
1604 3769 1760 3852 predicte
1784 3769 1930 3835 ecclesio
1947 3772 2063 3840 sancti
2081 3774 2231 3840 irraximi
2250 3775 2387 3842 laceret

538 3922 569 3987 ei
594 3921 717 3989 iurare
741 3922 899 4006 quinque
923 3922 1041 3988 serhes
1065 3919 1176 4006 ipsius
1200 3918 1374 4006 ecclesie,
1400 3919 1486 4006 quia
1509 3923 1559 3988 sic
1584 3923 1852 4008 exantiquitus
1876 3925 2092 3992 consuetudo
2127 3927 2231 3994 abuit
2264 3928 2384 3996 lacere

539 4074 684 4162 iurare,
709 4080 748 4142 ut
770 4077 876 4142 rebus
898 4075 976 4162 ipsa
1000 4095 1068 4161 que
1091 4067 1346 4142 mons'traberit
1369 4093 1431 4159 per
1455 4073 1530 4159 ipse
1554 4075 1635 4140 linis
1659 4079 1695 4143 51
1719 4077 1922 4162 mensurio,
1947 4097 2015 4162 que
2040 4078 2117 4164 ipsa
2141 4098 2207 4147 sua
2231 4079 2388 4166 scriptio

537 4231 710 4316 continet,
735 4249 818 4316 pars
842 4229 999 4316 predicte
1023 4229 1170 4297 ecclesie
1193 4228 1307 4296 sancti
1333 4228 1483 4296 maximi
1508 4249 1570 4314 per
1594 4193 1728 4314 expleti
1752 4229 1907 4316 triginta
1924 4249 2038 4298 annos
2056 4230 2135 4299 illut
2156 4234 2330 4301 tenuisset
2346 4240 2386 4304 51

534 4384 763 4469 dominasset,
789 4387 824 4450 et
851 4383 988 4469 legibus
1011 4381 1122 4469 ipsius
1145 4379 1293 4449 ecclesie
1317 4387 1408 4448 55551
1431 4385 1662 4470 pertinentes,
1687 4387 1723 4452 51
1746 4385 1892 4472 scriptio
1916 4385 1994 4471 ipsa
2025 4385 2107 4453 inde
2139 4393 2232 4454 55551
2265 4392 2380 4458 centi-

536 4540 673 4622 nentes3
691 4541 740 4622 et,
757 4537 817 4603 uhi
842 4535 965 4606 taliter
990 4537 1072 4604 inde
1095 4536 1287 4622 iuraberit,
1313 4537 1486 4603 securiter
1510 4536 1585 4623 ipse
1609 4537 1720 4604 abbas
1743 4543 1778 4604 51
1802 4556 1886 4623 pars
1909 4537 2067 4624 predicte
2091 4542 2239 4610 ecclesie
2263 4543 2380 4611 saneti

536 4688 687 4756 maximi
712 4690 819 4756 rebus
843 4691 920 4774 ipsa
944 4707 1006 4775 per
1030 4688 1105 4776 ipse
1127 4687 1209 4754 finis
1231 4693 1267 4756 51
1291 4689 1483 4776 mensurie,
1507 4709 1574 4776 que
1598 4691 1759 4776 predicta
1783 4691 1931 4778 scriptio
1955 4693 2126 4780 continet,
2144 4653 2251 4764 abeat
2274 4703 2380 4784 atque

536 4841 718 4929 possidead
744 4843 823 4912 sine
846 4843 1136 4912 contrarietatem
1159 4842 1271 4929 ipsius
1294 4843 1359 4910 risi
1381 4847 1417 4911 et
1440 4843 1482 4910 de
1506 4841 1583 4911 eius
1606 4844 1741 4913 eredes.
1767 4845 1990 4912 Postmodum
2023 4865 2104 4913 vero
2138 4867 2209 4917 una
2240 4869 2388 4919 mecum

534 5000 787 5082 perrexerunt,
805 4998 897 5064 sieut
913 4995 1074 5085 guadiati
1093 4997 1249 5082 luerunt,
1268 4999 1305 5095 51
1320 4997 1436 5081 ipsum
1452 4997 1616 5065 abbatem
1639 5015 1701 5082 per
1727 4998 1843 5083 ipsum
1869 4998 1946 5063 eius
1970 4998 2218 5068 advocatorem
2242 5008 2383 5071 ostensa

536 5150 605 5220 luit
627 5153 835 5239 supradicta
859 5153 1004 5240 scriptio
1029 5155 1073 5221 ab
1098 5152 1172 5239 ipso
1195 5149 1370 5237 episcopie
1394 5115 1527 5235 scripta
1551 5167 1614 5235 per
1638 5147 1793 5215 arechisi
1816 5152 1992 5238 notarius,
2010 5157 2045 5220 et
2061 5155 2166 5221 rebus
2184 5156 2262 5241 ipsa
2288 5175 2383 5224 menÎ‡

536 5308 746 5376 straberunt
767 5313 804 5375 51
827 5311 1125 5377 mensuraberunt
1148 5325 1210 5394 per
1235 5305 1316 5373 illas
1339 5303 1431 5371 111155
1454 5305 1490 5369 51
1514 5319 1711 5386 mensuras,
1729 5319 1798 5386 que
1823 5302 1901 5387 ipsa
1925 5305 2071 5390 scriptio
2095 5308 2270 5395 eontinet,
2288 5311 2390 5377 vide-

521 5458 643 5564 â¸lieet:
668 5459 711 5528 de
734 5465 859 5545 suptus
883 5461 953 5527 dne
977 5480 1071 5546 aqua
1095 5458 1137 5525 de
1160 5457 1235 5544 ipse
1258 5455 1385 5540 lorinoÍ¾
1404 5459 1477 5522 eta
1502 5456 1602 5539 parte
1626 5452 1776 5520 meridie
1793 5454 1864 5521 fine
1882 5454 1994 5541 ipsius
2018 5457 2165 5528 ecclesie
2181 5461 2297 5528 sancti
2317 5482 2392 5530 ma-

536 5613 648 5701 ximi,
673 5615 766 5681 sicut
791 5614 866 5700 ipso
890 5613 1029 5681 ballone
1052 5613 1236 5697 discernit,
1260 5613 1296 5677 et
1319 5613 1454 5676 rectum
1478 5605 1713 5672 descendente
1737 5605 1776 5671 in
1800 5606 1876 5693 ipso
1898 5609 2028 5694 serino,
2046 5611 2139 5678 unde
2157 5633 2251 5699 aqua
2271 5613 2388 5683 lebate

535 5769 611 5835 luit
645 5785 709 5853 pro
732 5773 903 5836 ereatura
926 5767 969 5833 de
992 5765 1163 5833 molinum
1188 5763 1299 5849 ipsius
1322 5760 1436 5829 sancti
1462 5761 1637 5827 maximi:
1662 5779 1683 5826 a
1707 5781 1791 5847 pars
1816 5765 2079 5850 septemtrionis
2102 5767 2173 5834 dne
2198 5768 2277 5854 ipsa
2311 5769 2392 5853 ripa
