5466 7106
1036 531 1454 608 ,llll’tbltu'llcbs

1107 837 1376 920 DCCXCI.

1102 1075 1155 1150 A.
1184 1071 1234 1149 D.
1261 1069 1389 1151 1027.

364 1276 401 1418 †
427 1330 466 1396 ln
490 1329 634 1398 nomine
657 1328 792 1399 domini
816 1347 909 1398 nono
933 1349 1028 1400 anno
1050 1329 1277 1419 principatus
1299 1329 1419 1399 domni
1437 1331 1552 1399 nostri
1568 1327 1762 1418 guaimari,
1778 1333 1814 1398 et
1828 1327 1945 1416 primo
1961 1345 2056 1398 anno
2072 1329 2171 1416 prin-

321 1480 462 1568 cipatus
484 1481 611 1550 domne
634 1482 871 1570 gaytelgrime
894 1482 1072 1570 genitrice
1095 1482 1185 1570 eius,
1210 1481 1376 1570 gloriosis
1399 1480 1636 1569 principibus,
1653 1498 1774 1550 mense
1793 1479 1928 1566 iunius,
1943 1480 2081 1549 decima
2112 1481 2171 1548 in«

319 1633 488 1703 dictione.
515 1635 803 1704 Memoratorium
827 1637 925 1704 sactu
948 1654 970 1705 a
993 1635 1095 1705 nobis
1118 1637 1292 1707 iohannes
1308 1641 1345 1705 et
1360 1636 1466 1706 lando
1482 1635 1644 1723 germani
1671 1633 1736 1702 filii
1754 1636 1847 1721 petri
1873 1637 1958 1706 ante
1981 1636 2172 1722 subscripti

322 1793 431 1858 testes
454 1808 517 1875 per
541 1791 635 1858 bona
658 1789 924 1858 combenientia
946 1789 1082 1877 guadia
1104 1789 1206 1857 nobis
1229 1791 1309 1859 dedi
1335 1793 1507 1861 iohannes
1531 1791 1630 1859 filius
1653 1751 1755 1877 ydem
1780 1790 1929 1860 iohanni
1954 1790 2018 1859 tali
2045 1789 2170 1858 ordine

322 1991 628 2012 .........
654 1942 817 2032 legitima
841 1959 931 2012 uxor
953 1943 1131 2013 abendum
1156 1942 1286 2012 mulier
1309 1944 1453 2012 nomine
1477 1943 1676 2014 rodelaita.
1707 1995 1714 2010 .
1743 1996 1750 2011 .
1779 1996 1786 2010 .
1813 1992 1822 2010 .
1852 1996 1859 2010 .
1889 1995 1896 2010 .
1925 1995 1933 2010 .
1958 1948 1994 2011 et
2017 1944 2120 2012 daret
2138 1943 2170 2010 ei

321 2097 463 2164 firmum
486 2097 657 2184 seriptum
684 2099 905 2186 morgincap,
929 2101 965 2165 et
988 2095 1146 2184 quietam
1168 2099 1204 2164 et
1226 2096 1415 2184 pacificam
1439 2096 1551 2164 vitam
1568 2114 1612 2165 ea
1628 2096 1764 2183 bibere,
1779 2100 1816 2164 et
1839 2098 1928 2164 bene
1960 2115 2039 2166 eam
2063 2097 2170 2164 abere

319 2255 355 2320 et
379 2251 493 2321 colere
516 2251 711 2320 secundum
734 2271 836 2321 suam
860 2250 1132 2340 possivilitatem
1158 2300 1457 2319 .........
1484 2253 1517 2320 ei
1541 2269 1613 2318 non
1637 2252 1753 2321 iacere
1776 2251 1951 2338 siquidem
1976 2251 2108 2319 iniuste
2133 2251 2170 2322 ei

319 2407 438 2475 facere
461 2407 692 2492 presumserit
711 2455 1092 2475 ............
1119 2407 1266 2474 anobis
1289 2405 1342 2474 vel
1368 2427 1390 2475 a
1413 2407 1546 2474 nostris
1568 2405 1760 2474 heredibus
1784 2403 1947 2492 pulsatus
1971 2405 2081 2474 suerit
2105 2423 2169 2473 seu

318 2561 364 2629 da
390 2610 695 2630 .........
723 2562 865 2630 brebem
890 2563 957 2630 iste
981 2562 1019 2628 in
1043 2577 1189 2630 manum
1213 2560 1376 2648 paruerit
1399 2565 1435 2628 et
1458 2557 1648 2647 evangelia
1671 2577 1761 2646 para
1789 2608 2163 2628 ...........

321 2763 590 2784 ........
616 2715 725 2784 luerit
748 2715 878 2784 exinde
902 2733 1011 2784 ausus
1033 2715 1134 2781 nobis
1160 2714 1281 2782 iurare
1305 2733 1385 2780 curn
1409 2716 1483 2781 suis
1507 2715 1750 2799 parentibus.
1781 2765 1788 2778 .
1818 2765 1825 2779 .
1854 2764 1861 2780 .
1891 2765 1899 2780 .
1927 2765 1934 2780 .
1963 2762 1970 2778 .
2001 2765 2008 2780 .
2034 2732 2172 2802 compo-

324 2891 411 2940 nere
434 2873 610 2960 obligavit
634 2871 764 2960 biginti
790 2872 873 2941 auri
899 2870 1002 2938 solidi
1027 2869 1245 2938 constantini
1269 2868 1365 2937 etin
1390 2875 1499 2936 antea
1523 2888 1586 2954 per
1610 2866 1737 2936 inbitis
1753 2915 2095 2940 ..........
2120 2873 2168 2938 si-

323 3030 383 3092 cut
406 3027 539 3094 dictum
563 3031 645 3114 est3
669 3028 821 3114 pignera
845 3044 928 3094 vero
952 3045 1020 3112 que
1043 3024 1173 3093 exinde
1196 3023 1387 3110 pignerata
1414 3070 1979 3092 ................
2017 3027 2170 3096 iustitia.

323 3179 390 3246 Seu
415 3182 451 3245 et
474 3197 537 3264 per
561 3177 639 3264 ipsa
662 3179 798 3264 guadia
820 3176 996 3264 obligavit
1013 3194 1064 3263 se,
1082 3180 1121 3243 ut
1143 3175 1175 3241 si
1203 3221 1578 3242 ...........
1603 3178 1639 3242 et
1662 3174 1823 3261 predicta
1845 3193 1964 3244 sorore
1981 3181 2103 3246 nostra
2118 3179 2171 3246 bi-

322 3338 427 3404 bente
452 3354 533 3403 eum
559 3335 725 3404 desuntas
748 3333 858 3403 suerit
881 3337 916 3403 et
938 3333 1052 3401 lilium
1077 3331 1131 3399 vel
1147 3329 1259 3400 filiam
1275 3347 1347 3398 non
1365 3329 1564 3417 reliquerit,
1583 3333 1758 3417 quantum
1775 3332 1849 3400 illis
1863 3332 1988 3402 diebus
2004 3333 2047 3402 de
2063 3354 2172 3404 causa

319 3507 385 3558 sua
408 3506 484 3556 esse
508 3489 671 3574 paruerit
694 3487 756 3572 qui
780 3503 842 3573 per
865 3503 945 3553 eam
968 3502 1038 3552 non
1062 3484 1172 3550 suerit
1197 3531 1499 3550 .........
1525 3483 1649 3553 datum
1665 3485 1720 3553 vel
1739 3484 1949 3573 iudicatum,
1974 3489 2088 3555 totum
2113 3507 2170 3555 re-

319 3643 437 3710 bertat
453 3645 490 3708 at
506 3645 665 3710 nostram
692 3644 913 3728 potestatem3
932 3639 1024 3726 quod
1040 3639 1070 3705 si
1087 3637 1169 3706 illut
1184 3636 1285 3704 nobis
1301 3639 1438 3706 retdere
1455 3636 1622 3713 noluerit,
1639 3637 1760 3705 decem
1774 3638 1854 3706 auri
1873 3641 2003 3706 solidos
2026 3659 2169 3728 compo-

315 3811 402 3862 nere
425 3793 528 3861 nobis
551 3811 588 3860 se
611 3793 794 3880 obligavit.
821 3793 1002 3880 Simulque
1025 3797 1061 3890 et
1084 3810 1147 3878 per
1170 3791 1248 3876 ipsa
1272 3788 1407 3886 guadia
1430 3789 1605 3876 obligavit
1628 3806 1679 3876 se,
1704 3794 1744 3858 ut
1768 3790 1797 3857 si
1823 3792 2066 3860 eminentibus
2090 3815 2172 3880 pec-

319 3955 439 4052 catum
462 3951 499 4015 et
522 3947 682 4034 predicta
705 3965 825 4014 sorore
848 3949 971 4013 nostra
986 3948 1073 4030 aput
1090 3943 1192 4010 illum
1209 3943 1304 4011 foras
1322 3941 1467 4012 civitate
1483 3943 1538 4011 vel
1563 3945 1682 4012 castro
1705 3944 1748 4012 de
1764 3963 1833 4030 quo
1849 3946 2029 4015 abitantes
2053 3948 2167 4018 suerit

322 4107 358 4172 et
380 4122 444 4189 per
468 4103 727 4190 qualecumque
751 4098 983 4188 generatione
1006 4097 1199 4190 depredata
1221 4097 1329 4208 suerit
1351 4101 1387 4164 et
1411 4097 1482 4166 ista
1508 4148 1956 4171 .............
1982 4105 2166 4176 fueritin.

318 4260 428 4326 benta
454 4261 626 4343 quantum
650 4253 805 4342 pretium
829 4271 893 4320 nos
917 4253 970 4318 vel
999 4299 1739 4318 .....................
1766 4257 1868 4338 parte
1890 4255 2035 4324 tertiam
2067 4263 2168 4344 parte

320 4409 380 4478 ille
403 4428 487 4478 vero
510 4431 532 4479 a
554 4428 619 4478 sua
642 4414 742 4496 parte
768 4453 1402 4475 ..................
1429 4405 1590 4474 maxima
1613 4411 1796 4476 certamen
1820 4413 1856 4476 et
1870 4409 2105 4495 inquisitione
2122 4419 2161 4481 at

321 4611 958 4635 ..................
977 4563 1007 4630 si
1023 4581 1102 4631 eam
1126 4561 1289 4631 inbenire
1312 4566 1348 4631 et
1370 4581 1487 4631 emere
1509 4564 1679 4649 noluerit,
1703 4563 1823 4632 decem
1847 4567 1929 4634 auri
1951 4566 2054 4634 solidi
2079 4585 2161 4634 con-

317 4720 468 4792 stantini
489 4767 792 4788 .........
818 4724 854 4788 et
877 4720 907 4786 si
931 4719 1052 4788 taliter
1075 4718 1196 4786 omnia
1219 4714 1463 4803 suprascripta
1486 4716 1589 4782 nobis
1612 4733 1684 4783 non
1707 4717 1946 4803 adinpleberit
1969 4723 2005 4788 et
2028 4720 2163 4808 aliquit

195 4877 196 4880 ’
314 4875 396 4943 inde
420 4874 694 4960 contradixerit,
719 4891 781 4960 per
806 4873 881 4958 ipsa
904 4871 1037 4959 guadia
1060 4869 1232 4957 obligavit
1248 4888 1285 4937 se
1306 4886 1513 4956 componere
1537 4870 1638 4937 nobis
1663 4847 1866 4956 nostrisque
1891 4871 2096 4960 heredibus,
2121 4881 2156 4943 et

313 5031 372 5101 cui
396 5032 539 5098 brebem
563 5030 669 5096 istum
687 5028 725 5095 in
743 5045 888 5096 manum
911 5024 1084 5113 paruerit,
1111 5025 1239 5113 biginti
1259 5025 1338 5095 auri
1357 5025 1458 5094 solidi
1476 5026 1697 5094 constantini
1715 5031 1750 5093 et
1763 5025 1883 5094 omnia
1907 5031 2157 5116 suprascripta

315 5185 418 5254 nobis
441 5183 636 5272 adimplere
662 5231 882 5251 .......
908 5180 950 5250 de
974 5175 1095 5248 omnes
1119 5181 1361 5268 suprascripte
1383 5177 1530 5268 guadia,
1556 5177 1647 5264 quod
1671 5183 1774 5250 nobis
1791 5181 1867 5268 ipse
1884 5183 2058 5251 iohannes
2082 5184 2163 5253 dedi

316 5338 548 5408 mediatorem
572 5337 674 5404 nobis
696 5337 795 5423 posui
819 5335 948 5404 achino
971 5333 1044 5399 filio
1066 5331 1254 5419 grimoaldi
1278 5338 1314 5400 et
1319 5379 1514 5400 ......
1534 5334 1708 5419 presbiter
1732 5333 1829 5401 filius
1854 5336 1979 5403 amati.
1999 5336 2044 5402 Et
2067 5339 2164 5406 hunc

319 5494 461 5561 brebem
485 5491 610 5578 scripsi
636 5509 700 5579 ego
724 5489 907 5576 iaquintus
932 5488 1104 5556 notarius
1225 5483 1233 5496 '

357 5619 388 5736 †
413 5650 488 5737 Ego
512 5646 674 5718 lanfredo
697 5645 872 5732 presbiter

356 5777 387 5892 †
412 5807 486 5892 Ego
509 5804 594 5870 sico.
