5466 7106
1002 563 1453 640 lllPLOMATlCUS
2029 569 2102 638 'litt

302 793 386 881 leri,
410 791 474 879 qui
497 790 575 878 ipso
597 789 815 858 monasterio
837 791 1039 859 construxit
1061 806 1124 877 per
1148 808 1188 859 as
1210 789 1294 856 finis
1311 795 1347 858 et
1361 807 1560 860 mensuras:
1585 789 1628 858 de
1652 809 1698 860 ex
1721 789 1819 860 omni
1834 793 1936 879 parte
1952 791 2024 860 fine
2041 791 2153 879 ipsius

304 941 544 1014 monasterii:
570 943 617 1012 ab
639 941 822 1010 occidente
844 945 930 1009 sunt
955 939 1038 1010 inde
1062 941 1158 1028 passi
1182 941 1313 1030 viginti
1338 945 1440 1011 tres:
1466 963 1488 1012 a
1512 943 1763 1031 septemtrione
1796 944 1868 1014 fine
1897 943 2012 1012 medio
2047 943 2154 1014 dubio

304 1097 477 1166 salterum
498 1143 509 1183 ,
532 1097 619 1163 sunt
639 1093 722 1164 inde
745 1093 843 1182 passi
865 1091 1086 1179 octuaginta:
1115 1095 1161 1162 ab
1184 1093 1320 1164 oriente
1344 1093 1508 1164 similiter
1531 1095 1646 1167 medio
1668 1095 1774 1164 liubio
1797 1095 1933 1184 salter,
1958 1100 2044 1166 sunt
2067 1096 2152 1166 inde

299 1247 394 1337 passi
417 1249 538 1318 decem
561 1251 598 1317 et
621 1249 724 1316 nobe:
750 1266 773 1316 a
796 1264 881 1334 pars
904 1245 1054 1316 meridie
1079 1251 1116 1316 et
1139 1246 1404 1334 coniungentes
1426 1265 1464 1316 sc
1480 1247 1525 1318 ad
1544 1248 1621 1336 ipsa
1644 1249 1814 1320 iamdicta
1836 1249 1959 1338 priora
1983 1249 2055 1318 fine
2069 1253 2155 1318 sunt

306 1402 395 1470 inde
418 1401 516 1491 passi
540 1400 753 1488 octuaginta
776 1397 968 1486 quadtuor.
993 1398 1071 1485 Ipsa
1094 1397 1169 1468 alia
1183 1399 1387 1486 supradicta
1404 1402 1519 1490 pecie,
1536 1421 1605 1489 que
1620 1402 1752 1472 dicitur
1775 1403 1821 1472 da
1845 1401 1990 1489 turellu,
2015 1404 2068 1470 est
2091 1419 2155 1488 per

306 1574 348 1626 as
372 1555 464 1624 lines
486 1557 523 1623 et
546 1569 747 1624 mensuras:
773 1553 819 1620 ab
840 1551 978 1620 oriente
1002 1551 1073 1618 line
1096 1552 1157 1619 via
1179 1550 1335 1640 pulbica,
1359 1559 1443 1624 sunt
1467 1555 1550 1624 inde
1573 1555 1669 1643 passi
1692 1555 1821 1644 viginti
1838 1561 1947 1642 septe:
1963 1575 1985 1624 a
2002 1554 2153 1624 meridie

307 1711 379 1778 flue
401 1707 521 1778 media
545 1715 656 1795 sepe,
680 1711 765 1776 sunt
789 1705 872 1773 inde
896 1703 993 1792 passi
1016 1703 1209 1792 sexaginta
1233 1721 1297 1772 sex
1320 1709 1356 1773 et
1379 1705 1555 1774 medium:
1582 1709 1627 1776 ab
1664 1706 1845 1775 occidente
1878 1706 2045 1775 similiter
2080 1707 2152 1776 fine
2226 1715 2238 1726 “

310 1860 430 1930 media
453 1879 548 1948 sepe,
572 1863 656 1928 sunt
677 1857 761 1926 inde
785 1857 879 1944 passi
905 1858 1024 1926 decem
1049 1861 1084 1924 et
1106 1859 1223 1923 nobe:
1250 1875 1272 1924 a
1295 1875 1378 1942 pars
1400 1857 1664 1942 septemtrionis
1686 1861 1722 1926 et
1743 1857 2022 1945 coniuncgentes
2046 1875 2083 1925 se
2106 1856 2155 1925 ad

312 2017 392 2103 ipsa
415 2011 588 2082 iamdicta
611 2010 733 2099 priora
756 2011 827 2078 tine
848 2059 858 2097 ,
882 2013 967 2078 sunt
990 2008 1073 2077 inde
1097 2009 1192 2095 passi
1216 2009 1410 2096 sexaginta
1433 2012 1564 2098 hecto,
1588 2015 1661 2080 tote
1684 2009 1887 2098 supradicte
1910 2009 2089 2079 mensurio
2112 2011 2159 2080 ad

311 2168 404 2236 iusto
427 2183 569 2254 passum
593 2163 744 2232 homini.
762 2164 810 2231 De
828 2163 876 2229 Eo
894 2179 977 2229 vero
999 2159 1205 2247 supradicte
1220 2162 1319 2248 pecie
1336 2161 1554 2248 pertinentes
1570 2161 1683 2250 ipsius
1699 2160 1920 2247 monasterii,
1937 2181 2019 2228 curn
2035 2162 2157 2230 omnia

312 2323 409 2391 intro
431 2339 470 2391 se
493 2321 684 2390 albentibus
706 2321 743 2386 et
766 2315 841 2384 suis
863 2314 1109 2402 pertinentiis,
1132 2331 1199 2402 ego
1223 2313 1335 2402 ipsius
1359 2313 1471 2384 amati
1489 2315 1535 2384 ad
1550 2315 1744 2385 tenendum
1766 2319 1802 2383 et
1825 2313 2061 2384 laborandum
2086 2319 2161 2384 tra-

313 2477 405 2548 didit
430 2475 469 2543 in
491 2491 532 2542 oc
555 2471 766 2557 hordinem,
795 2472 836 2536 ut
858 2467 984 2537 amodo
1007 2471 1043 2536 et
1066 2485 1203 2553 semper
1226 2469 1301 2535 tota
1324 2470 1360 2534 et
1384 2465 1511 2536 inclita
1534 2465 1740 2552 supradicta
1763 2465 1931 2534 tradictio
1959 2467 2006 2536 ad
2033 2481 2160 2537 suaet

314 2635 357 2702 de
380 2632 456 2700 suis
478 2628 645 2700 eredibus
668 2626 742 2693 sint
765 2623 949 2712 potestatis
974 2621 1195 2707 tenendum,
1219 2620 1503 2709 dominandum,
1527 2625 1564 2690 et
1587 2621 1685 2689 sovee
1709 2625 1744 2690 et
1766 2621 1881 2689 omnis
1904 2640 1966 2689 sue
1990 2621 2162 2691 utilitatis

314 2790 410 2856 iusta
432 2783 572 2853 ratione
596 2779 727 2847 ibidem
752 2777 885 2861 lacere,
908 2778 945 2842 et
970 2771 1101 2840 ibidem
1126 2772 1282 2841 residere
1306 2777 1341 2841 et
1365 2775 1519 2861 avitare,
1534 2779 1571 2842 et
1593 2773 1736 2842 cludere
1758 2780 1794 2842 et
1817 2775 1955 2841 clusum
1979 2777 2100 2859 abere,
2125 2781 2161 2842 et

315 2947 387 3012 tota
411 2933 617 3026 supradicta
640 2930 825 3014 tradictio,
849 2947 918 3014 que
941 2931 995 2996 est
1017 2930 1118 2995 terra
1141 2944 1222 2994 cum
1245 2927 1424 3011 arbustiS,
1448 2926 1649 3014 peremnis
1672 2944 1806 2996 annum
1829 2931 1912 3014 apto
1936 2931 2094 3014 tempore
2120 2925 2163 2994 de

314 3112 420 3182 super
443 3095 479 3161 et
502 3089 547 3159 de
569 3090 696 3156 subtus
718 3084 802 3153 illut
825 3081 990 3151 laborare
1007 3084 1043 3148 et
1059 3097 1207 3167 operare
1222 3082 1258 3147 et
1286 3080 1425 3148 cultare
1447 3080 1591 3165 bonum,
1616 3082 1665 3166 et,
1690 3077 1750 3146 ubi
1764 3079 1948 3166 meruerit,
1965 3082 2112 3148 arbores
2128 3081 2164 3146 el

316 3249 407 3317 vites
430 3243 560 3314 ibidem
583 3239 767 3328 plantare,
791 3239 827 3304 et
850 3233 1103 3321 propaginare,
1122 3235 1157 3299 et
1173 3230 1347 3318 studiare,
1365 3235 1402 3298 et
1416 3247 1564 3318 surgere
1588 3229 1683 3318 illut,
1707 3231 1801 3298 sicut
1825 3233 1997 3300 meruerit
2013 3249 2088 3300 esse
2106 3233 2165 3297 bo-

315 3419 403 3469 num
426 3398 612 3469 arbustum
636 3394 676 3461 in
700 3391 776 3478 ipso
801 3389 929 3476 locum,
954 3391 993 3456 ut
1017 3384 1221 3474 peremnis
1245 3401 1381 3454 annum
1405 3385 1602 3470 perfectum
1625 3386 1752 3469 pareat
1776 3381 1978 3452 laboratum
2001 3387 2037 3451 et
2052 3383 2166 3452 culta·

313 3561 404 3639 tum,
429 3555 607 3640 quatenus
630 3548 820 3636 proficient
842 3548 878 3613 et
901 3561 974 3610 non
997 3540 1213 3626 dispereant,
1231 3539 1267 3604 el
1283 3536 1420 3605 salbum
1438 3532 1519 3604 illut
1534 3534 1682 3622 iaciant,
1699 3534 1794 3603 sicut
1817 3537 2000 3605 meruerit.
2027 3537 2071 3605 lit
2100 3556 2165 3623 per

315 3708 433 3777 omnis
457 3724 593 3775 annum
617 3721 681 3790 per
704 3700 885 3769 vindemie
907 3715 971 3783 per
995 3699 1078 3780 apto
1102 3697 1260 3778 tempore
1283 3688 1419 3759 faciant
1443 3689 1535 3756 scire
1559 3705 1622 3754 nos
1645 3692 1681 3757 et
1715 3706 1933 3757 successores
1955 3693 2093 3757 nostros
2120 3697 2160 3757 ut

315 3861 446 3931 ibidem
469 3859 672 3947 dirigamus
696 3853 842 3920 missum
866 3853 1039 3931 nostrum,
1064 3849 1100 3913 et
1122 3843 1183 3910 ille
1206 3846 1242 3911 el
1266 3841 1341 3910 eius
1364 3838 1486 3908 eredes
1510 3842 1585 3909 tota
1608 3838 1815 3926 supradicta
1839 3841 2010 3910 tradictio
2040 3841 2167 3910 vinde-

313 4015 430 4086 miare
445 4012 542 4084 etad
557 4010 777 4099 palmentum
794 4019 999 4092 procurare,
1016 4003 1053 4068 et
1069 4015 1184 4085 poma,
1201 3994 1232 4062 si
1249 3993 1405 4079 abuerit,
1422 3992 1589 4080 colligere
1604 3995 1641 4061 et
1656 4011 1721 4080 per
1736 3993 1961 4064 medietatem
1976 3992 2156 4064 dividant:

315 4171 390 4258 ipso
415 4166 562 4235 missum
586 4161 737 4252 predicti
762 4154 972 4227 monasterii
995 4151 1123 4222 tollant
1147 4147 1229 4216 iude
1252 4147 1294 4216 de
1318 4145 1394 4234 ipso
1416 4144 1501 4212 vino
1524 4148 1561 4212 et
1585 4160 1690 4231 poma
1714 4144 1952 4224 medietatem,
1981 4151 2018 4217 et
2039 4147 2101 4217 ille
2124 4154 2161 4218 et

314 4321 391 4392 suis
413 4319 580 4389 eredibus
603 4315 742 4404 reliqua
764 4312 966 4395 medietate3
984 4310 1020 4375 et
1036 4307 1112 4390 ipso
1135 4301 1284 4370 missum
1310 4303 1487 4385 nostrum,
1510 4297 1564 4366 vel
1590 4316 1676 4385 pars
1699 4297 1812 4386 ipsius
1834 4303 2042 4370 monasterii
2068 4303 2164 4373 adsi·

313 4480 445 4565 gnaret
466 4473 501 4544 ei
524 4443 720 4559 organeum
745 4469 875 4534 bonum
898 4461 944 4530 da
968 4460 1091 4525 vinum
1116 4454 1235 4544 ibique
1260 4453 1306 4523 ad
1330 4452 1477 4523 cellario
1501 4469 1577 4538 suo,
1603 4457 1639 4521 et
1663 4451 1739 4538 ipso
1761 4455 1983 4539 borganeum
1999 4475 2062 4542 per
2080 4455 2165 4526 illut

313 4637 350 4700 et
371 4649 435 4719 per
459 4627 534 4696 suis
556 4623 721 4694 eredibus
736 4620 833 4688 siant
848 4618 980 4685 bonum
997 4610 1213 4696 conciatum,
1227 4611 1263 4678 et
1278 4608 1489 4691 studiatum,
1507 4609 1543 4673 et
1560 4605 1766 4692 repositum,
1792 4607 1886 4675 sicut
1909 4611 2098 4679 meruerit.
2115 4612 2164 4679 Et

313 4789 390 4854 tota
414 4784 492 4870 ipsa
515 4779 671 4847 sortione
695 4775 738 4843 de
762 4774 838 4859 ipso
862 4769 961 4853 vino,
989 4763 1082 4852 quod
1106 4766 1161 4831 est
1184 4759 1355 4832 medietas
1380 4767 1416 4829 et
1438 4778 1557 4846 poma,
1580 4759 1673 4846 quod
1702 4777 1787 4846 pars
1822 4759 1934 4846 ipsius
1958 4765 2165 4833 monasterii

315 4936 494 5021 evenerit,
518 4932 579 5000 ille
601 4927 656 4998 vel
681 4925 759 4994 eius
781 4921 904 4992 eredes
928 4915 1069 4986 salbum
1091 4931 1152 4982 eos
1174 4917 1334 5000 portaret
1358 4930 1473 4997 usque
1507 4911 1552 4980 ad
1588 4911 1666 4997 ipso
1688 4909 1858 4980 iamdicto
1892 4911 2104 5002 cellarium,
2133 4919 2168 4982 et

315 5091 446 5159 midtat
468 5088 552 5156 illut
577 5084 675 5152 intus
699 5081 774 5168 ipso
797 5079 1033 5162 borganeum,
1057 5067 1259 5138 laciendum
1282 5065 1412 5134 exinde
1436 5083 1519 5152 pars
1543 5065 1656 5151 ipsius
1691 5065 1899 5132 monasterii
1925 5066 2019 5152 quod
2043 5068 2166 5137 volue-

316 5247 381 5314 rit.
407 5247 452 5312 Et
476 5257 587 5330 usque
610 5238 694 5305 dum
717 5231 925 5306 annualiter
949 5227 1025 5314 ipso
1042 5222 1189 5290 missum
1206 5219 1337 5288 ibidem
1352 5219 1517 5287 steterint
1532 5235 1595 5304 pro
1611 5216 1688 5302 ipsa
1705 5215 1897 5303 vindemia,
1915 5217 1997 5286 illut
2015 5220 2071 5290 vel
2088 5221 2166 5290 eius

317 5399 440 5470 eredes
462 5415 544 5468 eum
567 5391 780 5476 nutricare,
804 5386 896 5453 sicut
918 5383 1055 5450 iustum
1089 5373 1210 5460 fuerit,
1234 5369 1429 5440 secundum
1464 5387 1566 5438 suam
1590 5365 1877 5455 possivilitatem;
1901 5374 1938 5438 et
1964 5375 2168 5456 peremnis

315 5569 452 5624 aunum
474 5548 520 5620 ad
544 5547 620 5636 ipso
643 5544 788 5612 missum
812 5532 1068 5624 palmentatica
1090 5528 1214 5595 demus
1239 5522 1433 5592 secundum
1457 5519 1749 5589 consuetudinem
1772 5519 1815 5589 de
1828 5519 1905 5608 ipso
1922 5523 2052 5612 locum;
2069 5529 2105 5594 et
2122 5527 2165 5597 de

316 5705 411 5794 quod
433 5701 642 5775 annualiter
665 5695 788 5768 amodo
811 5696 848 5760 et
871 5704 1009 5773 semper
1032 5683 1072 5750 in
1095 5679 1256 5788 predicta
1279 5674 1494 5745 tradictione
1517 5669 1788 5760 seminaberint,
1812 5671 1920 5743 deant
1943 5675 2026 5745 inde
2050 5681 2172 5752 terra-

317 5860 430 5927 ticum
452 5857 499 5927 ad
523 5855 599 5944 ipso
622 5852 765 5920 missum
791 5847 911 5930 ibique
937 5841 974 5906 iu
1000 5839 1077 5923 ipsa
1102 5833 1206 5900 rebus
1231 5824 1426 5895 secundum
1450 5818 1742 5891 consuetudinem
1763 5817 1808 5889 de
1824 5822 2045 5920 ipsollocum.
2070 5829 2172 5901 Unde
