5414 7098
605 561 651 632 38
1250 563 1417 638 CODEX
1452 563 1719 636 elvensts

555 795 626 878 est,
651 796 687 860 et
711 793 830 864 lacere
854 794 937 865 inde
960 796 1051 882 quod
1075 797 1240 867 voluerit.
1268 799 1312 866 Et
1334 797 1447 884 stetit,
1472 801 1512 864 ut
1536 795 1566 864 si
1590 813 1676 881 pars
1699 796 1813 882 ipsius
1836 791 1984 861 ecclesie
2008 810 2228 880 quocumque
2252 797 2414 880 tempore

555 944 710 1014 voluerit
733 947 851 1017 lacere
874 949 1044 1020 molinam
1072 950 1111 1017 in
1134 951 1212 1037 ipsa
1228 949 1398 1020 iamdicta
1422 951 1537 1036 curte,
1554 950 1765 1036 potestatem
1781 947 1915 1015 abeant
1938 963 2022 1032 pars
2046 945 2157 1032 ipsius
2181 945 2327 1014 ecclesie
2353 965 2414 1016 ar-

520 1131 522 1136 ·
556 1099 703 1170 caturia
728 1102 812 1171 inde
835 1102 966 1190 ludere,
991 1107 1027 1172 et
1052 1103 1212 1173 sedimen
1236 1107 1272 1172 et
1296 1103 1413 1172 redita
1436 1106 1472 1170 et
1493 1102 1614 1170 omnia
1638 1101 1788 1170 hordine
1811 1099 1855 1169 de
1878 1098 1956 1186 ipsa
1978 1097 2113 1168 molina
2136 1099 2187 1168 ibi
2207 1118 2353 1188 ponere,
2377 1105 2414 1170 et

558 1255 690 1340 lacere,
717 1257 754 1322 et
778 1257 898 1342 abere,
923 1256 1000 1322 sine
1023 1255 1167 1322 illorum
1192 1255 1499 1342 contrarietatem
1524 1257 1560 1322 et
1584 1254 1615 1322 si
1632 1254 1811 1324 voluerint
1835 1252 1908 1322 illis
1925 1254 1963 1322 in
1979 1256 2056 1342 ipsa
2072 1259 2173 1324 curte
2189 1255 2306 1324 iacere
2322 1257 2414 1325 sosa-

555 1423 637 1472 rum
661 1407 706 1476 da
733 1408 847 1476 linum
871 1409 1082 1495 curandum,
1107 1412 1316 1494 potestatem
1342 1411 1487 1496 abeant,
1512 1412 1551 1478 et
1565 1411 1658 1477 iusto
1673 1412 1904 1480 sosaraticum
1920 1410 2003 1478 inde
2019 1409 2123 1478 daret
2140 1410 2179 1477 in
2194 1427 2279 1497 pars
2295 1410 2411 1498 ipsius

555 1535 703 1632 ecclesie
719 1565 912 1632 secuudum
924 1565 1137 1632 consuetudo
1150 1565 1261 1653 ipsius
1277 1564 1373 1634 locis.
1392 1565 1491 1634 Unde
1507 1565 1546 1631 in
1558 1583 1598 1633 eo
1615 1566 1761 1634 hordine
1773 1585 1836 1652 per
1848 1565 2136 1634 conbenientiam
2150 1562 2285 1652 guadio
2303 1565 2411 1631 nobis

559 1719 628 1804 ipsi
644 1721 810 1805 germani
834 1720 1019 1805 dederunt,
1037 1725 1073 1787 et
1088 1719 1319 1787 mediatorem
1343 1720 1445 1787 nobis
1467 1723 1662 1806 posuerunt
1686 1721 1859 1786 iohannes
1875 1715 2038 1786 notarius
2055 1716 2151 1785 filius
2167 1716 2346 1785 benedicti
2364 1719 2410 1786 de

560 1870 675 1939 locum
698 1873 868 1960 malluni,
892 1880 932 1943 ut
955 1874 985 1942 si
1009 1872 1131 1942 taliter
1155 1873 1276 1942 omnia
1300 1873 1544 1959 suprascripta
1567 1872 1640 1940 illis
1663 1877 1698 1940 et
1722 1871 1865 1939 illorum
1888 1872 2009 1940 eredes
2032 1871 2149 1958 nobis,
2182 1871 2237 1940 vel
2262 1873 2301 1939 in
2324 1889 2409 1958 pars

557 2026 670 2110 ipsius
694 2027 841 2096 ecclesie
863 2045 935 2094 non
959 2028 1247 2116 adimpleberint,
1270 2031 1307 2096 et
1330 2028 1460 2114 aliquit
1483 2027 1566 2096 inde
1590 2028 1897 2115 contradixerint,
1921 2047 1985 2114 per
2010 2025 2087 2113 ipsa
2110 2025 2245 2114 guadia
2268 2043 2410 2112 compo-

554 2197 640 2250 nere
665 2180 916 2268 obligaberunt
939 2201 976 2250 se
1000 2183 1069 2270 ipsi
1096 2183 1261 2270 germani
1285 2187 1321 2250 et
1344 2183 1418 2250 suis
1441 2182 1607 2252 eredibus
1630 2181 1756 2269 nobiS,
1779 2183 1835 2250 vel
1859 2183 1898 2250 in
1921 2200 2005 2268 pars
2030 2179 2144 2267 ipsius
2167 2181 2331 2267 ecclesie,
2356 2183 2410 2250 bi-

556 2334 653 2422 ginti
678 2336 759 2405 auri
783 2335 887 2404 solidi
910 2337 1114 2405 costantini.
1141 2341 1402 2406 Verumtamen
1426 2338 1469 2406 de
1492 2337 1567 2425 ipse
1591 2339 1767 2424 abellane,
1792 2357 1861 2424 que
1884 2337 1927 2406 de
1951 2337 2027 2423 ipso
2054 2335 2310 2406 abellanietum
2335 2337 2409 2404 col-

557 2489 726 2576 lexerint,
750 2490 892 2560 tertiam
916 2497 1054 2578 partem
1077 2511 1140 2578 per
1164 2510 1299 2561 annum
1322 2494 1404 2561 indo
1428 2494 1537 2588 deant
1560 2494 1665 2560 secke
1688 2492 1727 2559 in
1743 2510 1828 2578 pars
1843 2489 1955 2578 ipsius
1978 2491 2191 2578 ecclesiast
2213 2491 2282 2560 due
2299 2492 2411 2559 sortis

554 2641 638 2709 inde
661 2641 726 2710 sivi
751 2646 938 2730 haberent,
956 2649 991 2712 et
1014 2644 1166 2714 niratica
1189 2662 1312 2713 eorum
1336 2663 1407 2712 non
1430 2663 1622 2731 queramus
1644 2645 1851 2732 aliquande,
1869 2649 1922 2712 set
1945 2645 2062 2712 securi
2089 2645 2132 2713 de
2158 2646 2235 2732 ipso
2251 2643 2408 2713 niratico

554 2799 665 2864 siant.
692 2798 789 2872 Quod
813 2799 939 2884 scripsi
965 2817 1030 2885 ego
1053 2798 1281 2886 supradictus
1305 2800 1499 2886 myrandus
1522 2799 1699 2870 notarius.

601 2924 631 3039 †
658 2956 733 3042 Ego
757 2953 946 3023 radoaldus
968 2955 1132 3022 notarius
1156 2973 1212 3022 me
1236 2955 1429 3040 subscripsi

603 3080 633 3198 †
659 3129 724 3197 ego
748 3115 869 3198 potrus
892 3129 947 3178 mc
972 3111 1177 3197 subscripsi.

1315 3694 1625 3776 DCCXXX.

1333 3990 1388 4066 A.
1417 3987 1467 4065 D.
1497 3985 1619 4069 1021.
1654 4019 1656 4024 ·

604 4263 706 4405 †ln
730 4313 874 4381 nomine
897 4313 1032 4384 domini
1062 4314 1243 4383 tricesimo
1273 4313 1426 4383 secundo
1456 4330 1552 4382 anno
1585 4312 1810 4400 principatus
1844 4312 1964 4380 domni
1986 4313 2101 4382 nostri
2125 4314 2337 4401 guaimari,
2371 4317 2408 4382 et

554 4472 663 4542 tertio
687 4488 782 4540 anno
805 4469 924 4537 domni
948 4467 1130 4557 guaimari
1154 4470 1229 4537 cius
1252 4468 1339 4554 filio,
1364 4467 1509 4554 gloriosi
1541 4465 1778 4553 principibus,
1806 4483 1926 4534 mense
1948 4466 2166 4555 februarius,
2192 4473 2326 4555 quarta
2351 4469 2410 4536 in-

553 4627 725 4695 dictione.
749 4621 1039 4692 Memoratorium
1063 4621 1160 4690 sactu
1185 4641 1208 4691 a
1231 4639 1287 4690 me
1310 4621 1405 4690 maio
1428 4619 1602 4708 presbiter
1626 4623 1662 4689 et
1685 4621 1796 4689 abbas
1818 4581 1975 4690 ecclesie¹
1990 4621 2108 4691 sancti
2131 4623 2305 4714 maximi,
2338 4642 2408 4694 una

552 4800 692 4852 mecum
719 4785 811 4848 esset
834 4783 955 4866 petrus
978 4795 1093 4846 comes
1117 4773 1213 4843 filius
1235 4774 1413 4864 quondam
1436 4773 1564 4860 allani,
1586 4735 1651 4860 ¹qui
1674 4777 1728 4843 est
1751 4793 1864 4842 unum
1880 4775 1923 4843 de
1937 4775 2135 4844 dominium
2159 4777 2273 4864 ipsius
2297 4779 2410 4846 eccle-

553 4939 618 5016 sie,
643 4956 684 5006 eo
708 4935 800 5024 quod
824 4937 909 5003 ante
932 4929 1124 5018 subscripti
1147 4934 1256 4998 testes
1279 4927 1492 4997 tradidimus
1517 4927 1668 4997 balsami
1684 4927 1727 4996 dc
1742 4933 1822 4998 rota
1838 4929 1912 4997 lilio
1928 4931 2023 5016 petri
2045 4930 2208 5000 derebus
2223 4934 2409 5019 pertinen·

553 5097 626 5161 tem
650 5090 762 5178 ipsius
786 5087 933 5158 ecclesie
955 5086 994 5154 in
1019 5086 1134 5153 locum
1157 5089 1261 5172 rota,
1286 5085 1348 5152 ubi
1371 5082 1581 5172 pulbicianu
1604 5083 1782 5166 bocatur,
1813 5080 1826 5147 i
1850 5087 1934 5151 suut
1956 5083 2055 5170 pecie
2078 5084 2147 5153 due
2170 5085 2339 5153 coniunte
2362 5104 2410 5154 ex

552 5243 651 5310 omni
677 5246 777 5329 parte
802 5241 847 5310 ad
870 5241 942 5310 line
965 5241 1079 5328 ipsius
1101 5237 1272 5324 ecclesie3
1297 5255 1371 5305 una
1394 5255 1440 5304 ex
1463 5237 1539 5323 ipse
1562 5256 1644 5304 cum
1667 5236 1920 5309 abellanietum
1950 5257 2012 5326 per
2036 5239 2246 5310 mensuria:
2280 5258 2304 5308 a
2329 5257 2412 5326 pars

552 5397 751 5466 occidentis
766 5398 863 5485 passi
878 5397 1092 5484 sexaginta:
1118 5411 1238 5482 apars
1260 5389 1525 5477 septemtrionis
1548 5390 1642 5477 passi
1668 5395 1900 5482 septuaginta
1923 5394 2106 5480 quinque:
2138 5413 2160 5462 a
2183 5413 2267 5482 pars
2291 5397 2412 5464 orien-

553 5554 600 5622 tis
623 5554 719 5642 passi
743 5553 996 5641 quadraginta:
1023 5573 1046 5621 a
1068 5569 1153 5638 pars
1176 5547 1339 5634 meridie,
1363 5547 1456 5614 sicut
1481 5547 1540 5614 bia
1561 5545 1747 5634 discernit,
1771 5550 1866 5635 passi
1884 5549 2084 5636 nonaginta
2101 5549 2185 5638 duo;
2203 5549 2276 5622 alia
2292 5555 2410 5639 pecie,

553 5709 618 5795 qui
636 5715 689 5778 est
704 5707 955 5794 castanietum,
981 5711 1017 5776 ct
1040 5706 1273 5792 rubulietum,
1298 5707 1334 5772 et
1358 5701 1559 5791 insitetum,
1583 5707 1619 5773 et
1642 5705 1807 5792 baouum,
1831 5707 1945 5775 totum
1970 5707 2136 5776 inunum
2161 5729 2224 5798 per
2248 5725 2289 5778 ec
2313 5727 2412 5779 men-

539 5881 683 5946 suras:
709 5883 732 5932 a
756 5881 840 5950 pars
863 5860 1055 5939 occidentis
1079 5857 1175 5947 passi
1199 5860 1441 5948 quadraginta
1464 5863 1636 5946 quatuor:
1668 5880 1691 5928 a
1715 5879 1799 5948 pars
1823 5861 1970 5944 meridie
1987 5867 2090 5951 quasi
2117 5866 2156 5933 in
2173 5865 2287 5935 oblico
2311 5887 2411 5938 men-
