5306 7140
635 573 683 646 56,
1286 566 1459 640 GODEX
1493 569 1758 643 caqusls

587 797 720 870 militer
752 805 840 867 non
860 797 993 868 siamus
1027 796 1110 868 inde
1143 795 1361 885 culpabiles3
1396 799 1432 864 et
1454 794 1485 862 si
1513 813 1536 863 a
1558 797 1652 864 foras
1675 794 1755 882 ipsa
1777 813 1964 865 mensuras
1986 799 2177 883 pastenare
2212 803 2437 885 potuerimus

587 951 709 1038 ibique
733 951 968 1038 contuntum,
991 952 1199 1038 potestatem
1229 951 1425 1036 abeamus,
1457 951 1492 1015 et
1515 951 1699 1034 operatum
1722 947 1804 1015 illut
1826 950 1998 1017 abeamus
2021 949 2061 1017 in
2085 950 2162 1037 ipso
2186 952 2437 1042 constitutum,

588 1104 683 1174 sicut
706 1107 741 1172 ct
764 1104 840 1190 ipso
863 1103 954 1172 aliut
974 1105 1011 1170 et
1034 1101 1109 1189 ipsc
1133 1102 1276 1187 quercie
1305 1101 1368 1187 qui
1391 1099 1441 1168 ibi
1466 1103 1574 1190 sunt,
1613 1103 1824 1187 potestatem
1854 1105 2025 1170 abeamus
2060 1121 2234 1192 spurgare
2270 1107 2308 1173 et
2345 1105 2436 1176 vites

587 1259 639 1328 ibi
676 1261 811 1329 iactare
834 1258 877 1327 de
899 1259 990 1324 bono
1012 1255 1140 1323 vitinio
1164 1259 1201 1323 et
1223 1274 1288 1342 pro
1321 1259 1508 1327 arbustum
1540 1257 1621 1327 illas
1644 1276 1782 1344 semper
1817 1258 1868 1327 ibi
1892 1260 2028 1346 aberet3
2052 1262 2088 1327 et
2110 1260 2183 1328 iam
2207 1261 2254 1331 da
2276 1262 2348 1350 ipsi
2371 1263 2436 1330 tri-

586 1413 701 1483 decim
723 1413 811 1482 anni
846 1411 885 1478 in
910 1414 1016 1480 antea
1050 1409 1146 1478 omni
1171 1411 1327 1496 tempore
1351 1409 1431 1497 ipsa
1453 1411 1559 1480 vinea
1582 1411 1635 1479 vel
1659 1412 1846 1480 arbustum
1868 1430 1954 1497 quos
1977 1411 2028 1479 ibi
2053 1396 2267 1502 fecerimus,
2291 1414 2435 1501 quando

585 1569 779 1655 meruerit,
810 1567 1009 1636 lavoremus
1032 1570 1068 1634 et
1090 1565 1287 1634 studiemus
1320 1567 1355 1632 et
1385 1564 1557 1632 cultemus
1589 1565 1632 1633 de
1667 1583 1773 1652 super
1807 1570 1843 1634 et
1877 1565 1920 1633 de
1955 1567 2091 1652 supter,
2119 1565 2212 1635 sicut
2235 1567 2333 1634 loeus
2358 1571 2431 1656 ipse

584 1725 781 1812 meruerit,
816 1728 856 1792 ut
877 1703 967 1791 bene
990 1722 1124 1810 paread
1147 1722 1370 1806 lavoratum,
1402 1726 1439 1787 et
1461 1737 1598 1806 semper
1623 1720 1661 1786 in
1692 1719 1819 1787 melius
1850 1719 2022 1818 proficiad
2044 1723 2080 1786 et
2115 1737 2187 1786 non
2216 1720 2434 1811 dispereas,

584 1883 618 1945 ct
652 1897 776 1948 curam
798 1882 835 1946 et
857 1877 1105 1964 vigilationem
1130 1876 1212 1944 inde
1247 1875 1417 1942 abeamus
1431 1923 1441 1959 ,
1477 1877 1513 1940 et
1534 1873 1674 1942 salbum
1696 1871 1778 1939 illut
1802 1831 1978 1940 faciamus
2002 1873 2099 1942 iusta
2121 1872 2313 1962 rationem
2338 1880 2374 1946 et
2406 1897 2437 1954 a⁴

583 2051 652 2120 quo
681 2031 803 2098 vinum
828 2035 863 2099 et
885 2049 990 2117 poma
1013 2031 1095 2099 inde
1119 2029 1264 2116 exierit,
1287 2033 1373 2096 tunc
1396 2028 1519 2095 amodo
1543 2031 1578 2096 et
1600 2045 1738 2115 semper
1761 2029 1967 2097 annualiter
1991 2031 2065 2098 suis
2088 2033 2309 2118 temporibus
2334 2035 2429 2104 scire

582 2187 756 2258 faciamus
788 2188 906 2273 ipsum
928 2187 1120 2270 abbatem,
1144 2183 1200 2250 vel
1224 2200 1308 2268 pars
1332 2181 1443 2269 ipsius
1464 2181 1639 2266 ecclesie,
1672 2183 1713 2248 ut
1736 2182 1868 2248 ibidem
1892 2182 2036 2270 dirigad
2059 2185 2208 2272 missum
2243 2207 2368 2276 suum,
2394 2195 2429 2260 et

584 2360 648 2409 nos
671 2341 778 2410 vinea
802 2331 858 2409 vel
881 2342 1067 2410 arbustum
1092 2339 1208 2424 ipsum
1231 2336 1502 2421 vindemiemus
1529 2339 1566 2403 ct
1588 2336 1714 2402 vinum
1738 2335 1855 2422 ipsum
1882 2337 2003 2423 ibique
2029 2338 2075 2406 ad
2106 2339 2327 2426 pulmentum
2351 2361 2429 2430 pro·

583 2514 778 2581 curemus,
802 2499 838 2563 et
861 2513 966 2581 poma
1000 2493 1125 2560 exinde
1148 2490 1381 2579 colligamus,
1416 2493 1451 2558 et
1473 2487 1587 2556 omnis
1610 2489 1734 2556 vinum
1757 2493 1793 2558 et
1816 2510 1920 2577 poma
1943 2510 2051 2578 quam
2075 2491 2159 2560 inde
2182 2493 2339 2582 exierit,
2364 2495 2432 2563 ibi·

580 2668 649 2737 que
669 2651 764 2718 inter
788 2667 851 2716 nos
875 2647 1096 2715 dividamus:
1114 2644 1261 2712 missum
1286 2644 1396 2731 ipsius
1419 2643 1565 2713 ecclesie
1587 2633 1695 2714 tol‘lad
1719 2645 1807 2712 illud
1830 2645 1975 2714 tertiam
1997 2666 2095 2734 pam,
2112 2650 2148 2716 et
2171 2665 2236 2735 ego
2260 2647 2317 2716 vel
2345 2648 2429 2717 meis

579 2804 772 2872 heredibus
796 2801 864 2870 due
888 2801 1020 2887 sortis,
1046 2797 1362 2885 faciendumquod
1385 2799 1628 2886 voluerimuS,
1651 2800 1752 2868 etde
1776 2800 1844 2868 isto
1868 2800 2010 2868 illorum
2034 2802 2157 2868 vinum
2182 2803 2424 2888 reponendum

579 2960 616 3026 et
639 2958 681 3026 de
706 2957 964 3044 palmentatica
987 2961 1022 3024 et
1045 2957 1088 3023 dc
1111 2954 1342 3023 nutriendum
1366 2956 1441 3041 ipso
1463 2953 1611 3022 missum
1635 2954 1685 3022 sic
1709 2953 1968 3041 adimpleamus
1997 2953 2037 3020 in
2073 2975 2156 3042 pars
2180 2957 2293 3043 ipsius
2315 2959 2430 3028 eccle·

579 3111 659 3199 sie,
689 3112 782 3179 sicut
804 3129 914 3197 supra
943 3109 1124 3195 diximus3
1155 3110 1198 3177 de
1227 3109 1319 3195 quod
1342 3113 1461 3178 autern
1484 3129 1548 3196 per
1571 3129 1707 3178 annum
1730 3110 1780 3178 ibi
1804 3111 2101 3178 seminaberimus
2124 3110 2171 3179 da
2201 3112 2270 3178 isto
2293 3115 2424 3180 nobum

579 3267 617 3333 in
654 3271 762 3336 antea
780 3315 790 3354 ‚
825 3270 937 3333 toturn
962 3266 1044 3333 illut
1067 3265 1169 3332 nobis
1193 3265 1363 3334 abeamus
1382 3259 1557 3352 ,tantum
1580 3264 1791 3332 terraticum
1815 3262 1934 3351 ibique
1957 3264 2040 3332 inde
2064 3264 2188 3332 demus
2224 3264 2269 3334 ad
2304 3285 2429 3335 aream

581 3418 626 3488 ad
650 3419 797 3488 missum
821 3419 934 3505 ipsius
957 3417 1103 3486 ecclesie
1126 3419 1319 3486 secundum
1344 3418 1559 3486 consuetudo
1584 3417 1695 3505 ipsius
1711 3417 1813 3485 locis.
1830 3419 1927 3485 Unde
1959 3420 1998 3485 in
2022 3437 2062 3486 eo
2084 3418 2235 3486 hordine
2258 3438 2321 3505 per
2345 3439 2428 3488 con-

580 3574 801 3643 benientiam
825 3572 960 3661 guadia
983 3570 1073 3638 mihi
1098 3572 1173 3657 ipse
1196 3572 1309 3640 abbas
1331 3571 1450 3658 dedit,
1475 3589 1548 3640 una
1572 3590 1651 3638 cum
1675 3589 1715 3639 eo
1738 3572 1878 3640 adesset
1905 3571 1980 3660 ipse
2016 3591 2119 3638 suum
2153 3571 2426 3661 advocatorem,

579 3729 616 3795 et
639 3725 869 3796 mediatorem
905 3725 995 3793 mihi
1030 3726 1148 3812 posuit
1182 3724 1383 3792 romoaldus
1416 3723 1591 3811 presbiter
1615 3725 1727 3812 ipsius
1750 3725 1898 3793 ecclesie
1921 3723 2165 3812 cardinalem3
2198 3730 2235 3794 et
2258 3745 2320 3812 per
2347 3727 2426 3813 ipsa

578 3879 716 3966 guadia
739 3879 913 3967 obligavit
937 3899 973 3947 se
996 3883 1032 3947 et
1055 3897 1273 3947 successores
1297 3895 1377 3945 suos
1400 3881 1435 3946 et
1458 3880 1623 3965 partibus
1646 3878 1757 3966 ipsius
1780 3878 1927 3947 ecclesie
1944 3881 2069 3948 amodo
2092 3885 2127 3949 et
2142 3899 2280 3968 semper
2305 3881 2425 3950 defen-

575 4033 727 4102 sandum
758 4033 846 4101 mihi
876 4034 1016 4120 meique
1038 4031 1214 4118 enodibus,
1238 4035 1340 4100 natos
1363 4036 1573 4120 nascentes,
1596 4034 1672 4100 tota
1694 4036 1730 4100 et
1754 4033 1879 4101 inclita
1902 4033 2107 4119 supradicta
2131 4053 2197 4102 sua
2221 4035 2420 4106 traditione

573 4207 654 4254 cum
678 4187 753 4255 vice
777 4187 820 4255 dc
842 4189 899 4255 bie
923 4206 986 4254 sue
1009 4187 1055 4255 da
1078 4204 1199 4254 omnes
1222 4186 1382 4254 homines
1405 4185 1571 4272 omnique
1594 4185 1771 4274 partibus,
1795 4190 1832 4255 et
1856 4186 2038 4256 licentiam
2063 4189 2165 4255 nobis
2182 4187 2313 4256 tribuit
2337 4188 2426 4257 sali·

577 4359 635 4408 ces
659 4342 708 4408 ibi
733 4341 1007 4429 pastenandum,
1032 4343 1092 4410 ubi
1118 4342 1360 4429 potuerimus,
1376 4339 1431 4408 vel
1454 4357 1569 4409 caune
1591 4361 1655 4427 pro
1679 4339 1836 4412 utilitate
1859 4341 1902 4408 de
1926 4340 2001 4428 ipse
2018 4343 2111 4410 curti
2127 4339 2210 4410 inde
2226 4341 2425 4426 abendum;

575 4497 612 4562 et
637 4493 667 4560 si
692 4494 775 4562 inde
798 4496 1037 4582 superaberit,
1053 4499 1139 4562 tunc
1162 4495 1365 4564 dividamus
1388 4495 1449 4564 ille
1472 4496 1565 4564 inter
1589 4514 1653 4594 nos
1675 4514 1756 4580 cum
1780 4515 1864 4595 pars
1880 4496 1992 4583 ipsius
2008 4497 2168 4566 ecclesie:
2187 4497 2232 4565 de
2247 4497 2306 4564 ille
2330 4497 2424 4583 quod

578 4647 767 4716 fecerimus
790 4649 828 4715 in
852 4647 930 4734 ipsa
954 4650 1057 4716 curte
1080 4651 1234 4734 suptana
1257 4646 1458 4716 dividamus
1482 4647 1541 4716 ille
1565 4649 1659 4717 inter
1681 4668 1746 4717 nos
1768 4650 1832 4736 per
1856 4649 2094 4737 medietatem,
2108 4655 2144 4718 et
2158 4650 2201 4717 de
2225 4655 2299 4736 ipse
2324 4651 2418 4738 quod

578 4799 765 4868 fecerimus
788 4801 826 4868 in
851 4805 951 4870 curte
975 4819 1145 4889 suprana,
1169 4801 1337 4870 tollamus
1361 4819 1425 4869 nos
1448 4802 1516 4870 due
1539 4805 1657 4894 sortis,
1681 4806 1717 4871 et
1739 4821 1823 4890 pars
1845 4804 1957 4891 ipsius
1982 4803 2127 4872 ecclesie
2151 4805 2297 4873 tertiam
2320 4823 2422 4890 pars3

572 4958 609 5022 ct
632 4955 737 5040 quale
762 4959 920 5042 tempore
944 4958 1022 5043 ipsa
1045 4957 1146 5024 curte
1170 4958 1324 5043 suptana
1346 4954 1527 5025 dimittere
1548 4956 1764 5048 voluerimus
1788 4960 1824 5024 et
1847 4957 1929 5025 inde
1951 4957 2065 5044 exire,
2084 4961 2294 5044 potestatem
2311 4961 2423 5029 abea-

571 5127 662 5195 mus,
678 5113 713 5176 et
728 5110 834 5195 quale
856 5114 1013 5196 tempore
1037 5109 1085 5189 da
1105 5109 1172 5194 ipsi
1197 5108 1360 5177 tridecim
1383 5110 1469 5178 anni
1493 5111 1532 5176 in
1555 5115 1664 5180 antea
1685 5113 1765 5198 ipsa
1788 5114 1889 5178 curte
1913 5129 2073 5197 suprana
2096 5111 2277 5180 dimittere
2293 5111 2427 5182 volue-

570 5263 697 5350 rimuS,
713 5265 923 5348 potestatem
948 5265 1117 5332 abeamus
1131 5283 1141 5351 3
1167 5263 1218 5329 sic
1241 5267 1376 5351 tamen,
1394 5267 1434 5331 ut
1450 5265 1513 5334 illa
1536 5228 1658 5334 etilla
1674 5270 1774 5333 curte
1798 5269 1988 5353 pastenata
2003 5269 2038 5333 et
2053 5271 2197 5354 operata
2213 5270 2249 5335 et
2265 5270 2426 5354 cultata,

569 5416 664 5485 sicut
686 5416 871 5505 meruerit,
896 5421 943 5504 et,
968 5419 1008 5484 ut
1031 5435 1141 5505 supra
1171 5417 1338 5506 diximus,
1363 5419 1587 5487 remittamus
1610 5419 1693 5487 illut
1715 5419 1754 5486 in
1777 5439 1860 5506 pars
1883 5421 1995 5508 ipsius
2019 5421 2166 5490 ecclesie
2189 5427 2225 5492 et
2248 5443 2327 5491 cum
2358 5443 2422 5491 or-

569 5589 686 5657 ganea
709 5572 820 5658 ipsius
847 5570 995 5638 ecclesie
1017 5571 1064 5638 da
1088 5573 1162 5657 ipso
1185 5571 1307 5638 vinum
1332 5573 1586 5660 reponendum,
1611 5573 1641 5640 si
1667 5575 1748 5644 illas
1772 5575 1989 5663 abuerimuS,
2017 5577 2243 5646 remittamus
2268 5577 2351 5646 illut
2379 5579 2418 5647 in

570 5745 655 5812 pars
679 5725 793 5811 ipsius
815 5727 975 5813 ecclesie,
1000 5733 1035 5795 et
1058 5727 1107 5794 sic
1133 5726 1247 5795 licead
1270 5746 1325 5794 me
1349 5731 1384 5793 ct
1400 5728 1489 5815 meis
1511 5727 1702 5797 heredibus
1718 5719 1800 5810 inde
1816 5729 1917 5798 exire
1933 5750 2014 5830 curn
2031 5733 2151 5801 omnia
2167 5739 2292 5804 nostra
2309 5755 2424 5808 causa

566 5878 714 5946 mobilia
738 5885 773 5946 ct
797 5899 1000 5968 pergamus,
1028 5880 1085 5945 ubi
1113 5879 1339 5946 voluerimus.
1366 5880 1514 5954 Quodsi
1540 5880 1662 5949 taliter
1685 5871 1806 5970 omnia
1827 5887 2076 5972 suprascripta
2100 5905 2183 5971 pars
2217 5888 2330 5975 ipsius
2368 5909 2424 5958 ec-
