5370 7104
612 531 656 602 74
1259 534 1376 606 BEllA
1401 534 1458 606 DE
1486 533 1767 610 TEMPORIBUS

612 759 756 850 6611111611
782 759 930 851 66161116
957 755 1678 852 61161161166661161611116616111666611
1706 781 1727 829 6
1753 762 1907 830 trecentis
1936 760 2046 831 decem
2079 771 2110 831 et
2145 771 2213 833 octo
2243 762 2418 858 1661111666

613 917 669 1010 qui
694 924 777 1010 611111
801 912 942 988 Niceam
966 914 1147 1009 Bgtbiniae
1172 923 1252 987 611111
1276 919 1478 1010 congregata
1508 938 1526 985 e
1553 917 1723 990 comincia
1757 919 1848 1013 dipoi
1876 917 1899 986 il
1931 919 2102 993 Tratttato
2126 929 2180 994 co’
2198 923 2263 994 soli
2282 923 2374 996 titali
2402 946 2421 994 e

612 1071 781 1145 divisione
808 1071 1016 1169 de'rapitoli
1043 1071 1154 1144 scritti
1182 1073 1217 1144 in
1244 1085 1341 1147 rosso
1369 1081 1405 1163 ¹).
1435 1073 1483 1146 La
1509 1077 1671 1148 scrittura
1698 1079 1887 1176 prosiegue¹
1906 1103 2006 1151 senza
2033 1080 2154 1152 alcuna
2182 1081 2416 1156 interruzione

568 1369 993 1380 ——n-——-———.

604 1583 629 1656 ¹)
652 1581 767 1654 Quesli
791 1581 925 1661 capitoli
949 1585 1191 1660 appartengono
1214 1579 1290 1638 tutti
1314 1581 1340 1639 a’
1355 1581 1424 1641 vari
1448 1581 1584 1641 Trattati
1608 1579 1662 1640 del
1685 1581 1799 1640 Dottor
1821 1581 1921 1652 Beda,
1938 1581 1999 1640 che
2023 1579 2130 1640 hanno
2147 1599 2207 1660 per
2223 1581 2338 1643 titolo:
2368 1583 2416 1644 De

564 1729 763 1808 argumentis
786 1728 905 1800 lunae,
930 1728 977 1790 De
1001 1727 1097 1808 Cyclo
1120 1728 1287 1802 Pescltali,
1312 1727 1357 1789 De
1380 1729 1511 1789 circulis
1534 1729 1669 1805 spherae
1691 1730 1815 1805 6111616
1839 1732 1902 1787 616.
1928 1725 1984 1786 nel
2007 1727 2038 1788 1.
2062 1730 2162 1789 Tamo
2193 1729 2269 1790 dell’
2286 1729 2416 1790 Edizio-

568 1894 609 1936 ne
632 1875 665 1934 di
690 1874 836 1935 Colonia.
861 1875 1012 1936 Siccome
1036 1875 1090 1954 poi
1113 1873 1281 1953 prendono
1304 1873 1390 1933 assai
1416 1873 1536 1953 spazio,
1561 1893 1706 1954 pernen
1731 1892 1893 1952 generare
1924 1873 2118 1935 stanchezza
2141 1875 2176 1934 in
2202 1876 2257 1936 chi
2291 1875 2414 1955 legge,

564 2021 596 2082 ci
619 2019 869 2097 consigliammo
893 2019 925 2080 di
948 2020 1094 2100 passarci
1119 2018 1170 2078 dal
1194 2020 1356 2098 riportare
1380 2021 1478 2080 tutt’i
1502 2021 1587 2082 titoli
1613 2021 1668 2082 nel
1692 2022 1786 2083 modo
1809 2023 1870 2083 che
1895 2022 1923 2082 si
1947 2022 2086 2099 leggono
2103 2022 2157 2082 nel
2175 2023 2307 2086 Codice.
2325 2025 2412 2086 D'al-

563 2171 615 2225 tra
637 2173 730 2244 parte
754 2164 995 2226 considerando
1018 2165 1080 2225 che
1104 2165 1193 2224 forse
1217 2170 1377 2243 potevano
1401 2164 1631 2238 desideraret,
1657 2166 1702 2242 gli
1726 2167 1876 2227 abbiamo
1899 2185 1959 2247 per
1982 2167 2148 2244 maggiore
2180 2174 2344 2229 esatlezza
2364 2170 2415 2230 bi-

560 2310 751 2388 bliograsrca
775 2313 926 2391 ripertati
950 2315 1005 2390 qui
1029 2315 1062 2372 in
1084 2313 1178 2372 Nota.
1195 2314 1276 2390 -1’.
1302 2311 1365 2374 136
1386 2330 1476 2371 verso
1505 2358 1510 2370 .
1540 2359 1545 2369 .
1574 2359 1579 2371 .
1605 2317 1683 2372 sunt
1705 2313 1908 2388 congregati.
1925 2347 1966 2356 -
1981 2313 2166 2389 Regulares
2189 2316 2228 2373 ad
2251 2314 2413 2377 111111116-

458 2439 461 2452 ’
562 2482 576 2513 a
595 2458 767 2520 niendum.
784 2492 825 2502 -
839 2457 943 2537 Incip,
962 2461 1494 2534 concurrentes-Argumentum
1508 2458 1547 2517 ad
1564 2465 1802 2520 concurrentes
1819 2459 2357 2536 requirendum-Argumentum
2373 2463 2412 2522 ad

562 2627 576 2659 1
596 2603 647 2664 Kl.
667 2603 918 2664 inveniendum.
943 2608 1183 2680 Argumentum
1207 2603 1247 2662 ad
1271 2603 1388 2662 feriam
1412 2603 1661 2664 inveniendum.
1679 2602 1777 2666 Aliud
1800 2609 2043 2680 argumentum.
2060 2604 2354 2681 -Argumentum
2371 2605 2412 2667 ad

561 2773 574 2806 11
593 2750 645 2810 bis
669 2756 797 2810 sextum
820 2751 1070 2811 inveniendum.
1087 2786 1127 2795 —
1142 2753 1167 2829 f.
1186 2750 1249 2815 137
1263 2757 1348 2810 recto
1360 2785 1403 2812 .-
1418 2750 1512 2810 Ratio
1535 2751 1623 2811 unde
1640 2751 1838 2812 adcrescunt
1854 2756 2094 2822 concurrentes
2109 2783 2149 2794 -
2166 2753 2410 2828 Argumentum

560 2920 574 2952 (1
594 2896 632 2956 ad
657 2903 788 2976 epactas
811 2896 892 2956 solis
917 2896 1166 2969 inveniendum,
1193 2895 1279 2956 idest
1301 2900 1539 2956 concurrentes
1563 2893 1747 2973 septimane
1764 2892 1892 2954 dierum
1908 2928 1949 2938 -
1965 2895 2104 2955 Partitio
2119 2894 2219 2970 hujus
2236 2913 2412 2972 argumen-

558 3083 572 3114 «
592 3061 628 3120 ti.
639 3063 714 3140 —f.
734 3061 1124 3139 Aila—Argumentum
1139 3060 1428 3122 adinveniendum
1446 3044 1621 3138 regferiae
1638 3057 1871 3119 Kalendarum.
1882 3057 2082 3130 -Qualiter
2094 3057 2344 3134 intellegendus
2357 3066 2408 3120 est

558 3229 571 3260 «
592 3206 669 3266 ordo
692 3205 883 3267 bis-sextili.
906 3242 938 3252 -
956 3211 982 3286 f.
1008 3207 1073 3268 138
1095 3227 1123 3268 r.
1139 3209 1241 3268 -De
1266 3205 1430 3266 solaribus
1454 3205 1677 3266 bissextilium
1695 3202 1825 3262 diebus.
1842 3237 1883 3246 -
1898 3205 2138 3278 Argumentum
2156 3202 2194 3261 ad
2212 3203 2340 3280 cyclum
2356 3223 2409 3266 so·

558 3371 572 3401 11
591 3346 694 3408 larem
719 3349 969 3410 inveniendum.
986 3385 1027 3394 —
1041 3353 1066 3430 f.
1092 3350 1157 3412 138
1177 3369 1208 3410 a.
1226 3385 1267 3394 -
1282 3349 1421 3412 Partitio
1444 3347 1544 3426 hujus
1575 3349 1760 3426 argumenti
1775 3349 1876 3409 —De
1908 3352 2082 3425 augmento
2106 3346 2172 3408 diei
2196 3355 2230 3409 et
2245 3350 2351 3410 noctis
2366 3385 2407 3393 -

556 3535 570 3566 a
589 3512 614 3589 f.
634 3512 696 3573 139
711 3532 739 3572 r.
756 3514 802 3573 De
820 3513 966 3590 quinque
991 3513 1126 3574 circulis
1149 3513 1262 3576 mundi
1278 3548 1319 3558 -
1335 3512 1575 3588 Argumentum
1592 3511 1774 3570 secundum
1791 3511 1956 3590 aegyptios
1981 3511 2020 3570 ad
2037 3529 2139 3572 annos
2163 3493 2216 3572 dm
2233 3512 2408 3572 invenien-

553 3677 567 3706 11
586 3653 662 3714 dum
677 3688 718 3700 —-
736 3656 870 3717 Partitio
893 3657 993 3716 huius
1016 3659 1201 3734 argumenti
1217 3693 1257 3704 -
1273 3658 1515 3736 Argumentum
1548 3658 1588 3718 ad
1621 3655 1820 3718 indictiones
1845 3657 2082 3719 inveniendum
2105 3695 2146 3705 -
2161 3659 2402 3738 Argumentum

553 3841 568 3876 «
593 3817 633 3877 ad
657 3819 892 3880 inveniendum
916 3819 1043 3881 futuras
1067 3821 1267 3882 indictiones
1290 3821 1326 3900 ⁰).
1351 3857 1391 3866 —
1413 3823 1438 3901 1.
1464 3817 1527 3879 139
1548 3839 1578 3882 6.
1603 3819 1685 3879 Item
1704 3817 1743 3878 de
1760 3820 1936 3899 preteritas
1954 3819 2153 3883 indictiones
2170 3858 2211 3867 -
2226 3805 2298 3902 Reg
2312 3843 2405 3887 men·

589 4279 614 4356 ⁰)
635 4278 697 4340 Nel
721 4283 868 4357 margine
892 4281 1031 4343 laterale
1055 4282 1345 4352 1161113916616,
1371 4281 1402 4341 di
1427 4282 1535 4342 fronte
1558 4281 1588 4342 al
1613 4301 1683 4360 cap.
1709 4283 1941 4359 Argumentum
1962 4283 2141 4342 seeundum
2163 4287 2331 4363 aegyptios
2354 4289 2398 4348 611

1935 4429 2142 4444 -ι--ᾼ

548 4464 653 4508 annos
676 4431 737 4508 lim
759 4447 1005 4509 inveniendum.
1022 4484 1055 4494 -
1071 4447 1108 4509 Si
1129 4453 1178 4509 vis
1200 4450 1283 4510 seire
1306 4454 1382 4525 guot
1403 4455 1479 4508 611111
1503 4449 1586 4509 unni
1610 4447 1648 4508 ab
1671 4448 1903 4509 incarnatione
1926 4451 1986 4510 dni
2014 4471 2057 4511 nr
2084 4453 2148 4512 lhu
2172 4448 2400 4530 (31.6661111116

549 4613 670 4672 LXXII
690 4615 879 4694 quindecies
903 4580 985 4674 adde
1008 4615 1172 4694 regulares
1196 4634 1264 4676 666.
1291 4615 1374 4674 fiunt
1396 4614 1488 4676 mille
1512 4616 1623 4674 LXXX
1652 4613 1734 4674 adde
1765 4615 1936 4692 regulares
1970 4618 2028 4677 Xll
2061 4623 2094 4678 et
2115 4603 2206 4680 indm
2229 4621 2306 4679 anni
2329 4640 2404 4701 pre·

550 4757 655 4816 sentis
682 4755 792 4838 (idest)
814 4757 898 4818 l'lll.
925 4758 1007 4816 fiunt
1028 4757 1108 4818 M.C.
1136 4781 1150 4814 11
1167 4794 1205 4801 -
1230 4757 1276 4816 Ed
1302 4756 1454 4834 alquanto
1476 4758 1534 4840 piu
1557 4763 1640 4819 sotto
1665 4757 1753 4819 nello
1776 4767 1882 4820 stesso
1907 4763 2055 4838 margine
2079 4763 2111 4823 di
2136 4765 2246 4825 fronte
2272 4765 2301 4824 al
2327 4784 2398 4845 cap.

546 4903 779 4981 Argumentum
802 4903 846 4964 ed
867 4903 1082 4964 indictionem
1104 4903 1364 4974 inveniendum
1389 4905 1633 4982 precisamente
1659 4907 1740 4966 dove
1764 4907 1792 4965 si
1818 4906 1939 4983 legge:
1974 4905 2010 4970 Si
2042 4911 2091 4970 vis
2122 4914 2207 4971 scire
2233 4922 2332 4990 quota
2352 4917 2397 4973 sit

546 5067 684 5127 indictio
705 5085 794 5128 sume
810 5085 915 5128 annos
936 5051 998 5130 dm
1017 5072 1048 5127 et
1071 5066 1153 5126 adde
1175 5069 1340 5145 regulares
1361 5067 1413 5126 Ill
1434 5115 1440 5136 ,
1477 5071 1556 5148 quia
1578 5072 1708 5150 quando
1730 5071 1925 5134 lucarnatio
1946 5075 2036 5150 facta
2058 5081 2106 5133 est
2126 5073 2182 5134 ΙΙΙ
2203 5093 2306 5136 annos
2324 5095 2402 5155 1116-

548 5219 711 5273 cesserant
732 5215 771 5273 de
793 5215 860 5274 iilis
882 5216 1118 5276 indictionibus
1141 5219 1172 5273 et
1193 5215 1303 5274 divide
1319 5232 1382 5292 per
1403 5217 1463 5274 ,111
1482 5219 1639 5296 quiequid
1661 5223 1856 5280 remanserit
1872 5221 1945 5296 11166
1960 5227 2006 5280 661
2021 5220 2172 5294 indictio,
2191 5227 2222 5281 et
2244 5228 2271 5282 si
2295 5227 2401 5286 nicbit

546 5361 743 5419 remanserit
763 5360 824 5419 XV
843 5361 916 5418 erit.
941 5360 1214 5438 Interrogabis—
1228 5359 1335 5431 Quare
1352 5382 1415 5440 1161
1438 5365 1466 5422 X
1477 5363 1497 5418 'r'
1516 5365 1615 5424 ictum
1630 5365 1756 5442 agrium
1774 5368 1867 5446 juves
1883 5367 2040 5426 dividere.
2066 5365 2106 5427 Il.
2133 5366 2220 5438 Quia
2234 5371 2323 5430 ultra
2338 5371 2368 5430 X
2377 5371 2400 5429 g

547 5521 651 5566 annos
672 5523 738 5564 non
760 5505 1022 5582 66661111111-11
1046 5505 1160 5566 scritto
1184 5506 1332 5566 eziandio
1357 5528 1417 5570 con
1440 5507 1493 5568 bel
1520 5517 1682 5571 carattere
1707 5529 1821 5571 rosso:
1848 5531 1862 5568 a
1888 5529 1916 5570 a.
1943 5512 2026 5572 mill.
2052 5513 2087 5574 C.
2112 5515 2236 5592 partire
2260 5535 2320 5594 per
2341 5518 2395 5578 XV

546 5678 719 5731 remanent
740 5671 792 5732 V:
818 5672 899 5734 adde
922 5673 1094 5750 regulares
1117 5672 1161 5731 lll
1185 5671 1268 5730 fiunt
1289 5671 1362 5730 Vlll
1384 5671 1448 5734 hee
1471 5681 1522 5733 est
1545 5673 1683 5734 indictio
1707 5675 1783 5734 anni
1808 5659 1854 5756 fis*
1868 5677 2079 5757 (praesentis)
2097 5700 2125 5738 11,

589 5813 615 5874 11
639 5815 677 5874 de
699 5817 807 5876 Rozan
831 5837 882 5896 op.
908 5819 964 5880 cit.
988 5835 1060 5897 pag.
1086 5817 1145 5880 102
1168 5815 1267 5877 dice:
1294 5839 1308 5874 a
1326 5817 1358 5877 L’
1372 5823 1502 5889 auteur,
1526 5837 1585 5899 par
1608 5820 1771 5900 exempla,
1796 5821 1903 5883 donne
1928 5823 1976 5884 les
2001 5823 2123 5901 Regles
2148 5841 2213 5903 que
2238 5825 2300 5886 l’on
2324 5827 2393 5889 doit
