5422 7102
1233 541 1409 613 CODEX
1442 541 1706 616 CAVENSIS

1294 975 1620 1057 DCCCXIX.

1308 1239 1363 1313 A.
1392 1236 1442 1312 D.
1471 1233 1601 1316 1029.

570 1473 607 1613 †
631 1527 671 1593 ln
695 1525 840 1595 nomine
864 1526 999 1596 domini
1024 1525 1208 1596 undecimo
1232 1545 1327 1597 anno
1350 1528 1574 1616 principatus
1605 1528 1725 1597 domni
1749 1528 1863 1596 nostri
1881 1525 2075 1616 guaimarii
2103 1525 2250 1615 gloriosi
2277 1529 2377 1615 prin·

522 1677 614 1765 cipis
637 1677 705 1746 filii
729 1678 850 1747 domni
874 1681 1081 1769 guaimari,
1106 1698 1227 1751 mense
1250 1680 1418 1768 magiuS‚
1454 1679 1661 1750 duodecima
1685 1679 1892 1748 indictione.
1917 1680 2067 1766 Ideoque
2089 1696 2155 1748 nos
2183 1679 2376 1751 radoaldus

524 1832 625 1902 illius
648 1833 829 1920 quondam
851 1836 1005 1906 moraldi
1028 1835 1071 1904 de
1095 1836 1279 1906 correiano
1303 1835 1435 1903 tinibus
1458 1833 1691 1922 salernitane,
1708 1836 1744 1902 et
1759 1834 1888 1902 mulier
1911 1832 2192 1922 neminemne,
2217 1833 2280 1920 qui
2304 1837 2378 1922 pri·

523 1986 591 2056 mis
615 1987 684 2056 luit
708 2005 820 2056 uxore
844 1987 1042 2075 supradicti
1067 1988 1221 2058 maraldi
1245 1991 1282 2057 et
1307 1989 1409 2056 modo
1425 2007 1504 2056 sum
1521 2006 1633 2057 uxore
1651 1988 1806 2075 iaquinti
1824 1987 1892 2054 filii
1909 1989 2129 2074 iannemari,
2147 1986 2290 2058 declaro
2312 2006 2380 2076 ego

525 2141 727 2229 radoaldus,
753 2141 923 2228 quoniam
948 2140 1037 2209 mihi
1054 2145 1107 2210 est
1123 2144 1363 2230 pertinentem
1387 2146 1493 2213 abere
1516 2146 1622 2213 rebus
1637 2144 1676 2212 in
1693 2147 1768 2232 ipso
1785 2145 1901 2212 locum
1917 2145 2105 2212 correiano
2122 2163 2145 2212 a
2160 2161 2245 2230 pars
2262 2143 2375 2230 ipsius

524 2294 679 2364 maraldi
697 2295 759 2382 qui
774 2293 843 2364 luit
858 2296 1057 2383 genitorem
1072 2313 1203 2382 meum,
1216 2300 1251 2365 et
1266 2298 1373 2366 abere
1388 2300 1524 2368 terram
1539 2316 1620 2366 cum
1635 2315 1719 2368 casa
1736 2297 1834 2367 intus
1850 2314 1917 2366 ano
1934 2295 2197 2366 salernitanam
2213 2296 2376 2383 cibitate,

523 2447 671 2516 etmihi
697 2447 866 2516 iamdicte
888 2447 1057 2516 mulieres
1080 2448 1119 2516 in
1145 2449 1223 2535 ipsa
1248 2451 1353 2518 rebus
1377 2453 1412 2518 et
1437 2449 1476 2516 in
1500 2450 1578 2536 ipsa
1603 2453 1702 2518 terra
1725 2469 1806 2517 cum
1829 2467 1913 2520 casa
1936 2449 2178 2537 pertinentem
2201 2455 2255 2518 est
2271 2452 2378 2520 abere

524 2603 694 2688 quartam
718 2606 857 2688 partem
880 2622 902 2670 a
925 2606 1027 2690 parte
1051 2603 1164 2688 ipsius
1181 2602 1334 2672 maraldi
1349 2602 1413 2690 qui
1431 2603 1499 2673 luit
1514 2601 1633 2690 priore
1649 2601 1726 2670 viro
1744 2619 1856 2688 meus;
1875 2600 1975 2668 modo
1993 2603 2127 2688 autem,
2152 2600 2248 2672 sicut
2271 2603 2374 2672 nobis

523 2751 684 2821 iamdicti
708 2758 823 2821 mater
846 2758 883 2822 et
904 2753 1014 2841 filius,
1039 2755 1132 2823 sicut
1154 2755 1256 2822 nobis
1279 2773 1477 2842 congruum
1502 2758 1554 2823 est
1579 2757 1698 2822 nostre
1722 2755 1812 2820 bone
1835 2751 2046 2840 boluntalis,
2075 2771 2139 2840 per
2162 2771 2232 2823 anc
2255 2759 2376 2824 cartu·

522 2907 595 2974 lam
619 2911 703 2975 ante
727 2907 919 2994 subscripti
945 2909 1082 2978 idoneis
1104 2907 1281 2977 ominibus
1304 2907 1515 2977 donabimus
1539 2906 1653 2994 adque
1669 2907 1715 2976 ad
1730 2925 1868 2992 semper
1883 2906 2062 2974 abendum
2077 2907 2374 2977 confirmabimus

523 3059 592 3126 tibi
617 3057 725 3147 leoni,
749 3062 812 3146 qui
835 3061 908 3128 sint
932 3060 1009 3127 thio
1032 3064 1069 3128 et
1092 3065 1313 3148 congnatum
1337 3064 1497 3128 nostrum
1521 3059 1694 3128 etlilium
1718 3058 1883 3146 bisantii,
1906 3062 1982 3127 tota
2006 3065 2043 3127 et
2066 3060 2191 3129 inclita
2215 3065 2295 3148 ipsa
2318 3081 2376 3130 re·

524 3213 591 3281 bus
615 3214 658 3281 de
683 3214 891 3282 iamdictum
916 3213 1030 3281 locum
1055 3215 1254 3301 carreiam,
1278 3219 1315 3283 et
1339 3215 1418 3300 ipsa
1440 3218 1539 3282 terra
1555 3231 1637 3281 cum
1654 3232 1751 3302 casa,
1768 3212 1922 3300 qualiter
1939 3213 2157 3300 pertinentes
2179 3215 2248 3284 luit
2264 3217 2372 3286 abere

522 3371 670 3454 aparte
695 3366 807 3454 ipsius
831 3368 983 3436 maraldi
997 3417 1006 3454 ,
1032 3368 1092 3456 qui
1118 3369 1185 3436 luit
1208 3367 1351 3456 genitor
1374 3371 1410 3435 et
1433 3345 1551 3434 birum
1575 3384 1760 3453 meumque
1784 3365 1963 3435 mulieres.
1991 3368 2085 3436 unde
2109 3388 2175 3456 ego
2200 3369 2373 3440 iamdicta

438 3569 441 3574 t
524 3519 657 3587 mulier
682 3539 769 3608 erga
792 3539 848 3589 me
871 3522 1089 3592 combccabit
1113 3522 1179 3591 isto
1204 3521 1368 3608 iaquinto
1392 3521 1546 3590 secundo
1571 3522 1648 3589 biro
1671 3527 1839 3610 meua,ut
1855 3524 1937 3592 inde
1962 3525 2051 3593 mihi
2077 3525 2293 3614 consentire;
2311 3527 2373 3597 ille

522 3675 657 3758 autem,
673 3673 846 3742 exaudita
862 3693 941 3743 mea
957 3675 1208 3761 postulatione,
1226 3671 1317 3741 mihi
1335 3673 1601 3741 inconsentiens
1617 3678 1723 3761 esset,
1740 3677 1864 3744 cluna
1880 3676 1987 3742 simul
2004 3675 2142 3762 pariter
2160 3677 2374 3746 donabimus

520 3825 635 3912 adque
659 3825 703 3895 ad
727 3843 864 3913 semper
888 3827 1064 3894 abendum
1089 3826 1383 3894 confirmabimus
1407 3825 1474 3892 tibi
1500 3827 1594 3894 leoni
1616 3831 1691 3896 tota
1708 3833 1744 3895 et
1760 3827 1887 3896 inclita
1904 3829 1983 3914 ipsa
1998 3831 2102 3896 rebus
2124 3834 2161 3898 et
2179 3830 2258 3917 ipsa
2275 3835 2376 3900 terra

521 3996 602 4046 cum
621 3995 718 4066 casa,
735 3979 795 4064 qui
814 3977 882 4044 suit
899 3977 1012 4064 ipsius
1028 3977 1179 4048 maraldi
1192 3978 1391 4064 genitorem
1407 3981 1443 4045 ct
1457 3977 1575 4044 birum
1591 3982 1764 4066 nostrum,
1777 3978 1822 4046 ad
1833 3977 2009 4046 securiter
2024 3982 2060 4048 et
2077 3979 2227 4048 tirmiter
2241 3981 2374 4051 amodo

526 4135 562 4200 et
585 4150 723 4218 semper
747 4135 787 4200 tu
813 4135 848 4199 et
871 4136 951 4199 tuos
974 4131 1095 4200 eredes
1118 4129 1323 4218 supradicta
1346 4133 1470 4200 nostra
1494 4131 1683 4200 donatione
1707 4130 1863 4217 abendi‚
1887 4130 2110 4218 possidendi,
2137 4131 2376 4216 dominandi,

520 4288 646 4358 omnia
670 4287 801 4356 exinde
825 4287 980 4356 faciendi
1004 4306 1071 4374 que
1097 4287 1296 4373 bolueritiS,
1321 4303 1430 4372 asque
1454 4283 1550 4354 omni
1575 4287 1698 4352 nostra
1721 4286 1756 4352 et
1776 4282 1819 4350 de
1842 4284 1973 4352 nostris
1991 4283 2154 4352 eredibus
2170 4285 2373 4354 contrarie·

520 4450 633 4517 tatem
656 4446 711 4514 vel
735 4445 979 4533 requisitione.
1004 4444 1098 4512 unde
1121 4463 1185 4531 pro
1209 4439 1491 4512 confirmandam
1514 4443 1551 4508 et
1573 4437 1860 4507 stabiliscendam
1883 4439 1986 4506 nobis
2009 4455 2077 4506 anc
2101 4441 2226 4508 nostra
2261 4440 2376 4510 dona·

518 4599 629 4685 tione,
654 4616 724 4665 nuc
748 4618 770 4667 a
793 4597 970 4684 presentis
993 4595 1191 4683 recepimus
1215 4614 1238 4664 a
1260 4597 1296 4662 te
1320 4591 1487 4661 iamdicto
1512 4592 1564 4660 leo
1588 4592 1681 4661 iusta
1703 4593 1820 4678 legem
1844 4591 2019 4678 launegilt
2054 4590 2187 4678 biginli
2212 4599 2367 4680 quatuor

518 4753 598 4822 auri
625 4753 695 4824 tari
720 4755 803 4821 boni
828 4754 867 4822 in
891 4751 1006 4820 omnis
1029 4750 1297 4837 deliberatione,
1322 4747 1415 4817 siout
1440 4748 1534 4816 inter
1558 4763 1623 4813 nos
1646 4745 1832 4831 combeni3
1856 4745 1899 4812 de
1924 4764 1995 4832 qua
2018 4765 2081 4833 per
2117 4749 2211 4816 bona
2233 4751 2376 4816 combe-

517 4909 661 4979 nientia
684 4926 749 4977 nos
773 4907 935 4976 iamdicti
958 4909 1072 4975 mater
1096 4910 1132 4974 et
1155 4903 1252 4971 tilius
1275 4903 1409 4990 guadia
1432 4901 1498 4970 tibi
1523 4898 1690 4969 iamdicto
1714 4897 1807 4965 leoni
1831 4896 2016 4985 dedimm,
2040 4904 2162 4968 tamen
2185 4919 2252 4986 ego
2276 4900 2368 4970 iam-

517 5061 615 5131 dicta
639 5061 767 5148 mulier
790 5079 853 5147 per
878 5075 1088 5126 consensum
1112 5059 1148 5124 et
1171 5054 1366 5124 bolumtate
1389 5052 1431 5120 de
1455 5053 1522 5120 isto
1545 5050 1698 5119 secundo
1715 5051 1792 5116 biro
1809 5069 1918 5136 meus,
1935 5055 1970 5118 et
1994 5071 2066 5120 una
2095 5069 2178 5120 oum
2194 5051 2297 5121 illum
2312 5054 2376 5124 de·

517 5215 636 5284 dimus
659 5217 696 5284 et
719 5211 950 5281 mediatorem
974 5209 1041 5279 tibi
1065 5210 1245 5297 posuimus
1268 5225 1333 5274 nos
1356 5203 1467 5292 ipsis;
1491 5207 1527 5272 et
1549 5220 1611 5289 per
1636 5200 1716 5288 ipsa
1739 5202 1873 5289 guadia
1896 5203 2136 5290 obligabimus
2160 5223 2224 5274 nos
2247 5211 2283 5276 et
2307 5225 2375 5274 no-

517 5371 606 5440 stris
632 5369 797 5438 eredibus
820 5367 944 5436 amodo
966 5370 1002 5434 et
1024 5382 1162 5452 semper
1186 5359 1435 5432 antistandum
1458 5361 1494 5426 et
1514 5355 1773 5424 defensandum
1795 5354 1861 5423 tibi
1886 5357 2015 5444 tuique
2043 5358 2209 5428 eredibus
2245 5360 2377 5430 inclita

515 5523 724 5612 supradicta
747 5527 869 5592 nostra
893 5520 1088 5588 donatione
1111 5515 1157 5586 da
1174 5513 1228 5580 illi
1245 5510 1425 5580 ominibus
1441 5513 1476 5579 et
1491 5510 1669 5597 partibus,
1687 5507 1750 5595 qui
1768 5527 1832 5596 pro
1847 5515 1970 5579 nostra
1986 5516 2089 5598 parte
2102 5516 2138 5582 et
2153 5512 2292 5601 datum,
2308 5518 2375 5582 aut

517 5701 582 5768 pro
606 5699 690 5767 pars
714 5681 750 5746 et
773 5678 896 5747 datum
921 5675 1033 5761 ipsius
1056 5661 1257 5758 genitorem
1281 5670 1318 5736 et
1341 5666 1459 5734 birum
1483 5667 1646 5734 nostrum
1669 5665 1913 5752 quodcumque
1938 5666 2148 5736 causatione
2172 5664 2255 5735 inde
2274 5663 2375 5732 vobis

516 5831 759 5919 preposuerit:
784 5829 826 5897 de
850 5829 912 5894 alii
938 5829 1022 5893 bero
1045 5821 1251 5890 hominibus
1276 5825 1312 5887 et
1335 5819 1499 5905 partibus
1522 5837 1584 5904 per
1608 5839 1668 5888 vos
1694 5819 1780 5907 ipsis
1803 5819 1907 5887 illu'm
1931 5822 2034 5888 nobis
2058 5819 2264 5906 defensetis,
2282 5837 2375 5904 qua·
