5466 7106
640 548 708 620 160
1294 543 1466 616 donax
1500 546 1765 620 cavensis

589 773 697 861 ginta
720 775 854 842 sebiem
879 734 999 841 minus
1024 771 1183 859 palmum
1206 788 1318 840 unum
1342 773 1378 838 et
1390 769 1496 854 uncie
1518 773 1604 839 tres.
1632 771 1676 837 Et
1698 746 1822 858 a'pars
1839 770 1987 838 meridie
2002 769 2074 838 tine
2091 771 2196 839 rebus
2209 770 2387 841 ominibus
2402 773 2441 844 a·

586 925 780 1012 111116161,
805 929 841 994 61
863 924 947 994 inde
970 927 1054 992 sunt
1076 923 1172 1011 passi
1194 921 1349 1011 triginta
1371 921 1453 990 duo:
1478 923 1524 992 ab
1546 918 1730 990 occidente
1752 921 1825 989 fine
1847 919 1891 989 de
1914 919 2036 988 eredes
2059 919 2206 989 iohanni
2222 911 2329 1005 miri,
2354 921 2439 987 sunt

587 1074 671 1144 inde
688 1077 784 1164 passi
807 1076 961 1164 triginta
983 1077 1141 1162 quinque
1165 1077 1201 1144 et
1222 1073 1381 1161 palmum
1405 1091 1488 1141 uno.
1507 1073 1552 1142 Et
1575 1092 1597 1141 a
1620 1089 1704 1158 pers
1727 1070 1989 1140 sebtemtrionis
2013 1068 2180 1138 similiter
2203 1067 2277 1137 fine
2292 1066 2337 1137 de
2359 1069 2440 1154 ipsa

586 1230 710 1300 eredes
732 1230 895 1318 iohanni,
919 1234 955 1298 et
978 1229 1061 1296 inde
1084 1196 1167 1297 sunt
1190 1226 1375 1315 longitudo
1397 1244 1508 1313 usqne
1531 1225 1609 1312 ipsa
1631 1223 1754 1312 priora
1776 1223 1865 1291 fines
1887 1221 1984 1310 passi
1999 1219 2153 1308 triginta
2168 1239 2246 1310 sex,
2263 1222 2378 1290 totum
2391 1221 2437 1289 ad

588 1384 682 1452 iusto
703 1401 846 1469 passum
868 1383 979 1450 omini
1003 1385 1057 1451 est
1079 1383 1337 1450 mensuratum.
1363 1380 1412 1446 Ec
1435 1397 1518 1447 vero
1540 1375 1702 1464 predicta
1736 1376 1838 1461 peeia
1872 1375 1915 1444 de
1944 1375 2046 1444 terra
2079 1393 2159 1442 oum
2189 1373 2350 1442 arbustis
2367 1369 2439 1460 'per

586 1533 774 1604 iamdictos
790 1551 989 1619 mensuras,
1006 1551 1087 1600 oum
1104 1533 1224 1600 omnia
1241 1531 1337 1598 intro
1354 1547 1391 1598 se
1406 1527 1595 1598 abentibus
1610 1525 1844 1612 omnibusque
1860 1525 1935 1593 suis
1947 1523 2188 1612 pertinentiis,
2208 1526 2245 1592 61
2261 1544 2343 1594 cum
2359 1527 2437 1597 bioe

585 1683 629 1754 de
652 1684 713 1753 via
736 1703 801 1754 sue
823 1701 889 1770 ego
913 1683 1069 1770 ipsorum
1092 1680 1237 1752 landoni
1259 1681 1409 1752 tradidit
1424 1681 1507 1748 inde
1523 1679 1763 1765 medietatem,
1779 1682 1816 1747 et
1830 1678 1987 1765 ipsorum
2002 1679 2151 1748 iohanni
2167 1679 2372 1766 presbiteri,
2397 1683 2435 1748 et

586 1836 691 1907 alferi
709 1841 746 1907 et
762 1837 920 1908 ademari
937 1836 1078 1922 reliqua
1092 1835 1280 1904 medietate
1295 1833 1341 1903 ad
1358 1833 1595 1903 lavorandum
1610 1831 1771 1901 tradidit.
1789 1832 1866 1901 Tali
1881 1831 2055 1920 ordinem,
2079 1837 2120 1902 ut
2133 1833 2258 1902 amodo
2273 1838 2310 1903 et
2325 1815 2438 1920 usque

585 1989 707 2060 decem
730 1992 767 2058 et
789 1993 866 2057 octo
889 1991 978 2058 anni
1001 1987 1155 2074 oonpleti
1179 1987 1256 2085 ipsa
1279 1984 1491 2055 tradietione
1516 1985 1658 2052 illorum
1683 1988 1719 2053 61
1741 1984 1784 2052 de
1807 1985 1881 2052 suis
1904 1985 2067 2054 eredibus
2091 1984 2164 2053 sint
2188 1985 2372 2072 potestatis
2398 1986 2440 2054 il·

587 2147 642 2215 lut
665 2165 796 2233 emere,
818 2149 855 2214 et
876 2145 1074 2232 dominare,
1091 2147 1127 2212 et
1143 2143 1317 2229 levorare,
1334 2147 1371 2211 et
1387 2143 1483 2209 fovee
1499 2145 1535 2210 et
1549 2140 1665 2209 omnis
1682 2160 1744 2210 sue
1759 2141 1930 2212 utilitatis
1954 2143 2049 2212 iusta
2072 2143 2248 2212 rationem
2272 2143 2345 2213 illis
2369 2143 2438 2210 ibi·

585 2299 665 2368 dem
688 2297 837 2368 facient.
862 2299 907 2365 Et
928 2316 992 2384 per
1016 2296 1131 2363 omnis
1147 2313 1283 2365 aunum
1299 2293 1467 2363 iilisabto
1483 2299 1640 2381 tempore
1656 2296 1832 2382 lavorare,
1850 2299 1886 2364 et
1900 2299 2036 2382 potare,
2060 2299 2097 2364 et
2120 2297 2374 2386 propaginare,
2398 2301 2436 2366 et

586 2453 726 2520 cultore
751 2450 846 2537 illut,
869 2453 910 2517 ut
932 2465 1061 2515 vonum
1085 2448 1210 2533 pareat
1232 2445 1431 2514 lavoratum
1447 2449 1483 2514 et
1500 2446 1673 2516 euitatum
1695 2465 1758 2534 per
1781 2450 1897 2516 omnis
1912 2465 2061 2534 annum,
2079 2449 2297 2534 utproiioiat
2312 2451 2349 2516 61
2365 2465 2437 2515 non

587 2605 781 2692 dispereat,
805 2603 841 2670 et
864 2602 927 2669 ubi
951 2600 1136 2687 meruerit,
1153 2600 1252 2666 infra
1275 2599 1353 2686 ipsa
1376 2599 1544 2668 tradietio
1568 2601 1713 2668 arbores
1729 2602 1766 2668 et
1781 2599 1872 2668 vites
1894 2597 1968 2668 illis
1992 2599 2122 2667 ibidem
2138 2617 2269 2687 ponere
2284 2607 2321 2671 61
2336 2602 2437 2689 plan·

586 2760 677 2825 tare.
705 2755 749 2823 Et
773 2754 825 2822 sic
847 2757 961 2822 totum
985 2751 1056 2818 illis
1072 2749 1280 2820 annualiter
1297 2769 1360 2818 suo
1375 2753 1532 2838 tempore
1549 2751 1713 2821 levorare
1729 2756 1764 2820 61
1780 2751 1922 2850 euitare
1945 2770 2088 2840 vonum,
2106 2756 2146 2820 ut
2161 2753 2356 2840 perfectum
2372 2773 2435 2842 pa·

587 2912 668 2977 reat
692 2907 907 2993 lavoratum,
931 2909 967 2974 et
989 2902 1177 2990 euitatum,
1201 2908 1237 2971 61
1259 2907 1398 2970 surium
1416 2904 1459 2972 de
1473 2921 1580 2990 super
1594 2907 1631 2972 61
1645 2905 1688 2973 de
1703 2907 1841 2990 subtuS,
1865 2907 1958 2974 siout
1975 2905 2071 2974 loeus
2094 2907 2169 2994 ipse
2192 2906 2376 2974 meruerit.
2395 2907 2440 2976 Et

584 3079 690 3130 omne
713 3079 848 3130 annum
872 3079 935 3147 per
958 3063 1115 3146 tempore
1131 3057 1173 3126 de
1189 3057 1366 3126 vindemie
1388 3055 1525 3126 iaciant
1540 3057 1613 3126 iliis
1628 3062 1664 3127 et
1680 3060 1755 3128 suis
1772 3058 1937 3127 eredibus
1952 3057 2055 3127 nobis
2069 3062 2106 3127 et
2122 3059 2255 3128 nostris
2272 3061 2436 3132 eredibus

581 3214 693 3318 scire,
718 3217 759 3282 ut
788 3213 986 3300 dirigemus
1010 3211 1141 3279 ibidem
1157 3211 1305 3279 missum
1319 3215 1493 3297 nostrum,
1504 3214 1539 3279 et
1556 3210 1626 3277 illis
1640 3215 1676 3279 et
1689 3213 1764 3278 suis
1778 3210 1944 3279 eredibus
1960 3211 2038 3298 ipsa
2053 3211 2221 3282 tradietio
2244 3215 2327 3282 abio
2344 3217 2432 3282 tem-

586 3384 673 3453 pore
696 3365 779 3434 illut
801 3363 1035 3450 vindemiare,
1059 3366 1096 3430 et
1118 3365 1232 3430 totum
1249 3361 1324 3448 ipso
1341 3361 1465 3429 vinum
1483 3361 1528 3430 ad
1543 3361 1764 3449 palmentum
1787 3362 1930 3430 illorum
1953 3381 2034 3431 oum
2057 3363 2129 3431 illis
2152 3365 2352 3435 dividamus
2375 3383 2438 3453 per

585 3516 830 3585 medietatem:
856 3517 932 3602 ipso
947 3515 1096 3583 missum
1112 3520 1273 3584 nostrum
1288 3514 1391 3584 tollet
1409 3516 1484 3600 ipso
1500 3514 1624 3581 vinum
1640 3514 1876 3604 medietatem,
1893 3519 1929 3584 et
1944 3515 2017 3584 illis
2033 3517 2087 3586 vei
2106 3516 2251 3586 illorum
2265 3519 2434 3589 eredibus

586 3669 710 3738 demus
725 3672 760 3736 et
776 3667 1113 3780 tradamus-reliqua
1129 3667 1334 3753 medietate,
1350 3671 1386 3736 et
1399 3667 1478 3752 ipsa
1495 3671 1617 3736 nostra
1634 3665 1823 3738 medietate
1838 3669 1881 3737 de
1898 3669 1974 3758 ipso
1989 3673 2115 3740 vinum
2130 3668 2202 3738 illis
2218 3671 2274 3739 vel
2289 3670 2432 3741 illorum

585 3822 751 3890 eredibus
775 3819 819 3888 ad
845 3836 984 3887 omnem
1007 3817 1150 3886 illorum
1174 3819 1360 3906 spondium
1383 3818 1550 3889 atduoere
1573 3839 1683 3906 usque
1707 3823 1752 3891 ad
1776 3822 1922 3892 cellario
1946 3829 2077 3910 nostro,
2101 3825 2364 3912 quodebemus
2388 3827 2434 3896 ad

583 3979 685 4042 turre
708 3992 869 4060 mezana,
893 3977 929 4041 et
951 3977 1100 4058 reponat
1114 3973 1186 4040 illis
1201 3972 1240 4039 in
1256 3991 1453 4060 organeum
1470 3977 1644 4061 nostrum,
1662 3975 1754 4061 quod
1770 3994 1970 4045 noseorum
1987 3977 2117 4065 inipso
2141 3983 2260 4048 nostro
2284 3980 2430 4050 cellario

584 4128 936 4216 adsingnaberimus.
963 4129 1008 4196 Et
1043 4127 1118 4214 ipso
1143 4129 1364 4214 horganeum
1388 4145 1450 4214 per
1475 4128 1590 4196 omnis
1613 4144 1749 4198 annum
1782 4129 1856 4198 illis
1879 4130 2089 4200 adiutarent
2114 4133 2160 4202 ad
2193 4133 2429 4206 oonoiandum

586 4299 731 4369 vonum,
756 4285 944 4367 sequenter
967 4279 1042 4368 ipso
1065 4281 1190 4348 vinum
1214 4279 1346 4348 ibidem
1361 4279 1537 4348 miserint.
1554 4281 1600 4349 Et
1613 4281 1697 4349 dum
1713 4280 1846 4351 ibidem
1861 4283 2000 4352 steterit
2014 4283 2090 4372 ipso
2105 4285 2253 4354 missum
2268 4292 2430 4357 nostrum

582 4451 648 4520 pro
671 4435 746 4520 ipso
770 4434 894 4502 vinum
917 4431 1177 4518 recipiendum,
1202 4429 1275 4498 illis
1298 4433 1419 4500 autem
1442 4431 1625 4502 nutrirent
1647 4434 1840 4503 seeundum
1863 4453 1964 4506 suam
1987 4437 2284 4526 possivilitatem,
2307 4445 2343 4509 et
2366 4461 2429 4529 per

582 4587 699 4654 omnis
721 4604 857 4656 annum
880 4585 989 4654 deant
1011 4585 1113 4652 nobis
1136 4583 1209 4652 illis
1232 4582 1501 4671 palmentatiea,
1525 4583 1618 4654 siout
1640 4587 1824 4656 meruerit.
1849 4587 1894 4655 nt
1916 4606 1985 4673 que
2008 4590 2132 4657 amodo
2158 4595 2194 4659 et
2218 4609 2330 4680 usque
2353 4595 2428 4682 ipso

582 4741 815 4809 constitutum
838 4729 970 4808 ibidem
994 4737 1068 4807 illis
1090 4736 1351 4806 seminaberint
1373 4738 1410 4804 in
1435 4737 1513 4823 ipsa
1528 4735 1754 4825 tradietione,
1767 4738 1876 4808 deant
1891 4739 1974 4808 inde
1991 4743 2092 4810 nobis
2109 4741 2201 4812 iusto
2216 4747 2429 4818 terraticum

468 4876 470 4880 ’
583 4893 778 4962 secundum
802 4891 1095 4960 consuetudinem
1118 4891 1162 4959 de
1185 4891 1261 4976 ipso
1284 4889 1413 4956 locum.
1438 4891 1484 4957 Et
1505 4889 1551 4960 ad
1574 4890 1736 4978 conplete
1760 4896 1879 4961 autem
1896 4893 1972 4981 ipso
1989 4894 2234 4986 const'tutum,
2253 4903 2337 4970 tune
2354 4905 2432 4972 tota

582 5048 620 5113 et
644 5045 772 5114 inolita
794 5046 872 5132 ipsa
894 5044 1064 5114 tradietio
1087 5043 1249 5113 lavorata
1271 5045 1308 5112 et
1331 5042 1481 5129 cultata,
1506 5045 1541 5111 et
1564 5047 1710 5130 operata
1733 5062 1824 5115 vona
1847 5043 2042 5116 remidtent
2076 5048 2121 5117 ad
2142 5054 2265 5121 nostra
2299 5054 2354 5121 vel
2383 5053 2427 5125 ad

582 5199 717 5266 nostris
741 5198 904 5267 eredibus
927 5167 1124 5285 potestatis,
1148 5196 1193 5265 ad
1216 5193 1419 5264 faciendum
1443 5195 1536 5281 quod
1558 5197 1794 5285 voluerimuS,
1819 5201 1856 5266 et
1879 5197 1985 5269 liceat
2009 5199 2080 5269 illis
2113 5202 2195 5272 inde
2222 5206 2324 5273 exire
2346 5225 2428 5275 oum

584 5350 705 5421 omnia
728 5369 837 5421 eausa
859 5351 1006 5421 movilia
1028 5349 1121 5439 quod
1144 5349 1275 5417 ibidem
1298 5349 1478 5435 abuerint,
1495 5353 1531 5418 et
1547 5348 1616 5418 iret
1632 5369 1713 5418 oum
1738 5350 1820 5420 illut
1842 5351 1903 5420 ubi
1919 5353 2110 5443 voluerint,
2127 5358 2204 5426 sine
2220 5358 2335 5430 omnis
2350 5378 2433 5430 oon·

585 5507 774 5577 trarietate
788 5487 920 5576 'nostra
943 5507 1044 5575 etde
1067 5504 1200 5572 nostris
1224 5502 1401 5570 eredibus.
1425 5504 1524 5573 Unde
1547 5523 1611 5592 pro
1626 5505 1748 5575 taliter
1763 5525 1827 5595 per
1843 5525 1936 5578 vona
1950 5511 2204 5582 convenientia
2219 5513 2354 5600 guadio
2368 5533 2431 5584 no·

583 5659 641 5726 bis
666 5659 741 5746 ipse
766 5659 872 5730 lando
894 5663 931 5728 et
953 5660 1129 5728 iohannes
1152 5653 1341 5743 presbiter,
1365 5673 1429 5742 pro
1453 5674 1490 5724 se
1505 5661 1541 5725 et
1556 5675 1619 5743 pro
1635 5657 1703 5745 ipsi
1721 5658 1886 5745 germani
1909 5660 1981 5750 sui,
1996 5661 2181 5752 dederunt,
2206 5667 2243 5734 et
2263 5666 2435 5736 mediato-

582 5827 659 5878 rem
684 5813 786 5880 nobis
808 5813 1004 5900 posuerunt
1027 5807 1212 5896 iaquintus
1227 5806 1378 5877 clericus
1394 5807 1489 5878 filius
1504 5812 1681 5896 quondam
1705 5813 1882 5902 mansoni,
1898 5817 1961 5904 qui
1984 5816 2029 5888 ad
2045 5817 2205 5889 ordinem
2221 5821 2431 5890 monahohi·
