5422 7102
614 489 684 560 aas
1257 432 1432 556 eonux
1466 483 1729 556 esurussrs

569 713 800 784 lavorandum
835 714 932 798 illut,
962 715 1055 782 sicut
1079 713 1358 799 supradiximus,
1383 710 1529 799 quodsi
1553 709 1695 798 aliquit,
1718 711 1761 778 de
1784 711 1954 798 quomodo
1977 713 2143 798 superius
2167 712 2313 801 legitur,
2338 733 2426 800 que-

578 864 680 933 sierit
703 867 884 934 remoberc
908 865 972 931 aut
996 865 1185 948 contrane,
1210 866 1245 929 el
1267 862 1389 930 taliter
1413 863 1534 931 omnia
1556 864 1801 950 suprascripta
1823 863 1924 930 nobis
1949 881 2020 931 non
2045 863 2309 952 adimpleverit,
2333 883 2427 934 com-

577 1035 707 1104 ponere
744 1016 994 1102 obligaverunt
1017 1033 1054 1081 se
1078 1017 1112 1081 et
1136 1015 1210 1082 suis
1233 1014 1423 1081 heredibus
1447 1015 1536 1082 mihi
1553 1015 1693 1101 meique
1710 1014 1898 1082 heredibus
1914 1015 2179 1104 quinquaginta
2194 1017 2274 1086 auri
2293 1017 2422 1086 solidos

575 1169 835 1253 constantium,
853 1171 889 1234 et
907 1165 1028 1234 omnia
1051 1165 1296 1251 suprascripta
1320 1185 1383 1252 per
1407 1164 1533 1233 inbitis
1557 1165 1665 1258 nobis¹
1683 1165 1907 1252 complirent,
1925 1171 1960 1235 et
1985 1173 2227 1254 apposuerunt
2251 1171 2352 1236 nobis
2376 1170 2421 1236 ad

577 1320 841 1408 pignerandum
868 1318 982 1386 omnis
1007 1321 1112 1387 rebus
1134 1323 1171 1387 et
1194 1337 1339 1388 causam
1362 1337 1465 1388 suam
1490 1317 1649 1404 legitimo
1672 1322 1708 1385 et
1733 1319 1947 1406 inlegitimo,
1971 1325 2005 1387 et
2021 1323 2117 1390 huuc
2135 1323 2278 1389 brebem
2296 1321 2424 1408 scripsi

578 1491 644 1560 ego
679 1476 864 1559 iaquintus
888 1473 1051 1542 notarius
1075 1474 1136 1559 qui
1162 1471 1320 1540 interfui.

624 1597 654 1714 †
680 1629 754 1712 Ego
777 1631 903 1714 petrus

626 1749 656 1866 †
681 1780 755 1866 Ego
780 1781 986 1849 teudericus
1010 1801 1065 1849 me
1089 1780 1282 1866 subscripsi

626 1904 657 2020 †
683 1935 755 2020 Ego
779 1935 953 2003 iohannes
978 1935 1140 2003 notarius
1165 1951 1219 1999 me
1243 1932 1437 2019 subscripsi

624 2060 654 2176 †
680 2089 755 2176 Ego
778 2088 974 2158 roderisius

622 2210 652 2325 †
677 2241 753 2326 Ego
776 2245 898 2327 petrus
921 2243 1086 2312 noterius
1110 2261 1164 2311 me
1190 2239 1398 2326 subscripsi.

1315 2459 1458 2472 ..-......-
1474 2462 1545 2468 ...-
1574 2461 1616 2467 ....

1319 2756 1692 2838 DCCCXLIX.

1369 3019 1423 3096 A.
1452 3016 1501 3094 D.
1532 3015 1658 3096 1033.

621 3263 722 3404 †ln
744 3317 886 3383 nomine
910 3311 1044 3382 domini
1082 3311 1345 3399 quintodecimo
1380 3328 1476 3378 anno
1508 3309 1732 3397 principatus
1766 3311 1888 3379 domni
1923 3315 2036 3381 nostri
2068 3316 2248 3400 guaimari
2280 3315 2432 3404 glorioso

576 3470 742 3556 princeps
766 3468 864 3535 filius
888 3465 1070 3554 quondam
1094 3465 1276 3552 guaimari
1300 3463 1485 3551 principis,
1511 3482 1630 3531 mense
1647 3463 1792 3550 aprelis,
1816 3465 1932 3552 prima
1957 3464 2161 3536 indictione.
2188 3469 2228 3535 ln
2251 3488 2355 3539 sacro
2373 3489 2429 3542 sa·

576 3623 762 3692 lernitano
786 3619 922 3708 palatio
946 3639 1027 3688 cum
1054 3619 1209 3688 residere
1233 3619 1459 3705 supradictus
1482 3617 1656 3705 gloriosus
1679 3619 1845 3706 princeps
1869 3620 2062 3688 secundum
2085 3621 2238 3708 gloriose
2269 3593 2432 3711 dignita-

574 3778 621 3854 tis
645 3795 719 3862 sue,
744 3780 780 3844 et
804 3780 887 3844 ante
911 3774 1009 3842 illius
1033 3776 1215 3861 presentia
1238 3777 1382 3842 hastare
1405 3775 1497 3858 hego
1520 3770 1738 3859 grimoaldus
1759 3789 1873 3839 comes
1897 3776 1932 3840 et
1957 3773 2064 3842 iudex
2088 3795 2168 3843 cum
2192 3777 2312 3862 plnres
2339 3775 2431 3846 aliis

575 3929 765 3996 noviliores
789 3929 964 4015 homines,
990 3927 1028 3994 in
1052 3928 1173 3996 eadem
1197 3927 1379 4013 presentia
1403 3924 1504 3993 benit
1520 3925 1739 3991 infantulum
1755 3925 1851 3994 infra
1866 3929 1959 3996 etate
1976 3929 2120 3996 nomine
2136 3928 2311 3998 iohannes
2327 3929 2423 3997 filius

529 4053 534 4062 ⁵
575 4079 754 4166 quondam
777 4078 942 4164 visantii,
967 4083 1002 4144 ct
1026 4096 1107 4144 oum
1131 4097 1212 4144 cum
1236 4075 1336 4144 benit
1359 4073 1487 4142 mulier
1511 4075 1655 4142 nomine
1678 4074 1781 4160 pinta
1802 4077 1864 4162 qui
1889 4077 2012 4146 aloara
2036 4081 2197 4166 bocatur,
2214 4078 2291 4147 filia
2308 4098 2420 4166 quon-

493 4225 502 4242 '
573 4232 656 4300 dam
681 4231 773 4299 leoni
798 4232 1058 4316 amalfitanum,
1082 4231 1145 4316 qui
1169 4234 1223 4296 est
1246 4229 1403 4314 genetris
1428 4228 1538 4312 ipsius
1554 4226 1724 4294 infantuli
1742 4232 1777 4295 ct
1795 4245 1905 4296 uxore
1921 4229 1989 4298 fuit
2005 4230 2165 4299 iamdicti
2190 4231 2351 4302 visantii.
2378 4235 2422 4301 Et

573 4385 648 4472 ipse
675 4385 798 4452 inians
822 4389 908 4453 ante
930 4383 1138 4471 supradicta
1154 4381 1308 4470 gloriosa
1325 4385 1479 4468 potestas
1502 4382 1595 4466 cepit
1617 4400 1681 4452 sua
1696 4383 1908 4494 necessitate
1925 4383 2094 4452 intimare
2110 4385 2263 4454 dicente:
2279 4387 2419 4476 domne,

573 4538 647 4622 ipse
670 4536 811 4624 genitor
836 4555 935 4604 meus
950 4537 1038 4605 mibi
1056 4535 1214 4604 devitum
1230 4534 1276 4602 ad
1293 4532 1504 4602 salbandum
1520 4531 1671 4620 dimisit,
1690 4533 1783 4601 unde
1800 4553 1823 4602 a
1838 4535 2072 4604 creditoribus
2096 4542 2131 4606 ct
2154 4538 2417 4608 fideiussoribus

571 4688 723 4758 nimium
746 4692 940 4776 obpreensu
965 4694 1000 4756 et
1024 4688 1236 4774 angustiatu
1261 4704 1352 4772 sum,
1370 4691 1406 4752 ot
1423 4702 1494 4750 non
1510 4687 1597 4752 abeo
1613 4686 1768 4794 pretium
1793 4689 1911 4756 hunde
1936 4689 2053 4775 ipsum
2075 4691 2232 4758 devitum
2256 4691 2413 4761 retdant.

571 4841 765 4928 Propterea
788 4839 885 4907 uenit
908 4843 991 4908 ante
1013 4845 1076 4907 tna
1100 4839 1280 4924 presentia
1303 4837 1470 4904 notitiam
1495 4836 1578 4906 inde
1600 4838 1812 4927 faciendum,
1838 4841 1903 4909 hut
1928 4860 1989 4929 per
2012 4847 2075 4911 tua
2091 4843 2255 4912 notitiam
2274 4846 2416 4912 tantum

568 4992 611 5060 tle
634 4997 739 5060 rebus
764 4993 854 5061 meis
877 4993 964 5061 dare
985 5009 1139 5078 possam,
1162 4995 1336 5077 quantum
1360 4991 1435 5078 ipso
1460 4993 1617 5060 devitum
1636 5001 1688 5062 est
1705 4995 1797 5080 quod
1813 5014 1878 5083 ego
1894 4997 1980 5065 dare
1997 4997 2119 5084 debeo,
2138 5005 2177 5066 ut
2193 4999 2280 5066 mihi
2299 4978 2411 5068 maior

569 5146 770 5216 damnietas
793 5149 936 5232 propter
960 5161 1066 5211 onore
1090 5143 1281 5210 solidorum
1298 5162 1369 5211 non
1394 5150 1584 5222 accrescas
1608 5145 1683 5232 ipsc
1700 5166 1783 5215 vero
1798 5149 1974 5237 gloriosus
1992 5151 2155 5237 princeps
2174 5151 2414 5238 interrogavit

570 5299 686 5386 ipsum
711 5297 911 5383 infantem,
935 5301 1109 5384 quantum
1132 5301 1223 5365 esset
1246 5298 1321 5382 ipso
1344 5297 1502 5365 devitum
1525 5285 1795 5366 dare'boleret:
1828 5299 1902 5385 ipse
1927 5301 2101 5370 iohannes
2124 5302 2248 5388 dixit,
2277 5305 2340 5388 qui
2367 5309 2420 5372 est

569 5453 719 5538 infante,
737 5451 811 5538 ipso
827 5450 985 5518 devitum
1009 5455 1102 5519 esset
1125 5449 1254 5517 solidos
1276 5454 1448 5536 centum,
1477 5453 1512 5517 et
1536 5450 1670 5518 boleret
1692 5469 1755 5536 pro
1781 5455 1856 5537 ipso
1880 5451 2038 5520 devitum
2072 5453 2158 5521 dare
2191 5455 2317 5524 inclita
2342 5473 2416 5524 me·

569 5606 701 5674 dietate
724 5604 767 5672 de
790 5603 906 5672 omnis
928 5603 1036 5672 terris
1059 5606 1093 5670 et
1123 5601 1217 5671 casis
1240 5620 1302 5670 sue
1326 5602 1368 5670 de
1393 5601 1491 5666 intus
1513 5591 1607 5670 hanc
1632 5601 1891 5707 salernitanam
1914 5603 2111 5692 civitatem,
2134 5612 2171 5675 et
2195 5606 2324 5678 inclita
2349 5627 2424 5676 me-

568 5757 736 5826 dietatem
759 5757 802 5823 de
825 5753 941 5824 omnis
966 5757 1072 5821 rebus
1095 5772 1161 5822 sua
1184 5753 1348 5822 sterilem
1381 5755 1522 5823 aforas
1546 5756 1639 5823 hanc
1671 5755 1856 5825 civitatem
1884 5757 1927 5825 de
1959 5758 2044 5825 locis
2077 5759 2199 5827 felline
2230 5762 2266 5827 et
2300 5759 2412 5829 airole
