5466 7106
610 547 680 618 154
1246 541 1420 612 cobnx
1461 536 1727 610 clvsrtsls

559 787 640 838 sum
663 771 791 839 omini.
818 771 867 836 Ec
891 787 975 838 vero
1000 769 1043 836 de
1066 769 1171 836 ambe
1193 765 1399 852 supradicte
1413 765 1525 852 pecie,
1540 763 1632 850 quod
1649 763 1804 850 pertinet
1819 763 1930 850 ipsius
1946 761 2061 832 nostri
2077 763 2305 851 monasterii,
2320 762 2415 834 sicut

556 921 694 992 dictum
716 927 797 1012 cst,
820 940 886 1012 ego
909 922 973 1010 qui
997 939 1108 1012 supra
1131 922 1242 989 abbas
1265 918 1378 1006 ipsius
1401 917 1494 986 leoni
1517 915 1679 987 tradidit.
1705 917 1745 983 ln
1768 933 1809 983 oc
1832 914 1967 1001 ordine,
1992 917 2033 982 ut
2056 915 2181 984 amodo
2204 919 2241 984 et
2271 935 2411 1004 semper

561 1077 638 1143 tote
660 1078 698 1144 et
720 1075 846 1145 inclite
869 1077 944 1162 ipso
966 1074 1200 1144 tradictiones
1221 1073 1267 1141 ad
1291 1091 1358 1140 sua
1380 1075 1417 1141 et
1439 1071 1483 1139 de
1506 1069 1582 1138 suis
1603 1071 1769 1139 eredibus
1791 1071 1865 1138 sint
1889 1071 2062 1154 potestate
2097 1068 2181 1136 illut
2217 1070 2410 1138 tenendum

556 1229 593 1295 ct
616 1227 886 1315 dominandum,
909 1231 946 1297 et
968 1229 1068 1296 fovee
1090 1231 1127 1295 et
1149 1245 1212 1294 sue
1236 1223 1405 1294 utilitatis
1429 1223 1525 1291 iusta
1548 1223 1727 1291 rationem
1750 1221 1881 1288 ibidem
1905 1221 2054 1288 iaciant.
2077 1222 2122 1288 Et
2145 1225 2217 1289 tote
2240 1219 2317 1308 ipse
2333 1225 2410 1290 tra-

555 1379 740 1470 diotiones,
765 1399 834 1467 que
857 1385 911 1450 est
934 1383 1033 1450 terra
1056 1399 1138 1449 cum
1161 1377 1317 1449 arbustis
1341 1377 1480 1464 vitatis,
1504 1395 1567 1463 per
1591 1373 1706 1442 omnis
1730 1391 1865 1442 annum
1889 1375 1971 1441 abto
1995 1377 2152 1460 tempore
2175 1373 2220 1442 de
2244 1393 2352 1462 super
2376 1383 2414 1444 et

554 1529 597 1598 de
620 1532 744 1598 subtus
768 1531 849 1599 illut
872 1531 1081 1602 lavorarent
1103 1535 1141 1604 et
1164 1537 1370 1620 operarent,
1395 1535 1432 1599 et
1457 1529 1539 1598 illut
1561 1529 1741 1597 cultarent
1765 1547 1908 1596 vonum.
1926 1530 1971 1596 Et
1987 1529 2048 1596 ubi
2064 1530 2248 1614 meruerit,
2266 1533 2411 1600 arbores

554 1686 592 1750 et
614 1681 704 1751 vites
726 1681 858 1786 ibidem
881 1683 1103 1771 plantarent,
1121 1691 1156 1752 et
1171 1683 1467 1771 propaginarent,
1485 1686 1521 1750 et
1537 1685 1740 1770 surgerent,
1756 1684 1792 1748 et
1807 1680 2007 1750 studiarent
2030 1680 2126 1766 illut,
2152 1683 2245 1750 sicut
2269 1701 2408 1752 merue-

553 1837 616 1923 rit,
641 1853 771 1904 vonum
795 1856 870 1906 esse
893 1839 1081 1906 arbustum
1105 1857 1168 1926 per
1192 1839 1279 1924 ipsis
1303 1837 1403 1923 locis,
1429 1839 1469 1903 ut
1493 1855 1557 1922 per
1579 1833 1695 1902 omnis
1719 1851 1857 1903 annum
1880 1835 2075 1920 perlectum
2098 1839 2225 1920 pareat
2258 1839 2405 1922 operata

558 1993 595 2055 ct
618 1988 755 2058 cultata
777 1993 814 2057 et
837 1994 940 2058 suria
962 1991 1005 2058 de
1030 2008 1136 2077 super
1159 1989 1260 2058 etde
1283 1991 1408 2056 subtus
1432 1991 1503 2056 tote
1527 1987 1602 2074 ipse
1625 1987 1875 2075 tradictioneS,
1900 1990 2079 2075 quatenus
2101 1989 2308 2058 annualiter
2323 2005 2403 2077 pro-

552 2142 652 2212 ficiat
674 2145 711 2212 et
734 2161 807 2211 non
831 2143 1051 2232 dispereant,
1068 2147 1104 2213 et
1128 2145 1266 2214 salbum
1289 2141 1373 2209 illut
1395 2142 1498 2209 nobis
1521 2141 1668 2227 saciant,
1693 2139 1789 2208 sicut
1813 2141 1986 2210 meruerit
2008 2144 2044 2208 et
2067 2142 2201 2210 iustum
2217 2142 2340 2212 fuerit.
2366 2145 2411 2212 Et
2521 2135 2526 2144 '

551 2313 615 2383 per
637 2297 753 2366 omnis
777 2315 913 2367 annum
937 2316 999 2384 per
1023 2296 1201 2364 vindemie
1224 2299 1382 2382 tempore
1405 2314 1468 2382 per
1491 2297 1575 2364 abto
1598 2297 1755 2380 tempore
1779 2294 1916 2362 faciant
1940 2293 2000 2362 ille
2016 2299 2052 2362 et
2068 2296 2143 2363 suis
2160 2297 2327 2365 eredibus
2348 2317 2405 2366 me

553 2453 614 2538 qui
640 2469 750 2540 supra
773 2454 884 2523 abbas
907 2452 961 2522 vel
986 2469 1205 2521 successores
1229 2469 1324 2520 meos
1348 2451 1452 2536 scire,
1471 2455 1510 2517 ut
1533 2449 1666 2516 ibidem
1689 2447 1889 2534 dirigamus
1912 2449 2062 2515 missum
2086 2453 2262 2536 nostrum,
2288 2455 2324 2519 et
2349 2450 2410 2519 ille

555 2601 610 2670 vel
634 2605 709 2672 suis
733 2605 898 2673 eredibus
922 2604 1137 2673 adiubarent
1158 2603 1204 2671 ad
1227 2602 1464 2671 conciandum
1486 2619 1645 2688 organea
1668 2599 1714 2668 da
1733 2601 1870 2686 vinum,
1895 2599 1987 2686 quod
2010 2617 2093 2685 pars
2117 2601 2230 2687 ipsius
2254 2599 2406 2669 ecclesie

555 2758 669 2826 nostri
693 2758 903 2827 monasterii
926 2760 1008 2828 abet
1031 2758 1078 2827 ad
1100 2757 1285 2826 cellarium
1308 2759 1480 2842 nostrum,
1504 2753 1597 2840 quod
1613 2751 1745 2820 ibidem
1761 2753 1907 2820 abemus
1923 2750 1961 2818 in
1979 2753 2056 2839 ipsa
2075 2757 2197 2822 nostra
2213 2759 2313 2822 curte
2330 2773 2407 2823 ma·

557 2909 647 2998 iore,
671 2915 707 2978 et
729 2912 937 2980 nonciarent
958 2911 995 2978 et
1018 2909 1102 2976 illut
1125 2908 1327 2976 studiarent
1342 2925 1486 2990 vonum,
1504 2903 1597 2973 sicut
1613 2903 1797 2990 meruerit,
1815 2923 2013 2992 organeum
2029 2907 2157 2992 ipsum,
2174 2907 2236 2974 ubi
2253 2907 2330 2993 ipsa
2346 2925 2411 2975 no-

555 3070 633 3134 stra
649 3064 848 3146 ‚medietate
870 3064 913 3132 de
939 3065 1015 3150 ipso
1038 3063 1173 3150 vinum,
1198 3062 1291 3149 quod
1313 3064 1359 3130 ab
1376 3061 1458 3128 illut
1474 3061 1518 3130 ad
1534 3063 1649 3148 ipsum
1665 3062 1813 3130 missurn
1837 3067 1996 3131 nostrum
2013 3063 2165 3151 venerit,
2182 3063 2331 3132 midtere
2348 3065 2408 3134 de-

556 3215 729 3302 buerint,
752 3219 790 3283 et
814 3215 896 3282 illut
918 3214 1128 3282 ordinarent
1150 3214 1225 3300 ipso
1248 3215 1472 3300 horganeum
1496 3211 1535 3278 in
1559 3213 1675 3300 ipsum
1699 3219 1858 3284 nostrum
1875 3215 2077 3302 cellarium,
2102 3216 2195 3284 sicut
2220 3219 2410 3307 meruerit,

555 3373 592 3437 et
615 3369 741 3437 amodo
764 3375 800 3438 et
822 3368 919 3436 omni
943 3373 1099 3456 tempore
1123 3371 1161 3434 in
1186 3365 1264 3454 ipsa
1287 3363 1458 3436 iamdicta
1481 3367 1583 3453 pecia
1605 3367 1649 3435 de
1673 3369 1751 3455 ipsa
1774 3371 1874 3436 curte
1898 3369 2033 3437 maiore
2058 3368 2189 3436 ibidem
2205 3369 2314 3438 illeet
2330 3370 2409 3438 suis

559 3521 725 3590 eredibus
750 3522 907 3591 residere
930 3527 965 3591 et
988 3521 1128 3591 abitare
1150 3521 1305 3590 deveant
1329 3521 1423 3588 omni
1448 3524 1617 3608 tempore.
1636 3524 1681 3590 llt
1703 3525 1765 3591 ubi
1789 3511 1961 3592 meruerit
1983 3523 2126 3592 cludere
2149 3522 2193 3591 de
2215 3523 2294 3610 ipsa
2319 3526 2409 3594 iam-

555 3675 653 3745 dicta
680 3677 796 3764 pecia,
821 3677 903 3744 illut
925 3675 1074 3744 cludant
1095 3677 1131 3743 et
1154 3674 1291 3742 clusum
1315 3673 1388 3741 illis
1404 3676 1537 3743 abeant
1552 3673 1649 3741 omni
1667 3677 1837 3760 tempore.
1862 3677 1907 3742 Et
1930 3675 1991 3744 ille
2014 3680 2051 3743 et
2074 3679 2148 3744 suis
2165 3676 2329 3744 eredibus
2345 3695 2412 3762 per

557 3827 674 3896 omnis
697 3847 833 3898 annum
857 3831 940 3899 abto
963 3833 1121 3915 tempore
1145 3827 1227 3895 illut
1250 3826 1514 3895 vindemiarent
1537 3830 1611 3896 tote
1636 3829 1710 3916 ipse
1740 3829 1843 3896 ambe
1865 3828 2068 3915 supradicte
2092 3829 2339 3898 tradictiones.
2365 3831 2410 3898 Et

557 3997 697 4067 pomam
720 3980 751 4048 si
776 3981 932 4068 abuerit,
959 3979 1022 4050 illa
1044 3979 1229 4067 colligant.
1255 3979 1300 4046 Et
1323 3978 1365 4046 de
1389 3978 1504 4046 omnis
1526 3979 1651 4046 vinum
1673 3981 1709 4046 et
1731 3997 1871 4066 pomam
1895 3978 2025 4048 exinde
2049 3941 2255 4050 annualite'i
2279 3981 2409 4054 inclita

557 4133 749 4203 medietate
774 4151 837 4220 per
859 4134 975 4202 omnis
997 4151 1133 4203 annum
1157 4133 1240 4202 inde
1262 4132 1371 4202 deant
1395 4132 1580 4219 adipsum
1604 4131 1753 4200 missum
1775 4136 1962 4220 nostrum,
1996 4138 2032 4202 et
2055 4134 2195 4221 reliqua
2219 4135 2298 4221 ipsa
2333 4137 2410 4206 alia

559 4283 750 4354 medietate
774 4283 846 4354 illis
869 4285 940 4352 sivi
966 4287 1111 4372 abeant,
1137 4287 1173 4353 et
1195 4285 1273 4370 ipsa
1296 4281 1488 4354 medietate
1511 4284 1553 4351 de
1570 4283 1646 4370 ipso
1661 4283 1786 4352 vinum
1801 4283 1952 4372 predicti
1971 4283 2084 4353 nostri
2100 4287 2323 4375 monasterii,
2339 4305 2410 4374 que

560 4441 606 4508 ab
631 4435 706 4508 illis
730 4437 914 4526 adipsum
939 4438 1087 4507 missum
1112 4441 1272 4505 nostrum
1295 4437 1447 4514 venerit,
1473 4456 1536 4524 per
1559 4437 1674 4506 omnis
1697 4456 1834 4508 annum
1857 4458 1939 4507 cum
1961 4458 2025 4508 suo
2047 4440 2223 4526 expendio
2248 4441 2331 4510 illut
2359 4447 2413 4512 at·

559 4587 692 4658 ducere
715 4589 761 4658 ad
784 4588 900 4676 ipsum
924 4587 1111 4657 cellarium
1134 4586 1247 4675 ipsius
1270 4587 1385 4654 nostri
1408 4589 1639 4676 monasterii,
1663 4594 1699 4657 et
1722 4589 1877 4659 midtant
1906 4591 1988 4659 illut
2022 4594 2061 4662 in
2085 4591 2160 4679 ipso
2184 4595 2408 4680 horganeum

561 4743 655 4829 quod
680 4742 754 4810 illis
776 4743 1037 4829 conoiaberint,
1060 4742 1107 4810 ad
1129 4740 1333 4810 iaciendum
1355 4741 1485 4810 exinde
1509 4760 1593 4828 pars
1616 4741 1764 4828 predicti
1788 4743 1903 4811 nostri
1922 4745 2125 4814 monasterii
2144 4745 2237 4830 quod
2254 4745 2413 4814 volueri-

561 4915 653 4963 mus.
678 4896 723 4963 Et
747 4895 789 4965 de
813 4896 905 4982 quod
928 4894 1137 4964 annualiter
1161 4894 1285 4962 amodo
1307 4897 1344 4962 et
1367 4912 1506 4980 semper
1528 4893 1569 4961 in
1592 4895 1666 4981 ipse
1689 4895 1848 4981 predicte
1873 4895 2105 4966 tradictiones
2122 4896 2195 4966 illis
2211 4898 2416 4968 seminabe-

562 5050 653 5136 rint,
677 5049 787 5120 deant
811 5049 895 5118 inde
918 5049 992 5118 illis
1014 5049 1224 5119 terraticum
1248 5037 1295 5119 ad
1320 5049 1396 5136 ipso
1419 5049 1568 5116 missum
1592 5051 1755 5115 nostrum
1778 5046 1899 5134 ibique
1923 5049 1962 5116 in
1983 5050 2062 5135 ipsa
2085 5052 2191 5118 rebus
2214 5052 2412 5120 secundum

564 5201 860 5273 cousuetudinem
894 5200 937 5268 de
960 5199 1037 5288 ipso
1061 5199 1188 5267 locum.
1212 5200 1257 5266 Et
1280 5217 1391 5287 usque
1414 5200 1499 5268 dum
1522 5199 1729 5270 annualiter
1765 5200 1841 5286 ipso
1872 5202 2020 5269 missum
2049 5208 2212 5270 nostrum
2247 5223 2311 5291 pro
2334 5207 2414 5292 ipsa

567 5355 749 5426 vindemia
772 5353 906 5423 ibidem
930 5353 1083 5441 steterit,
1108 5352 1182 5420 illis
1205 5357 1327 5420 autern
1350 5350 1549 5456 nutrirent,
1566 5350 1660 5419 sicut
1675 5353 1808 5419 iustum
1828 5353 1938 5420 luerit
1960 5353 2155 5421 secundum
2178 5374 2279 5424 suam
2303 5358 2415 5443 possi·

563 5505 753 5576 vilitatem.
780 5507 825 5574 Et
846 5524 911 5594 per
933 5503 1048 5572 omnis
1071 5521 1208 5572 annum
1231 5503 1489 5590 palmentatica
1514 5501 1586 5570 illis
1608 5501 1654 5571 ad
1677 5502 1792 5590 ipsum
1816 5504 1963 5571 missum
1986 5509 2149 5574 nostrum
2165 5507 2275 5576 deant
2290 5527 2417 5578 securu-

442 5651 446 5659 '
562 5657 647 5726 dum
670 5657 963 5728 cousuetudinem
985 5657 1029 5726 de
1052 5658 1129 5744 ipso
1152 5655 1280 5723 locum.
1305 5654 1403 5723 Unde
1427 5655 1467 5722 in
1490 5671 1531 5721 eo
1554 5653 1704 5722 hordine
1718 5672 1783 5742 per
1800 5655 2201 5746 convenientiaguadia
2217 5661 2319 5730 nobis
2336 5635 2413 5751 ipsc

563 5810 794 5896 supradictus
818 5811 872 5881 leo
894 5811 991 5881 dedit
1013 5815 1051 5879 et
1075 5809 1306 5880 mediatorem
1329 5808 1431 5876 nobis
1454 5805 1573 5896 posuit
1596 5807 1782 5877 mirandus
1805 5807 1901 5876 filius
1924 5810 2103 5897 quondam
2117 5815 2309 5884 venerardi
2333 5819 2421 5886 abi--
