5466 7106
1275 559 1447 634 CODEX
1479 563 1745 639 CAVENSIS

1345 1001 1674 1087 DCCLXXI.

1348 1268 1403 1345 A.
1431 1266 1481 1344 D.
1510 1267 1641 1348 1025.

615 1499 652 1640 †
676 1551 716 1616 ln
740 1551 883 1620 666166
906 1553 1043 1623 166161
1060 1557 1240 1625 tricesimo
1257 1558 1405 1644 septimo
1421 1561 1541 1628 hanno
1556 1559 1781 1646 principatus
1796 1557 1915 1625 domni
1932 1557 2045 1626 nostri
2062 1558 2273 1648 guaimarii,
2291 1565 2327 1629 et
2343 1579 2423 1650 666-

567 1703 654 1771 1166
677 1721 772 1775 6666
784 1706 1008 1796 principatus
1024 1711 1144 1780 domni
1167 1711 1364 1798 guaimarii
1380 1711 1458 1781 eius
1473 1712 1553 1800 filii,
1570 1713 1716 1801 gloriosi
1732 1711 1970 1802 principibus
1987 1731 2108 1782 66666
2123 1713 2247 1802 161166,
2264 1715 2420 1784 hoctaba

567 1857 779 1927 indictione.
805 1861 1093 1932 Memoratorium
1127 1864 1262 1933 sactum
1284 1885 1307 1933 a
1330 1885 1387 1934 me
1410 1870 1532 1954 petrus
1554 1867 1729 1954 presbiter
1752 1871 1788 1936 et
1811 1867 2013 1938 cardenalis
2036 1867 2184 1936 ecclesie
2208 1868 2422 1938 vocavulum

566 2012 682 2080 sancti
706 2014 857 2082 maximi
882 2016 989 2084 sitam
1013 2017 1111 2086 intus
1134 2017 1394 2088 salernitanam
1417 2019 1617 2110 civitatem,
1641 2039 1682 2091 eo
1705 2022 1798 2108 quod
1820 2026 1905 2091 ante
1928 2023 2111 2110 presentia
2133 2021 2253 2089 domni
2278 2021 2417 2090 maioni

566 2166 786 2236 beneravilis
809 2169 953 2239 abbatis
976 2170 1141 2240 iamdicto
1164 2173 1310 2241 ecclesie
1328 2173 1443 2242 sancti
1459 2175 1625 2262 maximi,
1642 2178 1678 2242 et
1693 2175 1814 2262 ibique
1830 2177 1994 2246 adessent
2009 2176 2200 2263 subscripti
2215 2179 2338 2264 166166,
2355 2194 2422 2263 per

566 2321 660 2388 bona
684 2323 947 2394 combenientia
970 2324 1103 2394 tradidi
1126 2344 1191 2414 ego
1213 2326 1258 2395 ad
1281 2327 1513 2396 lavorandum
1538 2327 1685 2396 61611661
1708 2328 1782 2396 filio
1805 2328 1969 2398 maranci
1993 2329 2035 2397 16
2052 2328 2201 2398 nuceria
2225 2346 2299 2398 una
2315 2327 2422 2415 pecia

566 2473 608 2540 de
632 2478 733 2543 terra
755 2477 848 2562 quod
871 2497 956 2564 pars
979 2479 1147 2548 16611616
1170 2479 1316 2549 ecclesie
1339 2483 1424 2550 abet
1447 2483 1486 2549 16
1511 2482 1585 2568 1666
1608 2483 1725 2552 16666
1748 2486 1921 2572 nuceria,
1946 2483 2008 2552 ubi
2032 2483 2152 2572 agella
2173 2483 2323 2571 dicitur,
2349 2501 2419 2570 que

563 2637 718 2700 osteum
743 2636 931 2704 arboribus
954 2636 1092 2724 6116116,
1108 2635 1214 2724 quem
1237 2656 1304 2725 ego
1326 2658 1349 2707 6
1371 2657 1455 2724 pars
1478 2637 1590 2724 ipsius
1612 2639 1759 2707 ecclesie
1782 2639 1821 2706 in
1837 2638 2049 2707 beneficium
2073 2642 2177 2708 teneo
2200 2656 2264 2726 per
2286 2641 2353 2707 hec
2379 2639 2422 2707 fi-

564 2786 622 2852 uis
645 2791 681 2855 61
704 2785 897 2856 mensurie.
915 2792 945 2855 A
961 2808 1045 2875 pars
1067 2789 1330 2877 septemtrionis
1353 2791 1426 2860 fine
1447 2792 1508 2860 via
1530 2792 1687 2880 puplica,
1710 2811 1779 2879 que
1802 2793 1922 2880 pergit
1945 2793 1991 2862 ad
2015 2793 2091 2879 1666
2107 2791 2202 2860 turri
2218 2795 2255 2860 61
2279 2791 2325 2861 61
2343 2791 2415 2878 ipsi

563 2941 673 3026 periti
681 2991 690 3027 ,
714 2944 799 3008 6661
823 2942 906 3010 1616
928 2942 1025 3029 66661
1048 2944 1278 3030 hoctoaginta
1301 2944 1382 3012 duo:
1409 2946 1455 3012 ab
1478 2944 1660 3013 occidente
1683 2945 1767 3033 fine,
1786 2947 1957 3032 quomodo
1982 2946 2097 3015 limite
2119 2949 2156 3014 et
2179 2963 2262 3034 sepe
2285 2945 2419 3014 discer-

564 3097 633 3183 nit,
658 3096 728 3164 fine
751 3095 794 3164 de
817 3096 966 3164 heredes
990 3097 1229 3184 machonolfi,
1252 3095 1335 3164 inde
1357 3097 1452 3183 passi
1476 3099 1692 3184 sexaginta:
1721 3119 1744 3167 a
1767 3098 1915 3168 meridie
1939 3101 2024 3186 fine,
2056 3097 2229 3187 quomodo
2253 3099 2338 3185 poiu
2361 3098 2420 3167 di·

565 3248 714 3334 scernit,
738 3223 810 3316 fine
835 3248 1000 3317 iamdicta
1022 3248 1183 3336 ecclesie,
1207 3248 1291 3316 inde
1313 3250 1409 3336 passi
1433 3249 1627 3338 sexaginta
1649 3251 1839 3338 quadtuor,
1859 3251 1943 3319 inde
1966 3251 2168 3320 revolvente
2191 3249 2353 3320 saliendo
2378 3252 2417 3319 16

563 3417 648 3486 pars
672 3398 821 3467 meridie
844 3418 955 3486 usque
978 3400 1052 3487 1666
1076 3400 1189 3468 limite
1213 3400 1296 3468 inde
1319 3401 1415 3487 passi
1438 3402 1628 3487 quadtuor:
1654 3404 1786 3471 iterum
1809 3423 1832 3472 a
1855 3408 1955 3490 parte
1971 3401 2122 3471 meridie
2138 3403 2223 3490 fine,
2242 3403 2417 3489 quomodo

563 3553 721 3640 predicto
744 3552 858 3621 limite
881 3551 1064 3638 discernit,
1081 3553 1151 3620 fine
1174 3553 1332 3640 predicte
1347 3554 1496 3623 ecclesie
1513 3557 1629 3625 sancti
1647 3557 1817 3644 maximi,
1830 3557 1913 3626 inde
1929 3556 2027 3645 passi
2045 3556 2192 3644 viginti:
2210 3558 2256 3625 ab
2272 3556 2412 3626 oriente

563 3708 634 3774 fine
658 3708 825 3778 similiter
850 3707 961 3795 166166
984 3707 1130 3775 ecclesie
1153 3710 1270 3777 sancti
1294 3695 1457 3796 maximi,
1482 3709 1565 3778 inde
1588 3711 1685 3796 passi
1700 3711 1933 3798 hoctoaginta
1956 3714 2097 3799 nobem,
2122 3709 2205 3779 inde
2228 3728 2268 3778 se
2293 3727 2418 3778 recon-

563 3861 682 3947 iungit
711 3860 755 3931 ad
779 3861 857 3948 ipsa
880 3861 937 3930 via
960 3859 1104 3949 puplica
1126 3880 1195 3946 que
1217 3866 1271 3929 est
1292 3862 1411 3948 priore
1434 3861 1534 3948 fine,
1566 3865 1680 3929 totum
1711 3861 1875 3930 6116616
1898 3880 2043 3948 666666
2065 3862 2203 3930 homini
2228 3880 2414 3932 mensura·

563 4017 653 4080 tum.
673 4015 745 4081 1166
763 4033 845 4082 vero
868 4016 974 4084 rebus
997 4033 1061 4102 per
1087 4013 1254 4082 iamdicte
1278 4013 1362 4080 finis
1385 4016 1421 4080 et
1442 4005 1623 4082 66666616
1647 4032 1728 4081 666
1750 4013 1827 4081 6166
1849 4013 1893 4081 16
1915 4014 1975 4083 616
1991 4031 2056 4082 666
2072 4013 2239 4081 16611166
2255 4013 2336 4082 11161
2350 4021 2435 4102 ego'

563 4167 646 4235 illut
671 4169 782 4266 ipsius
806 4169 955 4260 edelfert
978 4167 1128 4255 tradidi,
1152 4171 1193 4235 ut
1215 4165 1352 4235 dictum
1374 4171 1442 4254 est,
1458 4186 1522 4255 per
1546 4168 1738 4236 iussionem
1760 4169 1873 4256 ipsius
1889 4168 2006 4237 domni
2024 4169 2178 4257 abbatis,
2194 4166 2261 4238 tali
2287 4169 2418 4259 tinore,

562 4326 602 4391 ut
625 4321 749 4390 amodo
771 4340 883 4408 usque
906 4321 1075 4392 tredecim
1099 4321 1185 4388 anni
1211 4318 1376 4408 completi
1401 4319 1516 4389 licead
1540 4319 1643 4387 illum
1666 4321 1702 4386 et
1725 4321 1803 4388 6166
1826 4320 1974 4388 heredes
1997 4323 2034 4388 et
2055 4321 2232 4408 homines,
2256 4319 2349 4408 quod
2373 4319 2416 4388 il-

561 4473 608 4540 lis
632 4472 765 4541 ibidem
786 4473 965 4560 miserint,
981 4445 1043 4541 sue
1066 4473 1250 4560 potestatis
1273 4489 1334 4540 eos
1357 4475 1480 4540 tenere
1502 4477 1538 4541 61
1560 4471 1758 4559 16616666,
1775 4477 1811 4540 61
1834 4471 1931 4539 fovee
1954 4475 1991 4540 et
2015 4471 2130 4539 omnis
2153 4490 2216 4540 sue
2240 4456 2416 4541 utilitatis

562 4625 670 4696 iuxta
694 4627 868 4696 rationem
892 4626 1023 4695 ibidem
1046 4625 1176 4714 facere,
1200 4627 1254 4711 et,
1279 4624 1341 4692 ubi
1364 4624 1547 4714 meruerit,
1571 4623 1654 4694 illut
1677 4623 1818 4694 cludere
1840 4628 1876 4692 et
1899 4623 2037 4694 elusum
2059 4625 2203 4712 havere,
2227 4625 2321 4692 sicut
2345 4643 2418 4694 me·

559 4779 701 4868 ruerit,
737 4783 773 4849 61
800 4780 1006 4850 annualiter
1029 4784 1111 4867 apto
1133 4783 1291 4867 tempore
1313 4779 1357 4848 16
1379 4797 1487 4866 super
1509 4778 1610 4848 etde
1633 4778 1676 4848 de
1698 4780 1822 4847 subtus
1845 4776 1919 4845 illis
1942 4783 2001 4846 eos
2025 4777 2188 4846 lavorare
2211 4781 2248 4846 et
2272 4776 2414 4870 sultare

561 4936 667 5004 iuxta
690 4934 983 5003 consuetudinem
1005 4933 1119 5022 ipsius
1142 4932 1223 5020 loci,
1246 4937 1295 5020 et,
1318 4932 1379 5000 ubi
1403 4931 1586 5018 meruerit,
1603 4932 1749 5000 arbores
1767 4935 1803 4998 et
1818 4929 1909 4996 vites
1925 4928 2000 4996 11116
2016 4946 2074 4998 666
2091 4929 2224 4997 ibidem
2239 4928 2408 5016 plantare

560 5095 599 5158 ct
621 5087 880 5175 propaginare,
904 5087 996 5156 sicut
1018 5084 1202 5174 meruerit,
1226 5089 1404 5173 quatenus
1425 5083 1587 5172 proficiat
1610 5087 1741 5152 61666
1764 5083 1961 5172 dispereat,
1985 5086 2021 5151 et
2044 5085 2084 5151 ut
2114 5083 2323 5153 annualiter
2350 5082 2414 5150 bo-

560 5263 648 5312 666
671 5244 798 5329 pareat
820 5241 1033 5327 lavoratum,
1057 5243 1094 5307 et
1116 5237 1310 5326 cultatum,
1334 5243 1370 5307 et
1392 5237 1530 5307 salvum
1552 5237 1683 5306 factum
1709 5235 1834 5305 amodo
1856 5257 1968 5325 usque
1993 5237 2068 5325 ipso
2091 5238 2350 5324 constitutum,
2375 5243 2411 5306 et

564 5395 682 5466 omnis
704 5393 850 5480 vinum,
874 5411 936 5461 seu
960 5392 1075 5480 pomis
1097 5391 1188 5477 quod
1211 5390 1293 5458 inde
1316 5387 1493 5474 exierint,
1516 5405 1600 5474 pars
1622 5351 1737 5473 166166
1759 5384 1908 5457 66616616
1932 5387 2034 5458 161161
2057 5388 2141 5456 1616
2163 5389 2405 5473 6611616166,

558 5547 621 5620 ille
645 5552 767 5619 autem
790 5551 827 5618 et
857 5547 936 5616 eius
958 5545 1080 5615 eredes
1103 5543 1206 5611 tollat
1227 5558 1287 5610 eos
1308 5537 1474 5609 similiter
1496 5539 1736 5626 medietatem
1761 5545 1797 5608 et
1819 5559 1883 5628 per
1906 5545 2074 5630 tempore,
2104 5541 2246 5629 quando
2270 5560 2413 5612 merue-

558 5701 624 5790 rit,
641 5703 777 5772 laciant
791 5701 864 5770 illis
887 5699 978 5767 scire
1001 5715 1086 5786 pars
1109 5693 1223 5783 ipsius
1245 5693 1403 5780 ecclesie,
1422 5698 1462 5761 61
1484 5693 1619 5781 dirigat
1641 5692 1772 5764 ibidem
1795 5693 1942 5764 missum
1964 5714 2068 5764 suum
2090 5697 2136 5764 ad
2160 5695 2410 5784 recipiendum

560 5857 642 5943 ipsa
667 5873 733 5922 sua
757 5852 976 5936 sortionem,
1001 5855 1037 5916 61
1059 5865 1144 5934 pars
1167 5846 1278 5932 ipsius
1301 5844 1448 5914 ecclesie
1470 5845 1636 5934 adsignet
1659 5847 1693 5914 ei
1716 5847 1772 5916 vel
1795 5848 1842 5916 ad
1865 5849 1942 5916 eius
1973 5849 2095 5919 eredes
2129 5868 2326 5938 organeum
2364 5850 2414 5924 da
