5414 7098
1016 541 1412 616 triptonnrlttls

1026 982 1383 1064 DCCXXVII.

1070 1246 1123 1324 A.
1152 1243 1202 1322 D.
1232 1241 1356 1324 1021.

334 1485 371 1626 †
396 1541 436 1607 ln
458 1539 602 1607 nomine
618 1535 752 1606 domini
769 1538 948 1638 tricesimo
964 1540 1117 1608 secundo
1132 1557 1226 1608 anno
1242 1543 1467 1630 principatus
1482 1543 1599 1612 domni
1617 1543 1729 1612 nostri
1745 1543 1959 1631 Guaimarii,
1976 1543 2021 1609 Et
2038 1541 2144 1611 tertio

289 1709 386 1759 anno
402 1693 627 1780 principatus
643 1692 762 1761 domni
777 1693 972 1780 guaimarii
988 1693 1066 1762 eius
1088 1695 1175 1781 filio,
1199 1694 1346 1782 gloriosi
1369 1695 1607 1784 principibus,
1634 1714 1754 1765 mense
1777 1696 1983 1782 ianuarius,
2007 1699 2143 1784 quarta

287 1844 495 1916 indictione.
513 1846 605 1914 Ante
620 1864 676 1914 me
699 1845 901 1914 romoaldus
925 1847 1106 1915 castaldus
1130 1847 1224 1916 maio
1247 1851 1359 1917 abbas
1382 1849 1553 1918 aecclesie
1576 1852 1693 1919 sancti
1709 1849 1861 1919 maximi
1877 1850 2043 1919 causabit
2059 1868 2142 1920 cum

288 1999 432 2070 alfanus
454 2001 551 2070 itlius
574 2001 737 2088 bisantii,
761 2006 797 2072 et
820 2022 901 2071 cum
924 1984 1144 2091 grimoaldus
1167 2003 1264 2070 fliius
1287 2001 1445 2072 mirandi
1468 2001 1674 2090 presbiteri,
1699 2005 1735 2070 et
1758 2021 1839 2070 cum
1863 2003 1971 2071 lando
1993 2009 2030 2072 et
2052 2003 2144 2072 citro

287 2154 453 2240 germani
484 2157 536 2224 fili
559 2155 723 2258 radicisi‚
739 2161 871 2226 etcum
895 2158 1011 2226 cicero
1024 2156 1099 2224 lilio
1114 2156 1237 2230 ciceri,
1250 2159 1286 2224 et
1303 2174 1385 2223 oum
1408 2158 1497 2226 rocti
1516 2155 1590 2224 tilio
1613 2158 1793 2244 quondam
1809 2159 1886 2226 ursi
1903 2158 2074 2226 abitatori
2099 2158 2143 2226 de

290 2307 404 2375 locum
428 2308 594 2376 aunitum
618 2327 806 2395 meumque
829 2307 1054 2395 castaldat0,
1081 2311 1122 2375 ut
1145 2307 1239 2376 malo
1261 2306 1410 2376 hordine
1434 2308 1617 2377 introisset
1639 2306 1679 2374 in
1703 2310 1810 2376 rebus
1842 2308 1956 2394 ipsius
1991 2307 2138 2377 ecclesie

289 2461 407 2531 sancti
432 2461 599 2548 maximi,
615 2461 708 2548 quod
731 2463 814 2530 abet
836 2460 874 2528 in
899 2461 1014 2528 locum
1038 2459 1242 2529 mairanum
1266 2461 1330 2530 illa
1352 2465 1455 2549 parte
1479 2461 1585 2529 liubio
1601 2460 1731 2548 sorino;
1749 2461 1844 2530 unde
1859 2481 1923 2550 per
1939 2481 2144 2534 sacramen-

291 2617 369 2680 tum
386 2612 635 2681 diffinitionem
657 2613 792 2683 factam
814 2613 920 2680 abere
944 2612 1038 2680 dixit
1061 2611 1136 2698 ipse
1159 2613 1269 2682 abbas
1292 2633 1372 2680 cum
1396 2613 1469 2682 riso
1491 2612 1566 2680 tilio
1589 2611 1767 2699 quondam
1791 2615 1919 2702 agnini
1944 2622 2142 2686 consortem

291 2766 449 2854 illorum,
471 2769 507 2834 et
529 2765 628 2832 sobee
652 2765 702 2832 ibi
727 2765 880 2850 fecisset,
904 2767 940 2832 et
962 2729 1121 2832 frudium
1144 2765 1226 2832 inde
1250 2765 1404 2854 tulisset,
1421 2771 1457 2835 61
1480 2765 1562 2835 illut
1584 2766 1630 2834 ad
1654 2786 1738 2853 pars
1754 2765 1867 2853 ipsius
1891 2769 2037 2837 ecclesie
2063 2789 2148 2837 con-

289 2925 431 2992 trasset.
465 2922 480 2986 1
505 2920 668 2989 omnibus
693 2919 928 3008 suprascripti
952 2918 1136 3006 dixerunt,
1162 2923 1200 2986 ut
1224 2920 1406 2990 nescirent
1428 2921 1511 2989 inde
1535 2921 1748 3009 respondere
1770 2924 1848 2990 sine
1881 2923 2143 2993 advocatorem.

295 3079 352 3144 Ex
379 3097 448 3165 quo
474 3079 571 3146 inter
594 3075 646 3144 eis
668 3075 829 3144 iudicati
851 3079 888 3142 61
911 3075 1071 3161 utrisque
1094 3074 1169 3142 illis
1192 3076 1368 3164 guadiare
1391 3075 1483 3162 feci,
1509 3078 1548 3143 ut
1569 3094 1633 3164 per
1655 3079 1776 3164 partes
1798 3075 1978 3164 plicarent
2001 3096 2039 3146 se
2063 3097 2145 3146 cum

292 3233 370 3301 suis
393 3231 679 3318 advocatoribuS,
702 3236 738 3299 et
760 3231 773 3298 i
796 3230 961 3296 omnibus
982 3231 1216 3318 suprascripti
1241 3249 1325 3298 cum
1348 3249 1412 3298 suo
1435 3231 1682 3301 advocatorem
1706 3232 1936 3319 responderet
1952 3233 2064 3320 ipsius
2081 3237 2154 3304 ab--
2258 3302 2260 3309 .

292 3389 384 3475 bati,
407 3386 463 3454 vel
487 3385 532 3454 ad
555 3402 640 3472 pars
663 3383 776 3474 ipsius
799 3381 962 3470 ecclesie,
977 3383 1072 3450 unde
1095 3383 1258 3471 superius
1281 3403 1363 3453 cum
1386 3384 1460 3455 illis
1483 3387 1662 3473 causabit,
1680 3389 1717 3454 et
1741 3388 1835 3454 iusta
1859 3387 1975 3475 legem
1993 3385 2089 3456 inter
2106 3406 2146 3458 se

289 3541 374 3610 inde
396 3541 504 3610 finem
528 3537 701 3623 iacerent3
726 3535 821 3605 unde
845 3537 858 3604 i
882 3535 1047 3604 omnibus
1068 3537 1303 3625 suprascripti
1326 3544 1524 3626 posuerunt
1548 3537 1763 3608 mediatores
1779 3541 1850 3628 ipsi
1866 3540 1973 3610 lando
1990 3544 2026 3608 61
2051 3541 2144 3610 citro
2243 3593 2246 3600 ,

288 3695 454 3782 germani
478 3693 545 3762 filii
568 3691 743 3778 radicisi,
766 3694 803 3758 et
826 3690 1006 3778 predictus
1028 3689 1143 3758 cicero
1167 3688 1263 3758 filius
1286 3669 1395 3759 ciceri
1418 3693 1460 3760 de
1483 3692 1651 3780 gaianu,
1674 3696 1711 3760 et
1733 3691 1924 3762 iamdictus
1948 3694 2146 3781 grimoaldi·

294 3848 391 3916 iilius
413 3847 567 3918 mirandi
592 3843 797 3936 presbiteri,
821 3849 857 3912 et
880 3863 944 3932 pro
967 3849 1069 3932 parte
1093 3844 1205 3932 ipsius
1228 3843 1376 3913 ecclesie
1399 3843 1555 3913 scribere
1578 3844 1726 3913 fecimus
1749 3849 1785 3914 16
1810 3845 2006 3932 myrandus
2036 3851 2140 3916 nota-

289 4003 380 4071 rius:
406 4004 654 4072 berumtamen
677 4002 743 4070 hoo
766 4017 1015 4086 memoramus,
1040 3997 1126 4085 quia
1147 3997 1222 4085 ipse
1245 4000 1357 4076 abbas
1380 3997 1499 4086 posuit
1522 3998 1754 4068 mediatorem
1777 3999 1823 4069 ad
1845 4021 1869 4086 y
1893 3999 2059 4068 omnibus
2081 4017 2143 4070 su-

290 4157 485 4249 prascripti
509 4159 631 4244 petrus
652 4154 750 4222 filius
773 4153 950 4241 quondam
975 4151 1137 4238 iohanni,
1160 4153 1223 4238 qui
1246 4153 1300 4221 est
1323 4157 1487 4239 nepotem
1511 4151 1586 4239 ipse
1610 4154 1735 4239 petrus
1759 4153 1872 4240 ipsius
1888 4155 2025 4242 abbati,
2042 4153 2136 4242 quod

288 4313 506 4400 subiungere
529 4309 680 4379 fecimus
703 4313 739 4377 te
762 4307 945 4396 predictus
969 4305 1165 4392 myrandus
1188 4306 1362 4377 notarius

336 4438 366 4555 †
392 4469 467 4552 Ego
489 4465 551 4552 qui
576 4484 686 4552 supra
709 4463 910 4533 romoaldus
933 4461 1126 4533 castaldus.

1017 4717 1424 4730 u-——t—

1021 4959 1405 5101 nooxxvrn.

1072 5281 1125 5356 n.
1153 5277 1203 5356 n.
1231 5275 1353 5358 1021.
1411 5230 1412 5233 ‘

334 5523 434 5673 †ln
469 5576 616 5646 nomine
649 5576 784 5646 domini
812 5573 992 5643 tricesimo
1026 5571 1178 5640 secundo
1201 5588 1297 5640 anno
1331 5568 1555 5656 principatus
1578 5567 1698 5637 domni
1724 5571 1838 5637 nostri
1861 5571 2077 5656 duamani,
2101 5573 2139 5642 et

291 5730 397 5800 tertio
420 5747 516 5800 anno
539 5729 763 5819 principatus
785 5727 904 5798 domni
928 5729 1121 5816 guaimarii
1146 5729 1224 5798 eius
1247 5724 1339 5814 tilii,
1362 5723 1505 5810 gloriosi
1530 5723 1768 5813 principibus,
1792 5740 1913 5794 mense
1930 5723 2137 5814 ianuarius‚

289 5889 419 5973 quarta
442 5883 650 5954 indictione.
676 5885 716 5951 in
737 5881 982 5954 sacratissimo
1004 5879 1224 5951 salernitano
1239 5879 1374 5968 palatio
1389 5883 1474 5949 ante
1490 5898 1547 5950 me
1562 5878 1764 5950 romoaldus
1781 5878 1890 5948 iudex
1907 5880 2138 5950 coniunctum

445 6038 516 6097 lou.
540 6055 565 6096 r.
1937 6034 1953 6091 5
