5466 7106
600 551 665 621 tit
1231 549 1405 620 CODEX
1447 547 1709 621 OAVENSIS

547 775 587 844 in
611 793 652 845 eo
674 775 862 845 bordinem
886 794 949 862 per
973 773 1223 844 conbenientia
1246 773 1380 861 guadia
1402 773 1492 844 mihi
1514 775 1590 862 ipse
1613 774 1839 863 supradictus
1863 777 2002 843 amatus
2025 771 2136 860 dedit,
2160 774 2198 842 et
2226 771 2396 842 mediato·

544 946 622 998 rem
647 927 738 996 mihi
762 927 881 1015 posuit
904 944 1080 1016 sparanus
1104 925 1200 994 tilius
1223 925 1401 1014 quondam
1425 927 1575 998 iohanni
1598 927 1643 999 de
1664 927 1786 997 eodem
1817 926 1961 1014 locum3
1985 929 2022 995 et
2054 944 2117 1013 per
2153 925 2232 1012 ipsa
2264 925 2399 1013 guadia

544 1083 721 1172 obligavit
744 1101 782 1152 se
806 1099 956 1170 suosque
979 1080 1072 1148 filios
1094 1085 1131 1149 et
1152 1079 1302 1168 eredes,
1327 1085 1368 1148 ut
1389 1083 1507 1168 preter
1531 1080 1637 1168 quale
1659 1085 1815 1168 tempore
1838 1079 1918 1168 ipsa
1940 1076 2110 1148 tradictio
2133 1077 2172 1146 in
2194 1076 2394 1165 predictum
2416 1127 2418 1132 .

544 1236 708 1304 ordinem
734 1240 856 1306 tenere
880 1239 917 1304 et
940 1234 1103 1305 laborare
1126 1197 1425 1322 nonbotuerint,
1449 1235 1558 1303 etsie
1583 1233 1665 1302 inde
1689 1233 1735 1302 ad
1758 1249 1842 1319 pars
1865 1231 2018 1318 predicti
2048 1229 2256 1301 monasterii
2284 1230 2397 1300 adim-

547 1389 664 1482 pl'ere,
688 1393 782 1462 siout
803 1391 1063 1480 supradictum,
1087 1394 1173 1460 tunc
1196 1391 1257 1460 ille
1281 1394 1317 1460 et
1332 1391 1410 1460 eius
1425 1391 1548 1462 eredes
1562 1394 1638 1460 tota
1654 1393 1691 1460 et
1706 1389 1831 1462 inolita
1846 1389 2053 1478 supradicta
2067 1389 2236 1458 tradietio
2252 1391 2292 1458 in
2307 1387 2396 1456 iam-

544 1543 682 1614 dictnm
699 1543 861 1612 ordinem
878 1543 1090 1630 laboratam,
1113 1547 1151 1613 et
1174 1547 1369 1631 operatam,
1393 1547 1429 1612 et
1453 1543 1628 1612 euitatam
1651 1541 1818 1612 remidtat
1840 1541 1886 1610 ad
1908 1543 2080 1628 potestate
2102 1539 2251 1628 predicti
2274 1558 2395 1609 mona·

543 1699 661 1787 sterit,
686 1699 731 1768 ad
757 1698 962 1768 iaciendum
984 1699 1116 1768 exinde
1139 1698 1230 1785 quod
1254 1697 1431 1785 voluerit,
1455 1699 1492 1766 et
1517 1696 1623 1765 liceat
1645 1695 1697 1763 eis
1721 1694 1805 1764 inde
1827 1695 1929 1764 exire
1952 1715 2034 1764 cum
2056 1693 2171 1762 omnis
2193 1713 2259 1764 sua
2281 1711 2392 1762 causa

543 1850 691 1921 movilia
714 1851 807 1939 quod
833 1852 963 1921 ibidem
987 1845 1143 1922 abuerit.
1159 1853 1256 1930 Quod
1272 1853 1303 1920 si
1322 1856 1385 1922 etc.
1412 1854 1561 1922 statuta
1583 1853 1717 1920 mulcta
1738 1851 1869 1936 etpiati
1892 1849 1978 1915 aura
2000 1847 2195 1916 solidorum
2220 1847 2394 1917 Constan-

551 2008 634 2076 tini.
663 2011 793 2076 etune
817 2009 961 2078 brebem
986 2007 1114 2097 scripsi
1139 2026 1205 2096 ego
1229 2012 1351 2095 petrus
1373 2005 1548 2094 presbiter
1573 2013 1608 2072 et
1631 2003 1794 2072 notarius
1816 2000 1878 2088 qui
1907 2002 2067 2071 interfui.

589 2129 621 2247 †
647 2159 723 2246 Ego
747 2159 800 2229 leo

591 2283 623 2398 †
648 2313 724 2398 Ego
748 2313 924 2381 amandus
947 2315 1132 2400 presbiter.

1304 2831 1627 2911 DCCCXIV.

1315 3091 1368 3167 A.
1397 3091 1446 3166 D.
1476 3087 1604 3170 1029.

595 3332 633 3472 †
658 3385 697 3450 ln
722 3382 865 3452 nomine
888 3383 1023 3453 domini
1041 3383 1226 3452 undecimo
1242 3401 1338 3453 anno
1355 3384 1580 3470 principatus
1596 3385 1716 3452 domni
1732 3387 1845 3455 nostri
1861 3383 2056 3472 guaimarii
2072 3384 2140 3452 filii
2156 3383 2276 3454 domni
2292 3385 2397 3472 guai-

548 3537 670 3626 marii,
686 3537 830 3627 gloriosi
850 3537 1084 3625 principibus,
1100 3555 1219 3606 mense
1243 3537 1459 3623 februarius,
1475 3536 1685 3606 duodecima
1700 3539 1909 3607 indictione.
1935 3537 2226 3608 Memoratorium
2248 3537 2347 3608 sactu
2372 3557 2396 3606 a

553 3711 611 3761 me
636 3692 833 3762 musandus
856 3693 1051 3764 monachus
1076 3696 1112 3761 et
1135 3694 1245 3761 abbas
1268 3692 1478 3760 monasterii
1502 3697 1625 3761 sancte
1649 3693 1745 3780 sofle,
1769 3693 1831 3778 qui
1848 3694 1958 3761 situm
1980 3697 2033 3760 est
2049 3695 2147 3762 intus
2169 3693 2264 3763 hanc
2286 3691 2398 3761 saler-

548 3847 716 3914 nitanam
740 3845 900 3931 civitate,
925 3843 986 3931 qui
1010 3845 1079 3912 fuit
1102 3845 1303 3931 pertinente
1328 3842 1485 3930 guaiferi
1511 3843 1585 3912 tilio
1609 3845 1701 3912 idern
1725 3845 1881 3932 guaiferi
1901 3846 2036 3932 comiti,
2052 3845 2200 3933 eoquod
2217 3847 2303 3915 ante
2319 3847 2401 3913 sub·

550 3999 680 4086 scripti
702 4001 812 4068 testes
835 4016 898 4085 per
922 4000 1015 4067 bona
1038 3995 1300 4066 combenientia
1323 3996 1473 4066 tradidit
1497 3997 1630 4066 andree
1653 3997 1843 4068 molinator
1867 4017 1977 4066 unum
2000 3997 2193 4086 molinum,
2216 3997 2280 4086 qui
2302 3997 2402 4067 edifi-

549 4159 670 4226 catum
695 4159 749 4223 est
771 4156 810 4224 in
833 4153 939 4222 fluvio
962 4153 1083 4241 lirino,
1109 4155 1147 4222 in
1170 4171 1239 4240 quo
1262 4156 1347 4220 sunt
1370 4152 1443 4222 alia
1466 4151 1537 4223 dua
1561 4153 1695 4224 molina
1719 4152 1757 4222 in
1782 4172 1856 4224 una
1878 4171 1963 4224 casa
1977 4157 2013 4223 et
2028 4153 2178 4242 sedium,
2192 4159 2228 4224 et
2243 4159 2297 4224 est
2312 4153 2394 4223 iiiut

550 4307 646 4395 quod
670 4306 784 4394 ipsius
808 4307 941 4375 andree
965 4305 1098 4375 tradidi
1123 4327 1146 4375 a
1167 4310 1271 4392 parte
1294 4304 1442 4374 orientis
1466 4307 1702 4392 pertinentem
1727 4307 1840 4392 ipsius
1863 4307 2094 4394 monasterii,
2129 4307 2208 4376 ideo
2233 4307 2397 4376 inclitum

550 4463 669 4549 ipsum
693 4459 828 4528 molinu
853 4479 933 4528 cum
957 4457 1068 4526 tertia
1091 4477 1199 4544 aqua,
1223 4458 1284 4544 qui
1301 4458 1432 4546 inipso
1454 4477 1562 4527 cursu
1582 4459 1625 4527 de
1642 4459 1720 4544 ipsa
1734 4460 1918 4527 arcaturia
1933 4459 2106 4546 decurrit,
2131 4461 2263 4527 etcum
2279 4459 2395 4525 omnis

551 4616 763 4700 terraturia,
788 4617 959 4701 quantum
985 4613 1030 4684 ad
1056 4613 1131 4699 ipso
1155 4611 1289 4679 molinu
1313 4613 1469 4698 pertinet
1491 4611 1615 4695 abere,
1640 4615 1675 4678 et
1698 4628 1779 4678 oum
1802 4610 1929 4678 canale
1952 4609 2002 4676 ibi
2026 4609 2169 4697 positu,
2194 4613 2230 4678 et
2250 4573 2394 4698 ¹lingna·

547 4765 648 4836 mina
672 4767 714 4835 de
731 4767 806 4854 ipso
821 4767 935 4853 sediu,
952 4770 988 4834 et
1004 4785 1085 4834 cum
1108 4764 1200 4852 tina,
1217 4769 1253 4834 et
1272 4765 1435 4853 tremola,
1448 4769 1484 4834 et
1500 4765 1669 4852 roticinu,
1685 4769 1818 4834 etcum
1834 4765 2030 4852 arcaturia,
2048 4768 2085 4833 et
2100 4767 2230 4834 trasita
2245 4770 2281 4834 et
2297 4765 2397 4836 exita

550 4941 642 4998 sua,
668 4920 706 4988 in
730 4919 792 4990 tali
819 4919 968 5006 ordine,
1003 4923 1043 4986 ut
1065 4917 1188 4986 amodo
1210 4921 1246 4984 et
1268 4935 1379 5004 usque
1403 4922 1475 4986 tres
1498 4917 1585 4988 anni
1610 4918 1762 5005 conpleti
1795 4917 1928 4988 adsue
1951 4936 2025 4986 esse
2049 4923 2220 5005 potestate
2244 4919 2324 4987 illut
2347 4926 2401 4990 te·

548 5075 719 5161 nendum,
743 5079 780 5142 et
801 5073 1009 5162 regendum,
1033 5077 1069 5141 et
1091 5071 1378 5160 gubernandum,
1398 5075 1441 5148 ‚et
1463 5073 1601 5141 salbum
1617 5071 1831 5160 faciendum,
1848 5074 1942 5140 sicut
1965 5075 2151 5142 meruerit.
2178 5074 2222 5142 Et
2237 5075 2312 5161 ipse
2334 5093 2398 5144 an·

550 5225 659 5297 dreas
681 5226 805 5296 amodo
828 5227 871 5295 de
894 5245 959 5296 sua
974 5243 1084 5294 causa
1099 5225 1218 5292 facere
1242 5229 1277 5292 et
1299 5241 1429 5309 ponere
1445 5224 1483 5290 in
1499 5225 1576 5310 ipso
1593 5222 1884 5320 molinum-mole,
1901 5225 1999 5313 quali
2017 5229 2202 5314 meruerit,
2222 5233 2260 5297 ut
2274 5229 2398 5298 amodo

549 5388 588 5454 et
611 5402 722 5471 usque
747 5384 825 5471 ipso
848 5385 1078 5451 constitutum
1101 5381 1230 5449 cotidie
1253 5382 1407 5468 perfecte
1424 5399 1611 5450 macerare
1628 5387 1782 5469 possant3
1808 5401 1921 5470 seum,
1945 5389 1980 5452 et
1994 5383 2136 5471 quando
2159 5386 2330 5454 meruerit
2346 5388 2400 5456 ta·

551 5559 635 5610 cere
658 5547 694 5609 et
717 5559 848 5626 ponere
872 5540 948 5626 ipse
973 5539 1127 5606 andreas
1151 5537 1282 5604 ibidem
1305 5535 1443 5622 canale,
1468 5537 1518 5603 sic
1542 5539 1678 5622 tamen,
1702 5538 1743 5602 ut
1759 5552 1822 5602 nos
1836 5536 1957 5604 demus
1973 5536 2007 5604 ei
2023 5537 2212 5608 medietate
2227 5541 2397 5626 pretium,

558 5697 736 5778 quantum
761 5693 799 5760 in
825 5692 900 5779 ipso
924 5689 1051 5761 canale
1075 5687 1225 5773 dederit,
1248 5691 1284 5756 et
1306 5686 1433 5755 cotidie
1456 5687 1628 5756 molinum
1653 5687 1732 5774 ipsu
1756 5686 1920 5757 conciatu
1935 5690 2085 5777 abeant,
2110 5695 2146 5760 et
2167 5691 2282 5760 omnis
2303 5691 2402 5760 moli-

550 5849 648 5932 tura,
672 5843 764 5930 quod
790 5845 918 5911 ibidem
945 5843 1162 5929 intraberit,
1188 5845 1299 5908 totum
1325 5858 1386 5906 sue
1410 5857 1485 5907 esse
1509 5839 1718 5925 potestatis:
1744 5843 1887 5906 tantum
1911 5859 1973 5926 per
1997 5840 2112 5908 omnis
2136 5860 2255 5912 mense
2279 5843 2403 5912 amodo
