5414 7098
588 529 636 597 so
1227 521 1402 596 CODEX
1437 523 1701 600 CAVENSIS

489 819 495 834 ,
539 757 577 824 et
600 752 677 822 licti
699 750 768 820 filii
792 755 970 840 quondam
993 755 1085 844 licti,
1101 758 1138 824 et
1160 752 1327 823 minandi
1351 755 1388 822 et
1410 752 1542 822 sesami
1566 751 1731 840 germani
1754 752 1822 822 filii
1838 752 1933 822 idem
1956 749 2049 840 licti,
2073 755 2108 820 et
2122 752 2186 840 qui
2200 757 2285 822 sunt
2307 767 2392 821 eon-

543 905 706 974 sortibus
728 905 864 976 nostris
886 905 926 974 in
949 907 1029 994 ipsa
1053 905 1226 975 ereditate
1248 903 1293 974 de
1307 903 1455 994 heodem
1472 903 1587 975 locum
1603 901 1764 973 nucerie.
1779 903 1879 974 Unde
1895 921 1961 992 ego
1976 904 2089 991 ipsius
2104 904 2234 974 sesami
2249 905 2399 973 benum·

541 1057 641 1130 dedit
666 1059 709 1128 de
733 1060 814 1148 ipsa
836 1061 943 1128 rebus
966 1057 1092 1128 inolita
1115 1056 1322 1145 medietate,
1345 1061 1382 1124 et
1405 1056 1519 1145 ipsius
1542 1056 1619 1127 licti
1642 1077 1724 1126 cum
1746 1057 1817 1145 ipsi
1840 1057 1907 1126 filii
1929 1057 1987 1126 sui
2003 1058 2148 1127 nomine
2170 1075 2294 1128 eorum
2316 1078 2394 1130 mu-

542 1212 649 1284 sandi
671 1217 709 1282 et
732 1213 862 1283 sesami
884 1213 1011 1282 inclita
1033 1211 1109 1282 alia
1131 1211 1334 1280 medietate.
1358 1211 1404 1278 Et
1428 1210 1519 1298 ideo,
1542 1211 1636 1279 sicut
1658 1208 1749 1278 mihi
1772 1228 1972 1299 congruum
1994 1213 2060 1296 est,
2079 1209 2118 1277 in
2133 1209 2256 1280 eodem
2278 1211 2393 1280 locum

543 1365 694 1436 nucerie
717 1371 803 1438 ante
827 1366 963 1435 idoneis
987 1367 1089 1434 vonis
1111 1361 1302 1452 ominibus,
1326 1363 1390 1451 qui
1413 1365 1534 1433 subter
1555 1363 1682 1450 scripti
1705 1367 1803 1449 sunt,
1826 1381 1890 1450 per
1913 1381 1983 1432 ane
2006 1362 2185 1432 cartulam
2207 1363 2398 1434 benumde

542 1521 661 1590 dimus
686 1521 787 1590 vobis
810 1519 988 1590 nominati
1013 1521 1157 1608 sesami,
1172 1523 1209 1588 et
1225 1519 1316 1606 licti,
1344 1521 1380 1587 et
1403 1516 1583 1604 musandi,
1606 1520 1643 1585 et
1666 1516 1810 1603 sesami,
1828 1519 1869 1583 ut
1883 1515 2056 1604 diximus,
2071 1516 2199 1586 inolita
2222 1518 2301 1606 ipsa
2316 1537 2396 1592 mea

543 1676 702 1744 sortione
726 1675 770 1743 de
793 1674 966 1744 iamdicta
989 1675 1109 1761 rebus,
1142 1673 1234 1759 quod
1257 1671 1347 1740 mihi
1372 1673 1529 1759 pertinet
1552 1672 1658 1740 abere
1681 1669 1729 1738 da
1751 1670 1950 1756 genitorem
1973 1672 2011 1737 et
2032 1671 2245 1758 genitricem
2267 1691 2400 1759 meam,

541 1826 612 1896 aud
636 1827 895 1914 undecumque,
919 1831 1039 1914 sceptu
1063 1827 1255 1895 sortionem
1278 1841 1358 1893 mea
1383 1825 1425 1891 de
1449 1825 1616 1894 iamdicto
1639 1823 1752 1893 ortale
1776 1825 1869 1912 quod
1892 1825 1981 1894 mihi
2005 1827 2160 1912 reserbo,
2176 1824 2269 1913 quod
2293 1825 2394 1894 vobis

543 1997 615 2048 non
637 1980 811 2049 dedimus.
840 1983 931 2050 Nam
955 1980 1019 2048 illo
1042 1981 1156 2068 aliut,
1181 1980 1337 2067 qualiter
1361 1977 1525 2066 superius
1549 1976 1729 2064 diximuS,
1753 1975 1918 2046 inclitum
1942 1976 2025 2046 illut
2049 1978 2147 2046 vobis
2169 1979 2401 2050 venumdedi-

542 2152 641 2222 mus,
666 2153 748 2202 cum
772 2135 963 2203 sortionem
987 2139 1111 2205 nostra
1133 2135 1177 2202 de
1199 2133 1381 2201 monimen
1405 2131 1489 2200 inde
1513 2132 1560 2200 da
1584 2129 1663 2218 ipsa
1686 2131 1792 2198 rebus
1814 2132 2072 2219 pertinentem,
2097 2133 2157 2218 qui
2182 2137 2268 2201 sunt
2289 2135 2398 2204 terris

541 2304 624 2353 cum
647 2287 833 2374 arbustis,
858 2287 1101 2374 abellanieta,
1124 2285 1346 2370 castanieta,
1371 2286 1563 2371 quertieta,
1588 2284 1735 2370 campis,
1760 2282 1875 2370 silviS,
1901 2284 1941 2351 in
1965 2282 2147 2353 montibus
2170 2305 2278 2372 quam
2300 2290 2337 2356 et
2360 2288 2400 2356 in

544 2439 679 2528 planis,
704 2440 841 2508 cultum
865 2441 920 2510 vel
945 2441 1136 2528 incultum,
1160 2458 1242 2506 cum
1265 2437 1349 2506 finis
1372 2443 1407 2507 et
1430 2437 1498 2505 viis
1521 2439 1609 2526 suiS,
1626 2439 1669 2506 de
1691 2441 1768 2508 tota
1793 2437 1871 2526 ipsa
1886 2441 2006 2527 rebus,
2022 2444 2063 2507 ut
2079 2439 2253 2532 diximus,
2271 2443 2398 2514 inclita

543 2592 621 2679 ipsa
644 2612 725 2663 mea
747 2595 917 2682 sortione,
942 2597 1060 2682 scepto
1084 2593 1160 2680 ipso
1183 2593 1337 2679 hortale,
1361 2593 1461 2660 vobis
1477 2592 1650 2663 nominati
1677 2593 1982 2681 benumdedimus,
2000 2595 2074 2681 ipse
2090 2595 2317 2682 supradictus
2340 2617 2395 2668 se·

543 2767 666 2816 samus
689 2749 928 2837 medietatem,
953 2754 989 2817 et
1012 2750 1087 2836 ipse
1112 2748 1194 2816 licto
1217 2768 1299 2815 cum
1322 2747 1392 2835 ipsi
1416 2748 1483 2816 filii
1506 2749 1563 2815 sui
1587 2749 1666 2836 ipsa
1689 2727 1989 2818 alia'medietate.
2015 2747 2112 2816 Unde
2129 2748 2266 2820 nullam
2278 2753 2396 2839 nobis,

541 2923 609 2974 nec
632 2907 763 2993 cuiqua
788 2907 992 2995 ominibus,
1016 2907 1072 2974 vel
1096 2907 1135 2972 in
1159 2906 1286 2992 quabis
1308 2905 1495 2992 partibus,
1520 2901 1633 2970 nichil
1658 2901 1741 2970 inde
1766 2901 1920 2990 restitid,
1945 2905 2009 2970 aut
2033 2903 2186 2972 dicimus
2210 2923 2398 2976 remanere

543 3059 747 3146 sortionem,
773 3066 840 3148 set,
864 3062 958 3128 sicut
980 3059 1152 3147 diximus,
1177 3057 1259 3126 iiiut
1280 3059 1379 3125 uobis
1402 3056 1706 3142 venumdedimus,
1730 3054 1775 3124 ad
1798 3055 1971 3122 securiter
1994 3061 2029 3124 et
2052 3056 2204 3126 firmiter
2220 3059 2345 3127 amodo
2361 3061 2397 3128 et

544 3231 683 3300 semper
706 3231 768 3281 vos
784 3213 983 3300 uestrisque
1004 3211 1171 3280 eredibus
1193 3210 1385 3297 abendum,
1409 3207 1679 3296 dominandum,
1703 3207 1968 3295 possidendum,
1991 3211 2027 3275 et
2048 3209 2170 3277 omnia
2192 3211 2321 3280 exinde
2345 3212 2398 3282 sa-

544 3366 710 3435 ciendum
733 3368 826 3454 quod
850 3367 1051 3456 uolueritis,
1068 3368 1202 3453 absque
1225 3367 1322 3433 omni
1347 3368 1472 3434 nostra
1494 3367 1529 3432 et
1552 3364 1596 3432 de
1619 3362 1752 3430 nostris
1775 3361 1953 3448 eredibus,
1977 3361 2048 3430 aud
2071 3364 2203 3450 cuiqua
2219 3365 2397 3434 ominibus

545 3519 800 3590 contrarietate
823 3520 878 3588 uel
904 3520 1185 3607 requisitionem.
1210 3519 1309 3586 Unde
1332 3535 1396 3605 pro
1420 3515 1700 3585 confirmandam
1724 3517 1759 3583 et
1774 3513 2065 3583 staviliscendam
2089 3535 2157 3583 ano
2178 3521 2306 3589 nostra
2320 3519 2400 3587 bin-

546 3674 704 3742 dictione
728 3694 751 3742 a
774 3673 950 3760 presentis
973 3672 1091 3760 recepi
1115 3692 1138 3741 a
1160 3690 1221 3738 vos
1245 3651 1423 3740 nominati
1446 3669 1611 3758 germani
1641 3673 1677 3738 et
1701 3667 1768 3737 filii
1792 3667 1904 3756 ipsius
1928 3669 2005 3737 licti
2029 3670 2110 3738 auri
2132 3671 2204 3740 tari
2229 3671 2313 3740 voni
2335 3691 2402 3742 nu-

546 3847 684 3896 merum
709 3828 913 3915 quindecim
937 3828 976 3896 in
1000 3829 1116 3896 omnis
1139 3828 1396 3896 deliveratione
1409 3875 1418 3913 ,
1443 3825 1536 3892 sicut
1560 3823 1654 3892 inter
1677 3824 1780 3891 nobis
1803 3823 1981 3892 convenit.
2014 3826 2063 3892 De
2077 3844 2157 3908 qua
2187 3845 2252 3914 ego
2276 3846 2402 3916 supra·

544 3981 662 4049 dictus
689 4001 773 4049 urso
796 4001 860 4069 per
885 4000 979 4052 vona
1002 3981 1254 4050 conuenientia
1278 3981 1413 4068 guadia
1437 3979 1536 4046 uobis
1559 3977 1736 4046 nominati
1760 3978 1904 4063 sesami,
1929 3981 1965 4046 ct
1989 3977 2079 4066 licti,
2103 3984 2138 4048 et
2160 3983 2338 4072 musandi,
2362 3987 2401 4052 et

548 4135 678 4204 sesami
704 4135 812 4224 dedit,
835 4139 871 4204 et
892 4134 1125 4205 mediatorem
1148 4135 1247 4201 vobis
1270 4133 1369 4220 posui
1395 4136 1517 4220 petrus
1541 4134 1733 4218 congatum
1759 4149 1876 4199 meum
1902 4138 1937 4202 et
1960 4133 2074 4200 filium
2099 4134 2191 4202 idem
2214 4136 2321 4222 petri.
2355 4137 2401 4205 Et

545 4306 609 4374 per
634 4289 710 4376 ipsa
733 4291 868 4377 guadia
891 4290 1008 4379 obligo
1032 4295 1146 4358 meet
1169 4291 1256 4356 meis
1280 4287 1446 4356 eredibus
1469 4286 1595 4353 amodo
1629 4288 1664 4352 et
1694 4303 1832 4372 sempor
1864 4285 1959 4353 omni
1985 4291 2141 4374 tempore
2172 4290 2395 4358 defensemus

546 4444 646 4512 uobis
669 4445 870 4530 uestrisque
894 4445 1059 4512 eredibus
1083 4443 1209 4512 inclita
1232 4442 1440 4530 supradicta
1463 4461 1543 4510 mea
1566 4439 1779 4528 binditione,
1804 4461 1884 4509 oum
1907 4445 2003 4509 omni
2027 4462 2093 4512 sua
2117 4444 2349 4534 pertinentia,
2363 4455 2401 4517 et

547 4615 628 4663 cum
652 4599 807 4666 sortione
830 4600 953 4666 nostra
976 4597 1019 4664 de
1043 4595 1224 4674 monimen
1250 4594 1333 4662 inde
1357 4593 1611 4681 pertinentem,
1635 4598 1752 4681 soepto
1776 4593 1852 4681 ipso
1875 4599 2126 4684 pastenatum,
2150 4597 2196 4666 da
2220 4599 2399 4671 nobilibus

546 4747 738 4836 ominibuS,
764 4748 855 4834 quod
879 4748 978 4816 uobis
1001 4767 1073 4815 non
1097 4749 1346 4834 defensamuS,
1371 4743 1443 4812 nisi
1466 4744 1512 4812 da
1537 4761 1600 4810 nos
1625 4743 1681 4810 uel
1704 4743 1750 4812 da
1774 4743 1905 4811 nostris
1928 4745 2110 4833 eredibuS,
2134 4751 2170 4814 et
2193 4748 2320 4818 inclita
2342 4769 2402 4819 su·

547 4901 710 4987 predicta
735 4905 858 4969 nostra
880 4900 1114 4988 bindictione,
1139 4898 1295 4986 qualiter
1319 4895 1482 4986 superius
1506 4896 1652 4984 legitur,
1677 4901 1795 4983 saepto
1819 4895 1894 4985 ipso
1911 4901 2154 4987 pastenatum,
2168 4904 2208 4968 ut
2224 4901 2399 4994 diximus,

549 5055 774 5123 defensemus
798 5055 880 5122 illut
902 5055 1001 5122 uobis
1025 5052 1222 5141 vestrisque
1246 5052 1410 5120 eredibus
1434 5049 1705 5135 omnitempore
1730 5047 1776 5116 da
1798 5048 1852 5116 illi
1878 5049 2057 5118 ominibus
2081 5055 2117 5120 et
2139 5055 2316 5142 partibus,
2341 5059 2400 5130 cui

453 5303 471 5320 ..
547 5228 611 5296 per
634 5229 690 5278 mo
712 5209 768 5277 vel
792 5227 855 5296 per
879 5209 955 5296 ipso
977 5207 1178 5296 genitorem
1203 5206 1258 5272 vel
1281 5204 1495 5292 genitricem
1510 5221 1591 5271 mea
1607 5201 1690 5268 illut
1707 5200 1764 5267 vol
1780 5201 1910 5268 exinde
1933 5201 2073 5292 datum,
2098 5207 2169 5274 aud
2187 5208 2397 5302 obligatum,

547 5364 602 5432 uel
628 5364 847 5451 thingatum,
871 5363 927 5431 uel
949 5363 1216 5432 manifestatum
1239 5375 1314 5426 esse
1338 5356 1516 5445 paruerit,
1540 5355 1598 5422 vel
1621 5355 1683 5442 qui
1707 5373 1772 5442 pro
1795 5360 1919 5426 nostra
1942 5361 1978 5424 et
2003 5358 2147 5428 illarum
2173 5368 2275 5449 parte
2299 5367 2399 5436 vobis

547 5518 750 5604 vestrisque
781 5515 948 5584 eredibus
971 5515 1054 5582 inde
1078 5511 1238 5582 emiserit
1261 5511 1332 5580 aud
1355 5508 1580 5598 preposuerit
1603 5509 1848 5596 quodcumque
1871 5511 2118 5582 causationes:
2151 5516 2194 5585 de
2221 5519 2286 5588 alii
2316 5539 2399 5591 vero

549 5669 756 5740 hominibus
780 5675 816 5740 et
838 5669 1004 5760 partibus
1027 5688 1091 5758 per
1113 5685 1174 5734 vos
1198 5666 1286 5754 ipsis
1309 5665 1412 5736 siatis
1435 5669 1580 5735 autores
1604 5668 1640 5733 et
1662 5665 1874 5754 defensores,
1900 5686 1981 5736 cum
2004 5669 2074 5740 ista
2096 5672 2236 5742 cartula
2259 5679 2399 5746 etcum

544 5825 650 5914 quale
674 5825 747 5895 alia
772 5826 950 5894 monimen
970 5831 1004 5892 et
1028 5825 1206 5893 rationem
1229 5820 1312 5890 inde
1337 5820 1525 5908 abueritiS,
1542 5826 1577 5889 et
1595 5822 1692 5889 vobis
1717 5821 1798 5892 illut
1821 5823 2025 5912 defensetis,
2050 5827 2278 5917 sicutbultis3
2304 5832 2397 5919 quod
