5306 7140
634 585 682 658 56,
1286 578 1459 652 GODEX
1492 581 1758 655 CAVENSIS

586 810 719 881 militer
751 819 840 879 non
859 809 992 881 siamus
1026 808 1121 880 iude
1142 807 1360 897 culpabiles3
1395 811 1431 876 et
1453 806 1484 874 si
1512 825 1535 875 a
1557 809 1652 875 toras
1674 806 1754 894 ipsa
1777 825 1963 876 mensuras
1985 811 2176 893 pastenare
2211 815 2435 898 potuerimus

586 963 708 1050 ibique
731 963 967 1050 coniuntum,
990 964 1198 1050 potestatem
1229 962 1424 1048 abeamus,
1456 963 1492 1028 et
1514 963 1697 1046 operatum
1721 958 1803 1027 illut
1825 961 1997 1028 abeamus
2021 961 2060 1028 in
2084 961 2161 1048 ipso
2185 964 2435 1055 constitutum,

587 1116 682 1184 sicut
705 1119 740 1184 et
763 1116 840 1202 ipso
862 1116 953 1185 aliut
974 1117 1010 1182 et
1033 1113 1108 1200 ipse
1132 1113 1275 1198 quercia
1305 1113 1367 1199 qui
1390 1111 1440 1180 ibi
1465 1115 1574 1202 sunt,
1612 1115 1824 1199 potestatem
1852 1116 2024 1183 abeamus
2059 1133 2233 1203 spargare
2270 1119 2308 1186 et
2345 1117 2435 1188 vites

586 1272 638 1340 ibi
675 1273 810 1341 iactare
833 1270 876 1339 de
899 1272 989 1337 bono
1012 1267 1140 1336 vitinio
1163 1271 1200 1336 (1
1223 1286 1287 1355 pro
1320 1271 1507 1339 arbustum
1539 1269 1621 1339 illas
1643 1287 1781 1356 semper
1817 1270 1868 1339 ibi
1892 1272 2027 1358 aberet;
2051 1274 2087 1340 et
2109 1272 2183 1340 iam
2206 1273 2253 1342 da
2276 1274 2347 1362 ipsi
2370 1275 2435 1342 tri-

585 1426 700 1495 decim
722 1425 811 1494 anni
846 1424 884 1491 in
909 1426 1015 1493 antea
1050 1421 1145 1490 omni
1170 1423 1326 1509 tempore
1350 1421 1430 1509 ipsa
1452 1423 1558 1490 vinea
1581 1423 1635 1490 vel
1658 1424 1845 1492 arbustum
1867 1441 1953 1509 quos
1977 1423 2028 1491 ibi
2052 1407 2266 1514 fecerimus,
2291 1426 2435 1513 quando

584 1581 779 1668 meruerit,
810 1579 1009 1648 lavoremus
1031 1581 1067 1645 et
1089 1577 1287 1646 studiemus
1319 1580 1354 1645 et
1384 1576 1556 1644 cultemus
1588 1576 1631 1645 de
1666 1595 1772 1664 super
1807 1582 1843 1646 et
1876 1577 1919 1645 de
1954 1580 2090 1664 supter,
2118 1577 2212 1647 sicut
2234 1579 2332 1646 locus
2356 1583 2430 1668 ipse

584 1737 780 1823 meruerit,
815 1740 855 1805 ut
876 1717 966 1804 bene
989 1734 1123 1822 paread
1146 1734 1369 1818 lavoratum,
1401 1739 1438 1799 et
1460 1749 1597 1819 semper
1622 1731 1660 1798 in
1691 1730 1818 1799 melius
1849 1731 2021 1828 proficiad
2044 1735 2080 1798 et
2114 1749 2186 1798 non
2215 1732 2434 1823 disperead,

583 1895 618 1957 et
651 1908 776 1960 curam
798 1894 834 1958 et
857 1889 1105 1976 vigilationem
1129 1888 1211 1955 inde
1246 1887 1440 1971 abeamus,
1476 1889 1512 1952 et
1533 1885 1674 1954 salbum
1696 1884 1777 1952 illut
1802 1883 1977 1952 faciamus
2001 1885 2098 1954 iusta
2121 1884 2312 1973 rationem;
2337 1892 2373 1957 et
2405 1909 2437 1966 a¹

582 2063 651 2132 quo
680 2043 803 2110 vinum
827 2047 863 2111 et
885 2061 988 2129 poma
1012 2043 1094 2110 inde
1117 2041 1264 2128 exierit,
1286 2045 1372 2108 tunc
1395 2041 1518 2108 amodo
1542 2043 1578 2108 et
1600 2057 1737 2127 semper
1761 2041 1966 2110 annualiter
1990 2043 2064 2110 suis
2087 2045 2308 2130 temporibus
2333 2048 2430 2116 scire

582 2199 755 2269 faciamus
788 2199 905 2284 ipsum
927 2199 1118 2282 abbatem,
1144 2195 1199 2262 vel
1224 2212 1307 2280 pars
1331 2193 1442 2281 ipsius
1463 2193 1638 2278 ecclesie,
1672 2196 1712 2260 ut
1736 2194 1867 2261 ibidem
1891 2194 2035 2282 dirigad
2058 2197 2207 2284 missum
2243 2219 2367 2289 suum,
2394 2207 2431 2272 (1

583 2372 647 2422 nos
670 2353 778 2421 vinea
802 2343 857 2420 vel
881 2354 1066 2420 arbustum
1092 2351 1207 2437 ipsum
1230 2348 1501 2433 vindemiemus
1528 2351 1564 2415 et
1588 2348 1713 2414 vinum
1737 2347 1854 2434 ipsum
1881 2349 2002 2435 ibique
2028 2350 2074 2418 ad
2105 2351 2327 2438 palmentum
2351 2374 2431 2442 pro-

582 2526 749 2576 curemus
768 2557 777 2594 ,
801 2509 837 2575 ct
860 2525 965 2593 poma
999 2505 1124 2573 exinde
1147 2503 1380 2591 colligamus,
1415 2505 1450 2570 (1
1472 2500 1586 2568 omnis
1610 2501 1734 2569 vinum
1756 2505 1792 2570 et
1815 2522 1920 2590 poma
1942 2522 2051 2590 quam
2075 2503 2158 2572 inde
2181 2506 2339 2594 exierit,
2363 2509 2434 2575 ibi·

579 2681 648 2750 que
668 2664 763 2731 inter
787 2679 851 2728 nos
874 2659 1095 2727 dividamus:
1114 2656 1260 2724 missum
1285 2656 1395 2743 ipsius
1418 2655 1563 2725 ecclesie
1586 2646 1693 2725 tol'lad
1719 2657 1807 2724 illud
1830 2657 1974 2726 tertiam
1997 2677 2095 2746 pam,
2112 2662 2148 2728 ct
2170 2678 2235 2747 ego
2259 2659 2317 2728 vel
2344 2660 2430 2729 meis

579 2816 771 2884 heredibus
795 2814 864 2882 due
887 2813 1020 2900 sortiS,
1045 2811 1247 2881 faciendum
1269 2809 1362 2898 quod
1384 2811 1627 2898 voluerimus,
1651 2815 1687 2879 et
1709 2812 1752 2880 de
1775 2812 1843 2880 isto
1867 2813 2009 2880 illorum
2033 2814 2157 2880 viuum
2181 2815 2426 2900 reponendum

579 2973 615 3038 (1
638 2970 680 3038 (1(
705 2970 963 3057 palmentatica
986 2973 1022 3037 (1
1044 2969 1087 3036 (1(
1110 2966 1341 3036 nutriendum
1365 2969 1440 3053 ipso
1462 2965 1610 3034 missum
1634 2966 1685 3034 sic
1708 2965 1967 3053 adimpleamus
1996 2964 2036 3032 iu
2072 2986 2155 3053 pars
2179 2969 2293 3055 ipsius
2315 2971 2432 3040 eccle-

578 3124 658 3212 sie,
688 3124 781 3192 sicut
803 3143 913 3210 supra
943 3122 1123 3208 diximus,
1154 3123 1197 3190 de
1226 3122 1318 3207 quod
1341 3125 1460 3190 autem
1483 3141 1547 3208 per
1570 3141 1706 3190 annum
1729 3122 1780 3191 ibi
1803 3122 2100 3190 seminaberimus
2123 3122 2170 3191 da
2200 3123 2269 3191 111(
2293 3127 2425 3193 nobum

578 3279 617 3345 in
653 3284 790 3366 antea,
824 3282 936 3346 totum
961 3278 1043 3345 illut
1067 3277 1169 3344 nobis
1192 3278 1362 3346 abeamus
1381 3271 1398 3364 ,'
1414 3279 1556 3345 tantum
1579 3277 1791 3345 terraticum
1815 3275 1933 3363 ibique
1956 3276 2039 3344 inde
2063 3277 2188 3344 demus
2224 3277 2270 3346 ad
2304 3297 2430 3348 aream

580 3431 626 3500 ad
649 3431 797 3500 missum
820 3431 933 3518 ipsius
957 3430 1102 3498 ecclesie
1125 3431 1319 3498 secundum
1343 3430 1558 3498 consuetudo
1583 3430 1694 3517 ipsius
1710 3429 1812 3497 locis.
1829 3431 1926 3498 Unde
1959 3432 1997 3498 in
2021 3449 2061 3498 eo
2083 3431 2235 3498 hordine
2258 3451 2320 3518 per
2345 3452 2429 3500 con·

580 3587 800 3655 benientiam
825 3584 959 3673 guadio
982 3583 1072 3651 mihi
1097 3585 1172 3670 ipse
1195 3585 1308 3652 abbas
1330 3583 1450 3670 dedit,
1474 3602 1547 3652 una
1571 3603 1650 3651 cum
1674 3602 1714 3651 eo
1737 3584 1877 3652 adesset
1903 3583 1979 3672 ipse
2015 3603 2119 3651 suum
2153 3583 2428 3672 advocatorem,

579 3742 615 3808 (1
638 3738 868 3808 mediatorem
904 3737 994 3805 milri
1029 3739 1147 3824 posuit
1181 3737 1382 3805 romoaldus
1416 3735 1590 3824 presbiter
1614 3737 1726 3824 ipsius
1749 3738 1897 3805 ecclesie
1920 3737 2165 3824 cardinalem;
2197 3741 2234 3806 et
2257 3757 2319 3824 per
2347 3739 2426 3825 ipsa

577 3891 715 3979 guadia
738 3892 912 3979 obligavit
936 3911 972 3959 se
996 3895 1032 3958 et
1055 3909 1272 3958 successores
1297 3907 1377 3958 suos
1399 3895 1435 3958 (1
1457 3892 1622 3977 partibus
1645 3891 1755 3978 ipsius
1779 3890 1927 3958 ecclesie
1944 3893 2068 3960 amodo
2091 3898 2126 3960 et
2142 3911 2279 3980 semper
2304 3893 2425 3962 defen-

575 4045 726 4114 sandum
757 4045 845 4112 mihi
875 4046 1015 4132 meique
1037 4043 1213 4130 eredibuS,
1238 4046 1339 4112 natos
1362 4048 1572 4131 nascenteS,
1595 4046 1671 4112 tota
1693 4048 1729 4113 et
1753 4044 1878 4112 inclita
1901 4045 2106 4131 supradicta
2130 4065 2196 4114 sua
2220 4047 2419 4118 traditione

572 4218 653 4266 cum
677 4199 753 4267 vice
776 4198 819 4266 de
841 4199 899 4266 bie
922 4217 985 4266 111(
1008 4198 1054 4266 (1(
1078 4216 1197 4266 omnes
1221 4198 1381 4266 homines
1404 4197 1570 4285 omnique
1593 4197 1770 4286 partibus,
1795 4202 1831 4267 (1
1855 4199 2037 4269 licentiam
2062 4201 2164 4268 nobis
2181 4199 2312 4268 tribuit
2337 4200 2425 4270 sali·

576 4371 634 4420 ces
658 4354 708 4420 ibi
733 4353 1006 4442 pastenandnm,
1031 4355 1092 4422 ubi
1117 4355 1359 4441 potuerimus,
1375 4351 1430 4421 vel
1453 4370 1568 4422 caune
1590 4373 1654 4439 pro
1678 4351 1836 4426 utilitate
1858 4354 1901 4421 de
1926 4353 2000 4441 ipse
2018 4357 2110 4424 curti
2126 4353 2209 4422 inde
2225 4354 2425 4440 abendum;

574 4510 611 4575 (1
636 4506 666 4573 11
691 4507 775 4574 inde
797 4509 1036 4595 superaberit,
1052 4511 1139 4575 tunc
1162 4507 1364 4576 dividamus
1387 4507 1448 4576 ille
1471 4509 1564 4576 inter
1588 4526 1755 4606 nuscum
1779 4527 1864 4607 pars
1879 4509 1992 4596 ipsius
2008 4509 2168 4578 ecclesie:
2186 4510 2230 4578 de
2247 4509 2305 4577 ille
2329 4509 2423 4596 quod

577 4660 766 4728 fecerimus
789 4662 827 4728 in
851 4659 930 4746 ipsa
953 4662 1056 4729 curte
1079 4663 1233 4747 suptana
1256 4659 1458 4728 dividamus
1481 4661 1540 4728 ille
1564 4662 1658 4730 inter
1681 4681 1745 4729 nos
1768 4663 1831 4748 per
1856 4661 2093 4749 medietatem,
2107 4667 2142 4730 et
2157 4662 2200 4730 de
2222 4667 2298 4748 ,ipse
2323 4663 2417 4750 quod

577 4812 764 4881 fecerimus
787 4813 825 4880 in
850 4818 950 4882 curte
974 4832 1144 4901 suprana,
1169 4813 1336 4882 tollamus
1360 4832 1424 4882 nos
1447 4815 1515 4882 due
1538 4817 1656 4906 sortis,
1680 4819 1716 4883 (1
1738 4834 1822 4902 pars
1844 4816 1957 4903 ipsius
1981 4815 2126 4883 ecclesie
2150 4817 2296 4884 tertiam
2319 4835 2420 4902 pars;

571 4971 608 5034 (1
631 4967 736 5053 quale
761 4973 919 5054 tempore
943 4970 1021 5056 ipsa
1044 4971 1145 5037 curte
1169 4972 1323 5054 suptana
1345 4966 1526 5037 dimittere
1548 4968 1763 5060 voluerimus
1787 4972 1823 5036 et
1846 4969 1928 5038 inde
1950 4967 2064 5056 exire,
2083 4971 2293 5056 potestatem
2311 4973 2421 5041 abea-

570 5139 661 5207 mus,
677 5125 712 5189 et
728 5123 833 5208 quale
856 5126 1013 5208 tempore
1036 5121 1084 5202 da
1104 5123 1172 5208 ipsi
1196 5121 1359 5189 tridecim
1382 5123 1468 5190 anui
1493 5123 1531 5189 in
1554 5127 1663 5192 antea
1684 5125 1764 5210 ipsa
1787 5127 1888 5192 curte
1912 5142 2072 5210 suprana
2095 5123 2276 5192 dimittere
2293 5123 2426 5194 volue-

569 5275 696 5362 rimuS,
712 5277 922 5362 potestatem
948 5277 1116 5344 abeamus
1131 5296 1141 5364 3
1166 5275 1217 5342 sic
1240 5279 1375 5362 tamen,
1393 5280 1433 5343 ut
1448 5277 1512 5346 illa
1535 5282 1570 5346 et
1581 5241 1657 5345 'illa
1673 5283 1773 5346 curte
1797 5282 1987 5366 pastenata
2002 5281 2037 5346 et
2053 5285 2196 5367 operata
2212 5284 2248 5348 et
2264 5283 2402 5353 cultata
2412 5333 2424 5367 ,

568 5428 663 5497 sicut
685 5428 870 5517 meruerit,
895 5434 942 5517 et,
967 5433 1140 5518 utsupra
1170 5429 1337 5518 diximus,
1362 5432 1586 5499 remittamus
1610 5431 1692 5500 illut
1714 5433 1753 5499 in
1776 5452 1859 5519 pars
1882 5434 1994 5521 ipsius
2018 5434 2165 5502 ecclesie
2188 5439 2224 5504 et
2247 5455 2326 5503 cum
2358 5456 2420 5504 or·-

568 5601 685 5669 ganca
708 5585 819 5670 ipsius
846 5583 994 5651 ecclesie
1017 5583 1063 5650 da
1088 5585 1161 5670 ipso
1184 5583 1306 5650 vinum
1332 5585 1585 5674 reponendum,
1610 5586 1640 5653 si
1666 5588 1747 5657 illas
1771 5588 1988 5675 abuerimuS,
2016 5589 2243 5658 remittamus
2267 5590 2350 5659 illut
2378 5592 2416 5659 in

569 5757 654 5824 pars
679 5737 792 5824 ipsius
814 5739 974 5826 ecclesie,
999 5745 1035 5808 et
1058 5740 1107 5807 sic
1132 5738 1246 5808 licead
1270 5759 1324 5806 me
1348 5743 1383 5807 (1
1400 5741 1488 5828 meis
1511 5740 1701 5810 heredibus
1718 5733 1799 5823 inde
1815 5743 1916 5812 exire
1932 5763 2013 5842 cum
2030 5745 2151 5814 omnia
2167 5752 2290 5817 nostra
2308 5767 2421 5820 causa

565 5891 713 5958 mobilia
738 5897 772 5959 (1
796 5911 1000 5980 pergamus,
1028 5893 1085 5958 ubi
1113 5893 1338 5960 voluerimus.
1366 5893 1461 5980 Quod
1484 5894 1512 5959 si
1539 5893 1661 5962 taliter
1684 5883 2075 5986 omniasuprascripta
2099 5917 2182 5984 pars
2215 5901 2329 5988 ipsius
2367 5921 2422 5970 ec-
