5466 7106
632 512 699 588 162
1273 519 1447 594 CODEX
1480 521 1745 596 elvisusts

578 741 682 809 cuius
705 743 941 829 pertinentem
965 749 1019 816 est
1042 747 1157 834 ipsam
1180 745 1288 816 linem
1311 727 1333 816 a
1356 751 1460 834 parte
1483 747 1677 818 occidentis
1698 753 1735 818 et
1758 750 1929 820 adiuncta
1952 755 2005 819 est
2027 769 2109 818 cum
2132 751 2212 838 ipsa
2238 752 2311 820 fine
2346 771 2430 842 sua;

577 899 789 983 propterea,
825 901 867 966 ut
899 898 1080 984 diximus,
1116 899 1278 968 venimus
1310 903 1349 967 in
1372 919 1473 970 sacro
1496 901 1717 971 salernitano
1739 903 1875 991 palatio
1898 907 1984 974 ante
2007 879 2225 991 presentiam
2260 905 2432 991 supradi-

579 1051 635 1117 cte
657 1047 809 1136 gloriose
834 1053 1043 1140 potestatis,
1068 1055 1104 1120 et
1126 1070 1247 1121 coram
1270 1053 1332 1121 illo
1355 1053 1493 1122 adesset
1515 1053 1681 1122 laidolfus
1710 1073 1849 1143 comeS,
1873 1056 1930 1123 cui
1966 1056 2044 1142 ipsa
2079 1056 2236 1143 gloriosa
2274 1060 2434 1144 potestas

583 1203 742 1290 precepit
765 1221 841 1272 esse
868 1203 1022 1272 iudicem
1047 1206 1141 1272 inter
1165 1222 1242 1292 nos,
1266 1210 1302 1272 et
1324 1206 1471 1273 fecimus
1495 1205 1577 1274 illut
1599 1209 1764 1277 notitiam
1789 1210 1902 1296 ipsius
1924 1209 2083 1296 iaquinti
2107 1207 2264 1296 genitori
2295 1217 2434 1279 meoet

580 1355 672 1442 petri
696 1355 857 1450 germani
882 1355 967 1442 mei,
992 1357 1163 1443 quisunt
1187 1357 1460 1444 propinquiores
1484 1363 1652 1445 parentes
1676 1359 1771 1446 mei,
1795 1363 1831 1428 et
1854 1361 1899 1428 ab
1921 1359 1997 1447 ipso
2020 1359 2174 1428 iudicem
2204 1364 2241 1428 et
2274 1362 2321 1428 ab
2345 1361 2434 1448 ipsis

578 1510 667 1577 meis
689 1509 899 1596 parentibus
923 1527 1002 1576 sum
1026 1511 1268 1599 interrogata,
1293 1529 1338 1579 ne
1361 1512 1521 1599 aliquam
1545 1512 1750 1582 violentiam
1773 1517 1932 1600 peterem
1956 1535 1978 1584 a
2001 1533 2222 1603 quocumque
2249 1517 2432 1585 ominem:

580 1661 765 1729 incorum
789 1663 972 1748 presentia
996 1661 1088 1751 dixi,
1114 1662 1202 1748 quia
1226 1663 1361 1732 nullam
1386 1669 1509 1750 pateor
1532 1664 1755 1752 violentiam,
1779 1663 1852 1734 nisi
1867 1626 2088 1735 voluntatem
2104 1684 2218 1736 meam
2235 1667 2318 1754 ipsa
2332 1669 2433 1734 terra

579 1833 660 1882 cum
683 1834 768 1885 casa
790 1816 868 1886 dico
892 1818 1102 1889 benundare
1124 1827 1160 1888 et
1183 1821 1270 1907 ipsis
1293 1825 1461 1909 parentes
1485 1822 1580 1910 mei;
1605 1827 1641 1891 et
1665 1825 1740 1908 ipso
1764 1822 1872 1890 iudex
1894 1823 1934 1889 in
1969 1841 2039 1890 auc
2068 1823 2248 1892 cartulam
2285 1841 2433 1892 manum

580 1975 789 2058 posuerunt.
814 1973 859 2040 Et
883 1973 962 2041 ideo
978 1993 1044 2062 ego
1060 1974 1225 2062 predicta
1239 1995 1394 2063 gemma,
1411 1976 1692 2044 consentientem
1713 1975 1801 2043 mihi
1818 1977 1894 2062 ipse
1910 1975 1967 2042 vir
1984 1993 2096 2063 meus,
2120 1976 2357 2045 communiter
2373 1978 2434 2044 be-

582 2123 822 2194 nundedimus
846 2126 960 2212 adque
976 2127 1246 2195 'comfirmamus
1269 2127 1334 2196 tivi
1358 2127 1515 2216 predicto
1538 2129 1686 2198 iohanni
1704 2129 1826 2196 comiti
1850 2132 1963 2198 totam
1986 2133 2021 2198 et
2045 2129 2207 2199 inclitam
2232 2130 2346 2217 ipsam
2362 2133 2433 2198 ter-

580 2296 660 2348 ram
683 2295 765 2346 cum
788 2297 873 2348 casa
895 2296 957 2367 per
981 2279 1204 2366 supradictos
1228 2281 1317 2348 fines
1340 2285 1376 2348 et
1399 2300 1676 2370 mensurasque
1701 2287 1849 2369 aparte
1873 2281 2084 2369 occidentis·
2106 2287 2146 2349 ut
2169 2283 2341 2369 diximus„
2373 2289 2429 2351 est

582 2432 777 2502 coniuncta
801 2433 846 2502 ad
869 2434 985 2520 ipsam
1009 2433 1117 2500 finem
1140 2437 1272 2519 tuaque
1295 2433 1442 2504 iohanni
1467 2436 1599 2522 comiti,
1616 2455 1696 2504 cum
1712 2437 1832 2508 omnia
1855 2435 1951 2502 intro
1974 2453 2011 2502 se
2034 2434 2224 2504 abentibus
2247 2437 2429 2505 omnibus-

585 2603 655 2673 que
679 2587 755 2653 suis
779 2585 1024 2673 pertinentiis,
1048 2593 1084 2654 et
1107 2607 1188 2654 cum
1211 2588 1287 2656 vice
1310 2588 1353 2655 de
1379 2588 1439 2655 via
1454 2605 1532 2676 sua,
1548 2591 1584 2654 et
1605 2607 1685 2656 cum
1708 2588 1784 2656 vice
1807 2593 1930 2656 nostra
1952 2588 1995 2657 de
2020 2588 2095 2675 ipsc
2111 2588 2246 2674 audite,
2265 2589 2360 2675 quod
2375 2597 2432 2658 est

580 2757 604 2808 a
627 2742 729 2826 parte
752 2721 1098 2827 septemtrionis,‘ad
1120 2739 1293 2807 securiter
1316 2743 1352 2806 et
1369 2740 1520 2807 firmiter
1544 2741 1667 2809 amodo
1691 2745 1727 2809 et
1750 2759 1887 2827 semper
1910 2745 1950 2808 tu
1974 2739 2154 2827 predictus
2179 2739 2351 2808 iohannes
2370 2757 2428 2807 co-

579 2909 653 2960 mes
675 2897 711 2961 et
733 2892 807 2962 tuis
829 2893 1021 2962 heredibus
1045 2891 1207 2960 inolitam
1230 2893 1473 2978 supradictam
1496 2906 1657 2962 nostram
1674 2892 1929 2961 vindictionem
1945 2891 2136 2979 abendum,
2154 2892 2426 2980 dominandum,

578 3042 839 3131 possidendum,
862 3049 898 3112 et
910 3043 1180 3112 omniaexinde
1195 3043 1398 3112 faciendum
1413 3064 1481 3132 que
1497 3045 1692 3113 volueritis
1711 3047 1755 3114 Et
1769 3064 1833 3132 pro
1848 3044 2131 3112 confirmandam
2146 3049 2182 3112 ct
2198 3044 2432 3114 staviliscen·

581 3197 665 3265 dam
688 3197 930 3285 supradictam
952 3204 1113 3269 nostram
1136 3198 1389 3267 vindictionem
1413 3197 1609 3284 recepimus
1632 3219 1655 3267 a
1679 3201 1714 3266 te
1738 3197 1895 3283 predicto
1919 3197 2074 3266 iohanne
2096 3196 2225 3264 comite
2247 3198 2432 3266 statutum

584 3351 739 3437 pretium
763 3305 845 3421 auri
873 3351 979 3420 solidi
1005 3353 1048 3421 de
1072 3349 1146 3421 tari
1170 3351 1254 3418 voni
1276 3351 1554 3438 quinquaginta,
1577 3352 1744 3419 abentem
1758 3369 1821 3438 per
1838 3368 2161 3437 unumquemquem
2183 3349 2335 3417 solidum
2359 3353 2434 3420 tari

585 3507 757 3590 quattuor
780 3505 819 3573 in
842 3525 963 3574 omnes
986 3504 1273 3590 deliverationes‚
1298 3505 1389 3574 sicut
1412 3507 1508 3574 inter
1524 3522 1587 3572 nos
1601 3503 1788 3571 combenit:
1807 3503 2020 3589 finitumque
2036 3503 2192 3589 pretium
2208 3502 2326 3590 ipsum
2342 3509 2433 3590 aput

583 3672 648 3722 nos
670 3677 713 3728 ea
736 3659 891 3745 ratione,
915 3677 978 3745 per
1001 3658 1299 3726 combenientiam
1322 3657 1458 3744 guadia
1480 3673 1544 3724 nos
1567 3656 1717 3744 predicti
1740 3656 1794 3723 vir
1817 3661 1853 3724 et
1877 3673 1968 3724 uxor
1991 3655 2228 3724 communiter
2252 3653 2320 3724 tivi
2335 3655 2439 3724 dedi-

583 3830 677 3898 mus,
701 3815 737 3880 et
760 3811 1001 3881 fideiussorem
1024 3813 1088 3881 tivi
1112 3811 1292 3900 posuimus
1314 3773 1552 3880 aldemarium
1568 3809 1682 3876 filium
1696 3808 1874 3895 quondam
1896 3809 2033 3895 amati;
2059 3814 2094 3878 et
2117 3827 2180 3896 per
2206 3807 2323 3896 ipsam
2339 3827 2436 3896 gua·

586 3962 682 4032 diam
706 3960 903 4048 obligamus
926 3981 989 4030 nos
1011 3967 1048 4030 et
1071 3967 1210 4031 nostros
1232 3961 1324 4029 filios
1347 3965 1382 4029 et
1405 3961 1527 4029 eredes
1550 3961 1675 4030 amodo
1697 3965 1733 4029 et
1756 3978 1894 4047 semper
1916 3959 2170 4030 defensandam
2205 3961 2271 4029 tivi
2307 3960 2437 4047 tuique

584 4113 749 4183 eredibus
770 4117 882 4183 totam
904 4119 940 4183 et
961 4114 1125 4183 inclitam
1148 4111 1391 4200 supradictam
1414 4117 1572 4183 nostram
1596 4111 1849 4180 vindictionem
1873 4113 1919 4180 ab
1936 4111 2099 4180 omnibus
2115 4111 2294 4180 ominibus
2317 4114 2437 4180 omni-

585 4269 720 4355 busque
744 4269 920 4355 partibus,
942 4285 1021 4335 curn
1044 4267 1121 4336 vice
1143 4267 1186 4335 de
1210 4268 1288 4354 ipsa
1312 4267 1371 4335 via
1394 4270 1430 4335 et
1452 4267 1495 4335 de
1518 4266 1593 4352 ipso
1617 4265 1794 4354 anditum,
1818 4271 1855 4336 et
1875 4266 2017 4354 quando
2040 4270 2080 4334 tu
2103 4265 2283 4353 predictus
2306 4265 2433 4336 iohan-

582 4438 645 4489 nes
667 4437 798 4508 comes,
821 4421 878 4489 vel
901 4425 981 4488 tuos
1004 4420 1138 4508 eredes,
1155 4419 1198 4488 de
1213 4423 1459 4508 suprascripta
1475 4422 1598 4488 nostra
1617 4418 1835 4486 vindictione
1860 4437 1924 4506 per
1940 4438 1999 4487 vos
2015 4417 2202 4488 bolueritis
2218 4437 2294 4488 esse
2310 4423 2433 4487 aucto·

582 4593 640 4644 res
665 4577 722 4645 vel
745 4575 959 4662 defensores,
983 4577 1196 4662 potestatem
1219 4573 1358 4643 abeatis
1381 4572 1458 4640 vice
1481 4575 1605 4641 nostra
1627 4571 1667 4640 in
1690 4571 1854 4639 omnibus
1876 4570 1960 4640 inde
1983 4590 2164 4659 causare,
2189 4577 2224 4640 et
2247 4573 2355 4641 finem
2379 4572 2434 4640 fa-

579 4747 673 4817 cere,
698 4730 853 4817 qualiter
876 4727 1074 4814 bolueritis,
1098 4744 1180 4794 cum
1195 4724 1358 4792 omnibus
1376 4724 1631 4792 moniminibus
1647 4728 1683 4792 ct
1698 4725 1898 4794 rationibus
1913 4745 1982 4812 que
1998 4725 2081 4794 inde
2098 4728 2207 4795 abere
2224 4727 2433 4814 potueritis.

582 4885 686 4971 Nam,
710 4883 853 4970 quando
875 4899 939 4951 nos
963 4881 1019 4951 vel
1043 4884 1183 4950 nostros
1205 4879 1296 4947 filios
1319 4883 1356 4946 et
1377 4879 1499 4947 eredes
1520 4877 1564 4947 de
1594 4878 1798 4966 supradicta
1833 4887 1956 4950 nostra
1980 4879 2200 4950 vindictione
2223 4881 2434 4967 quesieritis

584 5039 691 5106 abere
715 5042 879 5106 auctores
900 5041 937 5105 et
960 5035 1176 5121 defensores,
1198 5049 1263 5100 nos
1285 5036 1418 5119 autem,
1434 5037 1471 5100 et
1487 5030 1602 5100 nostri
1626 5031 1692 5100 filii
1709 5036 1745 5100 et
1760 5031 1897 5121 eredes,
1921 5031 2003 5102 illut
2024 5033 2091 5100 tivi
2115 5033 2240 5120 tuique
2264 5033 2434 5102 enodibus

582 5191 830 5278 defensemus,
853 5192 946 5260 sicut
970 5190 1134 5280 superius
1157 5189 1305 5275 legitur.
1331 5153 1433 5263 Quod
1450 5188 1482 5255 si
1506 5190 1569 5256 etc.
1595 5188 1744 5255 statuta
1766 5189 1900 5255 mulcta
1922 5187 2156 5256 ducentorum
2187 5189 2275 5254 ouri
2307 5187 2436 5256 solido·

584 5363 672 5413 ram
696 5345 936 5414 Constantini.
961 5349 997 5413 et
1019 5343 1143 5412 taliter
1165 5341 1322 5409 scribere
1345 5341 1552 5428 rogavimus
1575 5344 1609 5410 te
1632 5339 1790 5410 ademari
1812 5341 2006 5430 notarium,
2033 5347 2152 5410 actum
2175 5340 2333 5410 salerno.

624 5470 655 5585 †
680 5498 755 5584 Ego
778 5497 840 5584 qui
864 5515 973 5583 supra
999 5493 1164 5564 laidolfus
1191 5510 1306 5561 comes

625 5624 657 5740 †
681 5653 756 5741 Ego
780 5651 975 5737 myrandus
998 5651 1162 5718 notarius
1185 5665 1241 5715 me
1264 5649 1458 5738 subscripsi

627 5779 658 5896 †
683 5809 757 5895 Ego
781 5812 901 5894 petrus
925 5821 981 5872 me
1006 5801 1213 5889 subscripsi.

1339 5966 1710 5976 ›Qu-m
