5422 7102
1044 579 1444 653 lllPLOllll'liCUS
2051 581 2118 652 1811

321 813 495 897 mentum,
519 808 612 896 quod
636 807 711 876 illis
732 805 856 876 diebus
879 807 916 874 in
941 807 1187 894 suprascripta
1210 809 1315 874 rebus
1339 806 1558 885 abuerimus,
1573 807 1603 875 si
1620 807 1781 876 ebenerit
1797 808 1836 874 in
1853 805 1932 892 ipsa
1955 809 2079 874 nostra
2095 820 2169 872 sor-

322 964 434 1048 tione,
459 964 628 1031 abeamus
651 960 732 1028 illut
756 961 870 1048 nobis,
894 958 1093 1030 laciendum
1117 957 1208 1044 quod
1232 959 1463 1045 boluerimus;
1487 963 1523 1027 et
1553 959 1583 1027 si
1616 958 1776 1027 ebenerit
1804 959 1843 1024 in
1872 957 1951 1044 ipsa
1975 957 2169 1024 sartionem

322 1112 415 1200 quod
439 1129 524 1198 pars
547 1111 704 1179 eiusdem
726 1109 898 1178 hecclesie
922 1111 1211 1198 compreenserit,
1237 1115 1444 1197 potestatem
1470 1114 1604 1180 abeant
1627 1129 1694 1198 ego
1718 1115 1754 1179 et
1777 1129 1872 1178 meos
1896 1111 2045 1178 heredes
2069 1111 2169 1178 intus

325 1265 440 1352 ipsam
456 1281 557 1332 suam
573 1265 766 1331 sortionem
782 1262 946 1350 introire,
964 1267 999 1330 et
1014 1263 1143 1330 exinde
1156 1263 1320 1348 exsigere
1336 1261 1411 1348 ipso
1426 1261 1582 1330 reditum
1597 1265 1633 1330 61
1648 1262 1883 1350 pulmentum,
1900 1265 1936 1332 et
1958 1261 2089 1330 exinde
2106 1263 2171 1330 tol·

326 1417 399 1484 lere
422 1433 563 1483 omnem
587 1433 705 1483 meum
729 1413 841 1482 alium
865 1413 1030 1481 mobilem
1054 1414 1145 1500 quod
1170 1413 1242 1481 illis
1265 1415 1389 1482 diebus
1414 1415 1464 1482 ibi
1487 1415 1708 1501 abuerimuS,
1731 1419 1767 1483 et
1789 1413 1871 1482 illut
1896 1414 1979 1482 inde
2002 1415 2171 1482 excutere

321 1569 358 1632 et
382 1565 498 1635 lacere
521 1564 613 1650 quod
638 1564 869 1652 uoluerimus²
894 1583 1026 1650 apsque
1050 1565 1146 1632 omni
1172 1565 1429 1633 contrarietate
1453 1564 1510 1632 vel
1534 1565 1804 1651 requisitionem
1821 1565 1864 1632 de
1888 1567 2053 1651 partibus
2076 1563 2170 1632 eius-

320 1714 399 1783 dem
423 1715 596 1784 hecolesie
619 1721 655 1784 et
670 1717 712 1784 de
730 1714 797 1802 ipsi
823 1715 1060 1802 summumne,
1087 1715 1140 1782 vel
1165 1716 1259 1784 etde
1276 1715 1416 1784 illorum
1434 1716 1636 1783 heredibus.
1659 1717 1823 1802 Tantum,
1840 1716 1871 1783 si
1887 1733 1952 1802 ego
1967 1716 2172 1784 nominatus

324 1868 468 1936 alfanus
490 1871 526 1935 et
548 1885 643 1934 meos
665 1867 788 1935 eredes
812 1866 1006 1952 aliquando
1031 1873 1186 1952 tempore
1211 1867 1289 1952 ipsa
1312 1886 1391 1935 mea
1413 1870 1605 1936 sortionem
1628 1868 1672 1935 de
1696 1869 1858 1954 predicta
1874 1870 1979 1935 rebus
2004 1867 2171 1936 daturam

322 2021 386 2084 aut
408 2017 631 2084 vindituram
656 2016 879 2100 abnuimus,
903 2016 1075 2084 faciamus
1099 2015 1231 2083 exinde
1255 2017 1346 2084 scire
1372 2019 1446 2104 ipse
1470 2019 1581 2086 abbas
1607 2019 1662 2086 vel
1679 2018 1843 2105 partibus
1861 2018 2017 2086 eiusdem
2035 2019 2173 2086 heccle-

324 2169 376 2236 sie
399 2187 463 2256 pro
486 2169 569 2236 illut
593 2188 615 2237 a
632 2187 695 2235 nos
711 2168 897 2235 emendum
913 2187 976 2254 per
993 2169 1100 2235 tortio
1115 2170 1360 2256 constitutum,
1379 2189 1490 2256 usque
1506 2170 1631 2238 diebus
1647 2170 1802 2258 triginta
1818 2189 1897 2257 sex,
1914 2171 2068 2238 dandum
2086 2171 2170 2238 inde

324 2327 429 2392 nobis
452 2323 546 2390 iusto
570 2321 763 2392 ballentem
787 2321 942 2407 pretium
965 2322 1027 2406 qui
1053 2321 1142 2388 iuste
1166 2322 1275 2388 suerit
1299 2322 1566 2408 adpretiatum3
1591 2327 1627 2391 et
1650 2323 1681 2390 si
1704 2342 1788 2408 pars
1816 2323 1974 2408 predicte
1999 2323 2173 2392 hecclesie

328 2479 433 2545 rebus
459 2477 536 2563 ipsa
558 2496 580 2544 a
604 2492 669 2542 nos
691 2493 809 2541 emere
833 2472 988 2542 noluerit
1012 2478 1047 2541 61
1070 2473 1173 2543 daret
1194 2473 1325 2541 exinde
1349 2473 1450 2539 nobis
1474 2474 1567 2542 iusto
1591 2473 1783 2542 balientem
1806 2474 1976 2562 pretium,
1995 2480 2081 2544 tunc
2097 2479 2176 2562 post

327 2631 404 2716 ipsa
426 2631 655 2698 constitutam
680 2629 787 2696 liceat
811 2646 875 2694 nos
897 2646 956 2694 oos
980 2628 1066 2694 darc
1089 2627 1148 2694 cui
1174 2624 1403 2693 boluerimus
1428 2627 1532 2712 Nam,
1556 2626 1587 2692 si
1611 2628 1696 2694 ante
1714 2627 1791 2711 ipsa
1807 2629 2002 2696 constituta
2017 2629 2174 2695 cuicum-

328 2801 398 2868 que
422 2781 502 2850 illut
525 2780 728 2850 dederimus
752 2783 829 2848 sina
854 2780 1037 2847 licentiam
1062 2782 1097 2846 et
1120 2777 1376 2863 apsolutionem
1400 2778 1442 2846 do
1466 2777 1630 2863 partibus
1653 2778 1812 2848 eiusdem
1837 2781 2030 2867 hecclesie,
2056 2787 2095 2886 ut
2131 2783 2173 2850 de

333 2943 456 3006 nostra
478 2939 690 3023 potestatem
713 2954 789 3002 esse
807 2937 1062 3020 supstractum,
1079 2934 1155 3001 sina
1172 2933 1328 3021 pretium
1345 2932 1494 2999 redeant
1510 2932 1616 2999 rebus
1639 2933 1717 3017 ipsa
1741 2932 1786 3000 ad
1810 2937 2020 3018 potestatem
2039 2937 2077 3004 in
2094 2956 2177 3022 par-

327 3092 423 3159 tibus
446 3089 604 3177 predicte
626 3089 815 3176 hecclesie,
832 3087 1033 3158 iaciendum
1051 3043 1142 3173 quod
1158 3084 1324 3168 boluerit‚
1343 3101 1477 3169 apsque
1492 3083 1589 3149 omni
1606 3083 1864 3152 contrarietate
1881 3105 1958 3154 mea
1974 3091 2009 3154 61
2024 3088 2067 3156 de
2085 3091 2175 3158 meis

328 3243 531 3313 heredibus.
558 3243 657 3310 Unde
680 3243 724 3310 de
748 3242 869 3308 omnia
893 3238 1137 3326 suprascripta
1155 3237 1229 3323 ipse
1245 3237 1354 3304 abbas
1372 3235 1480 3302 miehi
1496 3233 1751 3321 adinplendum
1767 3256 1830 3322 per
1854 3240 1945 3307 bona
1962 3243 2178 3310 666666166-

329 3397 382 3466 tia
405 3402 442 3465 et
464 3413 526 3484 per
550 3396 860 3464 demandationem
883 3393 926 3460 de
951 3389 1020 3478 ipsi
1044 3391 1120 3458 thio
1147 3394 1182 3458 et
1205 3394 1368 3476 nepotem
1391 3388 1524 3475 guadia
1547 3388 1655 3456 michi
1682 3391 1756 3475 ipse
1781 3393 1890 3460 abbas
1908 3410 1982 3461 una
1999 3413 2080 3461 cum
2096 3414 2179 3481 pre-

329 3551 424 3619 dicto
447 3550 657 3619 adbocatore
682 3545 762 3644 dedi
787 3549 823 3612 et
846 3544 1039 3622 mediatore
1063 3543 1172 3610 michi
1201 3543 1318 3628 posuit
1341 3543 1496 3610 iohanne
1520 3541 1594 3609 filio
1618 3544 1793 3629 quondam
1817 3545 1943 3631 amati3
1967 3549 2003 3613 et
2020 3567 2081 3632 per
2100 3547 2179 3634 ipsa

327 3703 463 3791 guadia
487 3706 550 3770 etc.
578 3701 746 3784 Sequitur
769 3700 934 3766 consuetu
948 3699 1131 3781 sorticulo,
1157 3698 1296 3760 statuto
1312 3696 1446 3761 mulcta
1462 3695 1594 3778 uiginti
1610 3698 1697 3762 ouri
1711 3697 1904 3763 solidorum
1930 3699 2176 3767 Goustuuta'ur'.

331 3858 374 3923 Et
399 3859 495 3923 hunc
519 3856 664 3922 brebem
688 3847 815 3938 scripsi
839 3869 904 3936 ego
928 3847 1082 3916 romualt
1105 3847 1266 3914 notarius
1289 3805 1351 3932 qui
1376 3845 1536 3914 interfui.

377 3982 407 4096 †
432 4010 508 4096 Ego
532 4009 643 4076 ciciro
666 4007 829 4074 notarius
852 4022 907 4070 me
931 4000 1123 4086 subscripsi

376 4137 406 4251 †
433 4165 507 4249 Ego
530 4165 652 4248 petrus
676 4179 732 4227 me
755 4155 961 4240 subscripsi.

1146 4410 1159 4414 -
1189 4405 1455 4414 ——-—--—-——---=·-

1075 4669 1428 4751 DCCCXXV.

1108 4931 1162 5006 A.
1191 4927 1240 5004 D.
1270 4925 1399 5005 1030.

377 5185 412 5324 i'
437 5238 477 5303 ln
500 5233 644 5300 nomine
667 5228 834 5313 domini,
860 5225 1064 5295 duodecimo
1090 5238 1185 5290 anno
1208 5218 1432 5304 principatus
1455 5215 1575 5283 domni
1600 5216 1714 5282 nostri
1745 5217 1927 5302 guaimari
1958 5215 2025 5282 filii
2060 5217 2183 5284 domni

333 5387 517 5480 guaimari
543 5385 689 5474 gloriosi
714 5379 950 5470 principibus,
975 5394 1094 5445 mense
1118 5370 1261 5460 aprelis,
1279 5368 1525 5439 tertiadecima
1542 5365 1751 5435 indictione.
1778 5369 1871 5435 11616
1896 5387 1951 5435 me
1968 5368 2106 5438 dauseri
2123 5387 2183 5437 ca·

330 5541 485 5611 staldum
504 5538 668 5608 66666611
691 5535 863 5602 sellicitus
887 5532 1080 5599 monachus
1105 5525 1200 5593 lilius
1224 5521 1333 5591 ciceri
1358 5521 1402 5588 de
1425 5520 1611 5588 balnearia
1635 5537 1715 5585 cum
1731 5519 1988 5608 machedolus,
2006 5527 2185 5608 congnato

333 5714 398 5763 suo
422 5698 459 5782 61
482 5692 556 5759 filio
580 5689 759 5762 benedicti
783 5683 900 5773 sogari
924 5679 1110 5769 presbiter,
1134 5676 1176 5745 de
1201 5677 1306 5742 rebus
1329 5671 1406 5740 eius
1430 5689 1499 5757 que
1522 5669 1591 5737 suit
1615 5669 1727 5756 ipsius
1757 5670 1864 5738 ciceri
1889 5671 2030 5758 genitor
2068 5673 2183 5759 ipsius

332 5845 463 5915 sellicti
488 5849 525 5916 et
548 5862 666 5913 socero
691 5841 802 5929 ipsius
826 5831 1048 5918 machenolfi,
1074 5827 1168 5897 unde
1194 5828 1268 5913 ipse
1291 5819 1537 5892 machencllus
1560 5841 1622 5908 per
1646 5821 1725 5909 ipsa
1748 5821 1886 5892 ratione
1923 5825 2026 5894 debet
2059 5827 2185 5896 tollere
