5370 7104
633 534 683 606 11
1235 525 1346 599 Buba
1374 526 1429 597 DE
1456 526 1738 608 TEMPORIBUS

571 756 677 831 1138.
738 774 749 822 1
817 752 850 848 *l
878 750 1048 835 Rainone,
1074 749 1157 820 dum
1184 773 1244 821 rer
1270 749 1393 824 Sicilia
1418 748 1478 819 de·
1587 837 1590 844 Ι

862 927 967 1014 geret,
998 914 1111 988 Mollia
1137 914 1270 986 reddita
1294 923 1348 987 est
1366 915 1417 986 illi
1437 919 1475 1012 ⁴).

862 1086 943 1158 Post
980 1085 1046 1156 hoe
1085 1084 1269 1158 Salernum
1300 1085 1474 1174 veniens,

862 1276 961 1324 mons
990 1250 1161 1324 Besubius
1201 1273 1363 1343 magnum
1402 1273 1481 1321 eru-

863 1428 972 1502 ctavit
996 1425 1212 1510 incendium,
1233 1424 1322 1518 quod
1342 1435 1482 1496 secutus

866 1607 919 1669 est
945 1595 1059 1690 puluis
1089 1603 1202 1666 tantae
1233 1593 1480 1678 densitudinis,

868 1776 906 1839 ut
931 1773 1042 1836 totum
1071 1786 1182 1834 aerem
1214 1761 1482 1852 obtenebraret,

866 1946 1018 2010 ettotam
1038 1936 1127 2005 hano
1147 1932 1280 2028 operuit
1308 1932 1483 2026 regionem

869 2130 977 2200 usquc
993 2106 1227 2198 principatum
1247 2113 1281 2174 et
1294 2103 1483 2175 Calabriam

864 2284 898 2345 et
924 2275 1037 2368 eoepit
1061 2273 1163 2345 tertio
1190 2272 1352 2342 kalendas
1372 2273 1481 2366 junii,

866 2451 900 2514 et
919 2442 1080 2537 paulatim
1096 2444 1314 2528 decrescens,
1336 2464 1395 2537 per
1412 2463 1484 2514 xxx

865 2611 964 2696 dies,
1004 2611 1215 2704 totidemque
1247 2615 1367 2682 noctes
1393 2609 1483 2682 sieut

869 2784 992 2848 uentus
1023 2779 1182 2848 eumdem
1209 2779 1384 2872 puluerem
1412 2779 1482 2871 agi-

861 2941 967 3029 tabat,
1000 2953 1126 3016 terram
1153 2943 1351 3038 operiebat;
1385 2944 1480 3036 quie-

576 3156 839 3176 *ι’-

914 3275 1131 3335 MURATORI

616 3423 660 3508 ¹).
681 3476 687 3488 .
710 3429 810 3489 ‚dum
835 3430 867 3489 in
894 3429 1011 3492 Sicilia
1043 3438 1179 3506 ageret,
1216 3429 1321 3490 lllallla
1349 3431 1477 3491 reddita

580 3589 632 3646 est
654 3583 718 3646 illi.

1804 762 1857 834 vit
1882 761 1937 834 dia
1963 775 1989 858 ²)
2014 765 2254 860 Apostolorum
2275 770 2301 862 ο)
2328 767 2419 840 Petri

1806 944 1840 1007 et
1866 934 1975 1008 Pauli.
2005 937 2086 1010 Post
2112 936 2174 1011 hee
2196 939 2420 1014 Innocentius

1814 1099 1902 1194 Papa
1920 1124 1999 1172 eum
2019 1105 2171 1177 exercitu
2189 1106 2420 1178 Romanorum

1812 1270 2028 1366 Campaniam
2055 1273 2255 1360 adueniens,
2277 1275 2348 1346 Rex
2366 1299 2420 1369 ag-

1808 1464 1947 1536 gressus
1973 1451 2095 1514 contra
2120 1453 2193 1516 tum
2215 1445 2332 1538 lugam
2364 1442 2425 1514 Pa-

1811 1636 1851 1706 pa
1877 1612 2045 1706 arripiens
2071 1623 2189 1708 captus
2216 1626 2269 1688 est
2297 1641 2316 1688 a
2342 1637 2425 1709 rege

1811 1802 1891 1850 cum
1906 1779 2052 1850 maxima
2065 1789 2159 1873 parte
2173 1782 2343 1856 exereitus
2359 1784 2427 1855 lto-

1810 1973 2000 2023 manorum.
2030 1955 2095 2040 Qui
2123 1966 2264 2028 eoactus
2290 1959 2420 2050 captio-

1809 2147 1851 2194 ne
1879 2149 1946 2196 non
1973 2134 2107 2199 tantum
2145 2130 2199 2199 sui
2226 2139 2279 2202 set
2304 2131 2421 2226 populi

1810 2293 1942 2362 romani
1971 2317 2049 2386 rege
2077 2295 2201 2366 uexilla
2226 2297 2291 2368 tria
2318 2299 2427 2369 tradi-

1808 2461 1869 2546 un,
1904 2486 2010 2533 onon
2040 2431 2135 2555 regii
2163 2463 2295 2548 stura,
2327 2465 2421 2537 anm

1811 2631 1962 2702 Ducatus
1979 2631 2131 2725 Apuliae,
2161 2633 2301 2704 tertium
2321 2633 2423 2704 Prin·

1809 2815 1941 2907 cipatus
1958 2813 2101 2908 Capuae.
2127 2813 2250 2886 Postea
2268 2815 2338 2886 Rex
2357 2818 2421 2887 Ba-

1806 3008 1882 3055 rum
1911 2984 2130 3078 proficiscens
2173 3007 2252 3054 eum
2295 3009 2419 3079 magna

1804 3156 1999 3230 difficultate
2025 3159 2157 3230 reddita
2183 3169 2236 3232 est
2265 3158 2329 3244 illi,
2364 3160 2422 3230 ubi

1804 3325 1998 3421 Principem
2038 3335 2071 3397 et
2097 3329 2248 3397 barones
2276 3325 2420 3396 interle-

1805 3492 1864 3562 cit.
1907 3491 1948 3562 Et
1974 3491 2070 3561 siluit
2095 3503 2186 3563 terra
2213 3494 2247 3561 in
2274 3513 2419 3584 eonspe-

1685 3743 1689 3751 .
1803 3663 1860 3724 ctu
1886 3652 1974 3722 eius.
2000 3651 2041 3721 Et
2059 3651 2202 3720 ueniens
2216 3647 2414 3732 Salernum,

574 3789 839 3803 -—--——-—·

956 3903 1086 3964 PERTZ

569 4061 657 4121 inter
678 4062 837 4122 rotonum
858 4061 908 4120 cel
931 4067 1019 4119 iuter
1041 4060 1214 4120 cinianum
1242 4062 1280 4120 in
1303 4061 1411 4121 codice
1433 4061 1476 4119 le-

568 4233 642 4293 9cre
662 4215 745 4274 milri
766 4213 913 4275 videbar.
941 4213 1029 4284 Quae
1052 4215 1162 4274 littero
1178 4215 1328 4290 deinceps
1345 4215 1476 4294 obliqua

1518 4331 1782 4344 —..-—----

567 4367 818 4443 imprimuntur,
845 4366 882 4424 in
905 4365 950 4424 55
972 4367 1081 4426 codice
1102 4384 1170 4426 non
1191 4367 1241 4426 ito
1263 4367 1355 4428 clara
1374 4385 1477 4444 appa-

567 4517 695 4580 rebant.

1803 3825 1911 3898 filium
1927 3850 2042 3912 suum,
2063 3847 2164 3917 quem
2178 3823 2309 3917 Capuae
2323 3823 2419 3919 prin-

1800 3998 1910 4092 cipem
1937 4000 2093 4081 lecerat,
2134 3995 2238 4067 etiam
2268 3995 2409 4088 Neapoli

1804 4165 2052 4236 dominatorem
2081 4161 2262 4235 constituit
2286 4165 2323 4243 8).

1851 4442 2067 4504 MURATORI

1553 4602 1576 4682 ²)
1594 4647 1601 4662 .
1622 4647 1655 4660 ..
1682 4603 1715 4660 et
1737 4595 1948 4666 Calabriam3
1988 4599 2021 4654 et
2044 4591 2153 4670 coepit
2175 4588 2332 4669 paulatim
2357 4586 2417 4646 de-

1512 4775 1677 4820 crescere.
1703 4757 1767 4817 Per
1786 4753 1922 4829 triginta
1945 4751 2043 4822 dies,
2072 4748 2274 4825 totidemque
2298 4751 2412 4806 noctes

568 4876 585 4910 ‹
606 4856 664 4911 Tra
686 4855 819 4928 Rignano
842 4873 859 4910 o
882 4855 1013 4910 Rauiano
1037 4857 1214 4928 (Blariacum)
1239 4875 1254 4911 e
1279 4857 1364 4910 Caeal
1383 4873 1474 4910 nuovo

566 5015 584 5048 ι
602 4996 684 5068 segul
702 4995 725 5050 il
744 4996 872 5053 conflitto
892 5003 937 5052 tra
951 4995 972 5050 il
986 4997 1027 5052 Re
1047 4993 1194 5067 Ruggiero
1213 4995 1249 5051 ed
1267 4993 1288 5050 il
1308 4997 1388 5052 Duea
1407 4996 1473 5051 Rai-

1511 4921 1620 4979 siccus
1653 4918 1771 4976 ventus
1809 4910 1961 4972 eumdem
1996 4905 2169 4987 pulverem
2203 4899 2411 4980 asportabat,

1512 5079 1634 5134 terram
1657 5069 1840 5150 operiebat3
1865 5067 1920 5144 qui
1944 5063 2071 5141 quievit
2094 5061 2147 5120 die
2167 5107 2173 5119 .
2196 5105 2229 5118 ..

566 5160 584 5193 ι
605 5136 684 5194 uolfo
703 5137 780 5193 eolla
798 5137 931 5194 sconfitta
952 5138 999 5194 del
1019 5136 1118 5208 primo.
1139 5158 1152 5190 n
1173 5137 1213 5192 Di
1237 5139 1299 5193 Meo
1319 5138 1414 5193 Indice
1432 5139 1475 5192 elci

568 5289 680 5359 Lacopbi
700 5288 759 5343 Vol.
779 5290 822 5342 12.
838 5303 904 5358 pop.
924 5290 989 5343 292.
1488 5269 1494 5400 p

608 5437 638 5508 *l
657 5435 780 5490 L'Anno
800 5436 868 5492 1138
892 5436 908 5490 d
931 5433 1032 5490 scritto
1050 5434 1098 5489 nel
1112 5432 1225 5501 Codice,
1246 5433 1366 5491 aieeome
1390 5435 1414 5490 si
1427 5454 1472 5491 ve·

566 5575 602 5630 da
620 5572 834 5631 nell'Ediaione
853 5577 900 5631 del
919 5575 1012 5642 Perta
1030 5593 1076 5630 ma
1096 5575 1126 5628 la
1144 5581 1260 5630 nota-
1273 5581 1379 5632 mortuo
1404 5576 1471 5630 Ral-

565 5733 637 5775 oenc
654 5722 700 5774 cte.
712 5751 747 5760 —
761 5719 899 5776 eomineia
916 5721 1040 5792 qualche
1059 5719 1122 5793 rigo
1141 5719 1191 5792 pilu
1211 5737 1296 5790 sopra
1320 5719 1470 5778 continua·

566 5871 695 5920 tumente
713 5864 775 5921 alla
792 5866 869 5923 Nota
887 5868 1058 5936 precedente
1072 5898 1107 5906 -
1120 5865 1261 5920 Lonorius
1279 5871 1335 5920 cte.
1346 5898 1381 5906 -

1510 5575 1773 5588 „——....-....--—

1553 5230 1577 5309 ³l
1649 5277 1656 5290 .
1674 5231 1751 5291 Post
1772 5227 1835 5286 hec
1858 5223 2071 5284 Innocentius
2096 5223 2180 5298 Papa
2215 5236 2288 5277 cum
2319 5235 2413 5276 exer-

1511 5391 1579 5453 citu
1601 5389 1822 5450 Romanorum
1855 5385 2064 5466 Campaniam
2097 5379 2302 5447 adveniam,
2341 5377 2411 5438 Rex

1895 5685 2026 5750 PERTZ

1547 5857 1597 5934 ⁰).
1620 5901 1624 5912 .
1647 5901 1652 5912 .
1673 5899 1680 5924 ,
1705 5851 1760 5930 qui
1784 5849 1884 5911 desiit
1907 5847 1959 5908 die
1984 5843 2266 5926 Apostolorum..
2287 5883 2295 5901 .
2316 5886 2323 5901 .
