5318 7134
969 532 1371 609 DIPLOMATICUS
2034 535 2055 606 :l

248 764 350 836 nobis
374 762 578 852 perbenerit
601 763 693 849 quod
717 765 818 831 vobis
842 763 1164 853 benumdedimuS,
1200 767 1309 836 talem
1343 765 1425 833 inde
1456 765 1593 832 abeatis
1617 781 1678 830 vos
1711 767 1746 830 et
1774 764 1902 830 vestris
1925 761 2091 830 eredibus
2194 787 2199 796 ·

249 920 348 988 omni
370 923 526 1006 temporo
548 936 612 1003 per
635 916 714 1004 ipsa
737 917 878 986 cartula
901 935 964 1003 per
987 918 1193 1005 supradicto
1215 918 1388 1005 ordincm;
1406 921 1472 1004 set,
1490 923 1530 986 ut
1551 917 1629 1003 ipsa
1643 917 1784 985 cartula
1798 933 1862 1002 per
1880 915 1965 986 aliis
1980 915 2093 983 modis

252 1093 324 1141 non
348 1073 412 1141 fiat
435 1075 701 1159 trasmutatam,
727 1073 806 1158 ipsa
830 1071 971 1140 cartula
994 1071 1092 1136 vobis
1116 1069 1315 1156 emisimus,
1339 1073 1374 1137 et
1397 1069 1471 1139 alia
1493 1070 1565 1138 tale
1588 1070 1672 1137 inde
1694 1071 1796 1136 nobis
1826 1069 2038 1157 retinemus,
2063 1074 2099 1138 et
2155 1081 2159 1088 ·

251 1227 374 1296 taliter
398 1225 555 1294 scribere
579 1225 787 1314 rogabimus
811 1228 848 1292 11
871 1221 924 1291 iso
948 1223 1125 1311 presbiter
1150 1223 1383 1309 1110111111,
1408 1226 1529 1291 actum
1553 1229 1764 1292 mentorum.

291 1353 322 1470 †
346 1382 421 1468 Ego
445 1377 565 1466 grimu

291 1505 322 1620 †
347 1535 421 1620 Ego
445 1535 599 1600 amatus

1060 2015 1289 2098 DCCIX.

1033 2279 1088 2356 A.
1117 2279 1166 2355 D.
1195 2275 1317 2357 1018.

298 2513 334 2654 †
359 2566 399 2630 ln
423 2565 566 2633 nomine
590 2565 725 2634 domini
750 2565 930 2634 tricesimo
953 2585 1048 2636 anno
1072 2567 1296 2656 principatus
1319 2569 1438 2636 domni
1463 2570 1572 2637 nostri
1599 2570 1794 2658 guaimari,
1818 2575 1854 2639 et
1869 2569 1974 2638 tertio
1998 2590 2098 2639 anno

249 2717 474 2812 principatus
498 2722 615 2790 domni
642 2722 789 2790 iohanni
812 2721 890 2790 eius
906 2722 986 2808 filii,
1003 2722 1151 2810 gloriosi
1176 2722 1409 2812 principibus
1435 2743 1555 2793 mense
1579 2728 1791 2811 september,
1816 2726 1933 2811 prima
1957 2725 2019 2794 die
2044 2727 2101 2793 in·

253 2883 376 2950 trante
400 2877 557 2948 secunda
581 2877 791 2947 indictione.
818 2881 961 2946 brebem
984 2878 1151 2946 emissum
1174 2881 1276 2947 nobis
1300 2881 1499 2967 guaiferius
1535 2882 1632 2948 lilius
1663 2883 1843 2966 quondam
1866 2882 2022 2968 guaiferi
2047 2901 2105 2950 oo-

254 3037 337 3104 11111
361 3039 398 3103 11
421 3033 528 3102 lando
552 3035 664 3102 abbas
689 3031 898 3100 monasterii
922 3031 1039 3100 sancti
1063 3030 1212 3100 iohanni
1228 3033 1319 3100 situs
1342 3033 1439 3100 intus
1455 3052 1522 3103 ano
1544 3034 1801 3104 salernitanam
1817 3033 2001 3103 cibitatem
2019 3041 2104 3104 ante

252 3197 355 3276 porta
379 3189 550 3272 rotense,
584 3204 647 3271 per
682 3184 944 3254 combenientia
979 3189 1062 3252 ante
1097 3187 1287 3272 subscripti
1310 3190 1419 3255 testes
1441 3189 1677 3255 communiter
1706 3188 1922 3256 tradidimus
1947 3191 2100 3257 iohanni

250 3343 441 3411 1101111101
466 3341 540 3408 filio
563 3339 656 3427 petri
680 3341 807 3408 inclita
831 3340 965 3406 duobus
989 3331 1144 3426 molina,
1174 3359 1243 3426 que
1267 3342 1504 3409 communiter
1527 3343 1699 3428 abemuS,
1729 3362 1797 3428 que
1821 3343 1986 3413 dedicata
2017 3350 2102 3412 sunt

252 3496 292 3562 in
316 3495 425 3562 flubio
449 3493 557 3560 lirino
580 3490 779 3580 propinquo
802 3511 913 3560 mare.
940 3493 1067 3561 inclita
1097 3493 1176 3578 ipsa
1200 3493 1344 3580 molina,
1360 3495 1513 3581 qualiter
1539 3495 1703 3563 conciata
1728 3495 1784 3602 vel
1808 3495 1976 3564 edificata
1999 3499 2099 3584 sunt,

252 3667 336 3716 cum
361 3647 452 3716 mole
475 3651 511 3714 et
534 3647 729 3715 1111111111
752 3666 829 3733 sua,
853 3649 889 3714 et
912 3665 992 3713 cum
1016 3646 1223 3734 arcaturiis,
1247 3649 1283 3713 et
1306 3646 1405 3734 isole,
1429 3651 1465 3715 et
1487 3667 1661 3733 aquarum
1686 3648 1822 3734 usibuS,
1839 3651 1875 3715 et
1892 3651 2050 3720 transita
2065 3655 2101 3718 et

251 3803 356 3906 111111
379 3821 458 3888 sua,
484 3802 565 3871 illut
588 3801 703 3870 eidem
726 3799 876 3869 iohanni
900 3799 1129 3886 tradidimus,
1153 3799 1218 3866 tali
1243 3799 1408 3886 hordine,
1432 3804 1472 3867 ut
1497 3799 1620 3869 amodo
1644 3804 1679 3867 et
1703 3819 1813 3886 usque
1830 3821 1941 3868 unum
1964 3822 2102 3872 annum

250 3955 436 4043 expletum
461 3956 501 4024 in
523 3954 699 4024 kalendas
723 3955 765 4022 de
789 3905 1030 4041 suprascripto
1054 3971 1174 4021 mense
1196 3955 1393 4038 september
1418 3953 1542 4021 liceret
1566 3952 1669 4020 illum
1692 3958 1728 4022 et
1750 3954 1912 4023 homines
1943 3957 2007 4043 qui
2043 3959 2107 4026 1111

255 4109 453 4198 miserint,
476 4107 603 4178 inclita
626 4107 872 4216 suprascripta
894 4107 1028 4177 molina
1051 4127 1115 4176 sue
1137 4108 1320 4194 potestatis
1343 4111 1465 4175 benere
1488 4113 1524 4176 et
1546 4108 1757 4196 dominare,
1785 4116 1822 4180 et
1844 4110 1972 4180 cotidie
2001 4112 2102 4182 illam

252 4285 380 4354 regere
403 4269 440 4334 et
463 4265 640 4352 conciare,
664 4268 706 4332 ut
730 4264 883 4350 perfecte
906 4282 1096 4332 macenare
1121 4269 1293 4351 possant,
1317 4270 1353 4335 11
1375 4267 1490 4334 omnis
1512 4267 1683 4335 molitura
1706 4285 1775 4353 que
1798 4269 1841 4336 de
1865 4270 1944 4355 ipsa
1967 4267 2102 4340 molina

255 4421 379 4489 tollere
402 4419 458 4488 vel
482 4421 590 4489 abere
613 4419 809 4507 potuerint,
833 4421 945 4488 totum
968 4435 1031 4486 sue
1054 4420 1129 4486 sint
1153 4417 1335 4507 potestati,
1358 4419 1560 4488 faciendum
1583 4421 1676 4507 quod
1700 4419 1869 4490 boluerit:
1895 4427 2017 4508 preter
2042 4443 2107 4512 per

253 4592 379 4644 omnes
402 4573 576 4644 kalendas
599 4573 708 4642 deant
731 4549 946 4642 admissum
970 4575 1130 4639 nostrum
1154 4571 1286 4674 ibidem
1309 4573 1440 4662 biginti
1465 4576 1640 4662 quadtuor
1664 4577 1818 4645 modiola
1849 4577 1892 4644 de
1916 4595 2101 4664 granum,

254 4729 359 4815 quale
383 4728 515 4798 ibidem
538 4728 756 4814 intraberit,
787 4727 959 4796 mundum
982 4729 1116 4814 absque
1138 4728 1313 4816 ordeum,
1338 4729 1383 4798 ad
1407 4729 1479 4798 tale
1502 4748 1697 4816 mensura,
1732 4730 1838 4816 quale
1868 4749 1978 4817 usque
2002 4749 2100 4800 nunc

254 4885 472 4953 consuetudo
495 4887 551 4953 est
574 4884 658 4952 illut
681 4885 889 4970 tollendum,
913 4887 949 4951 et
972 4883 1080 4952 deant
1103 4883 1204 4951 nobis
1226 4884 1342 4951 omnis
1364 4887 1515 4952 tunsura
1537 4884 1580 4951 de
1605 4883 1683 4970 ipsa
1706 4883 1853 4952 molina:
1873 4885 2103 4956 medietatem

254 5038 335 5107 illut
358 5039 404 5108 ad
427 5037 575 5108 missum
598 5057 786 5126 meumque
809 5037 986 5125 guaiferi,
1010 5040 1047 5104 et
1069 5037 1295 5106 medietatem
1319 5037 1364 5105 ad
1387 5056 1471 5123 pars
1494 5036 1643 5124 predicti
1668 5039 1862 5106 monasteri
1883 5061 1894 5126 ;
1928 5045 1964 5108 11
1987 5061 2103 5128 quan-

253 5193 296 5260 do
331 5193 427 5263 infra
461 5193 538 5279 ipso
570 5192 802 5260 constitutum
836 5207 979 5258 necesse
1013 5190 1123 5257 fuerit
1157 5190 1247 5258 mole
1282 5189 1321 5256 in
1345 5191 1423 5277 ipsa
1446 5190 1607 5279 molina,
1644 5208 1708 5258 nos
1732 5191 1793 5259 ille
1819 5192 1949 5261 ibidem
1979 5213 2102 5263 eorum

253 5349 375 5417 demus
397 5349 516 5433 bone,
540 5345 634 5413 sicut
667 5343 864 5431 meruerit,
889 5364 951 5431 per
986 5343 1058 5412 illis
1093 5343 1254 5414 conciate
1287 5348 1324 5412 11
1347 5344 1534 5434 ordinate,
1568 5346 1662 5415 sicut
1685 5345 1884 5433 meruerit3
1909 5352 1945 5416 11
1969 5349 2000 5416 si
2025 5349 2105 5435 ipsa

255 5503 440 5572 arcaturia
473 5501 517 5570 de
551 5501 631 5588 ipsa
665 5500 799 5570 molina
831 5501 938 5587 plena
971 5499 1029 5568 vel
1051 5502 1158 5586 rupta
1179 5498 1316 5585 fuerit,
1352 5498 1414 5566 ubi
1437 5515 1501 5566 nos
1524 5497 1608 5568 inde
1632 5499 1725 5600 scire
1748 5500 1929 5590 fecerint,
1956 5503 2003 5572 da
2024 5521 2108 5591 pre-

257 5654 371 5724 sentis
394 5653 495 5724 illam
527 5643 694 5723 'conciare
724 5653 926 5740 iaciamus,
952 5652 1045 5720 sicut
1075 5652 1276 5738 meruerit,
1307 5657 1343 5722 et
1388 5657 1565 5740 quantum
1589 5635 1697 5740 opera
1720 5654 1917 5741 perdiderit
1940 5675 2004 5744 pro
2028 5658 2109 5745 ipsa

256 5811 409 5894 ruptura
433 5811 469 5876 et
492 5805 584 5877 mole
606 5811 642 5876 et
666 5823 732 5896 pro
765 5804 1058 5894 generationem,
1088 5803 1190 5874 nobis
1222 5804 1305 5873 illut
1328 5803 1572 5894 imputemus,
1609 5812 1645 5876 et
1667 5825 1731 5893 per
1762 5809 1877 5880 omnis
1911 5809 2106 5882 ebdomada
