5422 7102
624 496 695 567 abl
1259 493 1439 567 bouill
1480 495 1754 575 cnvllltsls‘

586 737 675 806 quos
698 720 822 788 venire
845 723 881 790 et
903 722 1117 790 accessimus
1139 725 1227 810 aput
1243 722 1373 811 locum,
1397 724 1493 793 iusta
1517 725 1779 794 institutionem
1802 689 1906 814 legis,
1925 745 2007 796 oum
2032 727 2120 815 ipsis
2136 729 2363 818 parentibus,
2387 729 2427 798 ut

579 871 840 942 deliberaretur
865 893 1010 943 causam
1034 875 1112 962 ipsa
1135 893 1198 962 per
1222 875 1399 946 iustitiam
1414 880 1451 944 et
1467 876 1614 944 fecimus
1636 877 1717 946 illut
1732 895 1854 946 eorum
1878 877 2022 947 notitia.
2050 881 2123 956 Quo
2146 884 2243 969 acta,
2260 883 2427 951 causavit

586 1023 661 1110 ipse
685 1023 862 1094 infantem
881 1046 961 1095 cum
978 1027 1223 1096 advocatorem
1239 1026 1329 1114 eius,
1348 1047 1427 1096 cum
1445 1029 1587 1097 cartula
1603 1029 1695 1115 quod
1711 1030 1749 1097 in
1766 1048 1912 1098 manum
1927 1031 2059 1119 tenuit,
2075 1031 2277 1122 dicendum,
2296 1037 2336 1102 ut
2356 1033 2431 1120 ipse

580 1181 740 1266 guaiferi
763 1181 859 1248 malo
881 1179 1031 1247 hordine
1056 1179 1239 1248 introisset
1262 1181 1301 1246 in
1325 1183 1423 1248 terra
1445 1184 1481 1247 et
1504 1198 1585 1247 case
1607 1179 1846 1265 pertinentem
1869 1181 1981 1266 ipsius
2005 1182 2138 1250 infanti
2172 1182 2215 1250 de
2250 1181 2349 1250 intus
2386 1201 2427 1250 ec
2559 1175 2561 1179 ’

584 1333 694 1421 cives,
718 1335 755 1401 et
778 1334 876 1402 iobee
900 1337 935 1401 et
958 1333 1138 1402 editicium
1161 1333 1212 1401 ibi
1228 1331 1380 1419 fecisset,
1396 1334 1433 1399 et
1449 1331 1491 1399 de
1509 1333 1587 1417 ipsa
1610 1349 1694 1400 casa
1717 1335 1752 1398 et
1775 1331 1957 1400 clusamen
1982 1333 2074 1419 quod
2092 1335 2129 1398 in
2153 1332 2231 1420 ipsa
2255 1353 2340 1404 casa
2364 1337 2428 1403 ha-

584 1485 675 1572 buit,
700 1484 946 1554 disturbasset.
972 1486 1017 1552 nt
1040 1484 1121 1552 illut
1144 1485 1259 1554 eidem
1282 1482 1416 1552 infanti
1432 1483 1524 1569 quod
1540 1503 1603 1570 per
1621 1483 1698 1570 ipsa
1715 1484 1856 1553 cartula
1871 1487 2088 1571 pertinente,
2107 1448 2320 1573 contrasset,
2337 1491 2374 1554 et
2389 1487 2428 1552 in

583 1638 693 1703 rebus
718 1637 795 1704 eius
819 1655 841 1703 a
865 1637 961 1705 foras
984 1609 1078 1704 hanc
1102 1635 1197 1704 cives
1220 1635 1387 1704 similiter
1411 1636 1504 1704 malo
1520 1635 1669 1703 hordine
1685 1637 1879 1725 introisset,
1898 1641 1933 1705 et
1950 1639 2047 1706 fobec
2071 1639 2122 1706 ibi
2147 1639 2300 1726 fecisset,
2318 1642 2354 1706 et
2371 1658 2431 1706 ar-

583 1791 686 1856 bores
711 1792 747 1857 et
772 1787 864 1857 vites
887 1787 970 1856 inde
993 1787 1213 1874 abscidisset,
1239 1792 1274 1855 et
1296 1786 1457 1873 frugium
1481 1787 1563 1854 inde
1586 1786 1740 1874 tulisset,
1764 1791 1800 1854 et
1822 1789 1927 1854 rebus
1950 1787 2043 1874 quod
2068 1787 2183 1856 eidem
2200 1788 2331 1856 infanti
2349 1807 2430 1874 per-

589 1945 768 2012 tinentem
792 1947 846 2011 est
868 1961 935 2032 per
959 1943 1039 2030 ipsa
1062 1942 1213 2029 cartula,
1237 1941 1270 2009 ei
1294 1944 1504 2028 contrasset,
1530 1945 1565 2008 et
1588 1941 1670 2009 illut
1693 1943 1726 2010 ei
1751 1943 1966 2009 remobisset:
1993 1942 2067 2028 ipse
2091 1941 2249 2028 guaiferi
2265 1942 2361 2010 dixit
2375 1962 2450 2034 ne,

587 2095 680 2160 scire
704 2094 787 2162 inde
809 2097 842 2162 ei
868 2091 1079 2180 respondere
1102 2093 1180 2159 sine
1204 2091 1425 2161 advocatore.
1452 2111 1517 2180 ego
1541 2093 1768 2179 supradictus
1791 2112 1908 2162 comes
1931 2097 1966 2163 et
1991 2094 2100 2164 iudex
2124 2096 2279 2164 iudicavi
2298 2099 2334 2164 et
2349 2115 2429 2183 pre-

584 2247 679 2316 dicto
702 2247 857 2336 gualleri
882 2267 963 2314 cum
986 2249 1103 2334 ipsum
1126 2247 1300 2340 infantem
1323 2247 1498 2333 guadiare
1520 2246 1600 2332 ieci,
1621 2251 1660 2314 ut
1677 2247 1752 2333 ipse
1774 2246 1928 2332 gualieri
1951 2249 2103 2333 plicaret
2126 2265 2255 2316 secum
2278 2249 2428 2318 advoca-

585 2402 699 2469 torem
724 2405 760 2468 et
784 2401 995 2487 respondere
1018 2399 1130 2486 ipsius
1155 2399 1311 2486 infanti,
1335 2406 1455 2470 tamen
1480 2401 1554 2485 ipse
1578 2400 1753 2468 infantem
1776 2401 1854 2468 siad
1878 2419 1959 2466 cum
1983 2400 2230 2468 advocatorem
2265 2419 2311 2468 ex
2335 2399 2430 2486 illut,

550 2609 553 2616 .
585 2552 680 2620 unde
704 2551 868 2639 superius
892 2550 1055 2620 causavit
1080 2553 1195 2636 ipsum
1220 2549 1406 2637 infantem,
1431 2553 1466 2618 et
1490 2550 1681 2618 secundum
1707 2547 1819 2636 legem
1844 2548 1940 2616 inter
1964 2565 2001 2615 se
2028 2549 2109 2617 inde
2132 2550 2240 2617 linem
2256 2550 2428 2617 facerent.

585 2706 683 2776 Unde
709 2707 784 2794 ipse
807 2704 961 2794 gualieri
986 2704 1103 2791 posuit
1127 2702 1356 2771 mediatorem
1381 2701 1552 2769 iohannes
1576 2719 1691 2768 comes
1721 2701 1817 2767 illius
1851 2699 2029 2786 quondam
2066 2700 2218 2768 adenolfi
2253 2701 2376 2767 comiti
2400 2705 2435 2768 et

586 2859 721 2946 iudici,
745 2863 780 2927 et
803 2858 921 2945 ipsum
945 2855 1117 2924 infantem
1141 2855 1258 2942 posuit
1282 2854 1514 2923 mediatorem
1538 2853 1740 2921 adelbertus
1767 2870 1883 2920 comes
1907 2851 2006 2921 illius
2030 2851 2210 2936 quondam
2234 2850 2362 2921 alfani.
2390 2854 2437 2918 Et

583 3028 647 3096 pro
671 3017 774 3098 parte
799 3014 912 3098 ipsius
937 3009 1068 3077 infanti
1092 3007 1217 3094 scripsi
1241 3025 1306 3092 ego
1331 3008 1504 3074 iohannes
1536 3008 1712 3074 notarius

632 3138 662 3254 †
688 3167 763 3252 Ego
786 3165 847 3249 qui
872 3181 980 3249 supra
1003 3159 1173 3248 grimoalt
1197 3175 1312 3225 comes
1335 3163 1371 3226 et
1393 3157 1515 3225 iudex.

1293 3411 1605 3420 —————--——--
1610 3409 1696 3417 --—

1286 3703 1721 3786 DCGCXXXVI.

1372 3964 1427 4040 A.
1454 3961 1505 4039 D.
1533 3959 1656 4040 1031.

626 4211 662 4350 †
686 4264 726 4328 ln
750 4261 893 4330 nomine
922 4259 1057 4328 domini
1089 4275 1184 4327 anno
1209 4255 1450 4324 tertiodecimo
1473 4253 1696 4341 principatus
1726 4254 1847 4322 domni
1871 4253 1985 4322 nostri
2007 4253 2189 4342 guaimari
2215 4253 2289 4321 filio
2311 4253 2435 4322 domni

578 4415 774 4506 guaimarii
796 4413 939 4503 gloriosi
963 4411 1152 4500 principis,
1170 4427 1290 4478 mense
1306 4408 1442 4495 iunius,
1460 4405 1731 4494 quartadecima
1746 4404 1955 4473 indictione.
1980 4405 2270 4474 Memoratorium
2298 4404 2436 4473 iactum

579 4585 675 4638 ame
690 4570 813 4654 petrus
829 4563 1004 4652 presbiter
1029 4563 1125 4630 illius
1147 4561 1325 4674 quondam
1348 4560 1442 4648 petri
1465 4559 1507 4628 de
1530 4557 1693 4645 nuceria,
1712 4575 1752 4626 eo
1768 4557 1861 4644 quod
1877 4557 1916 4624 in
1934 4575 2036 4626 sacro
2048 4555 2271 4625 salernitano
2288 4554 2434 4642 palatio

580 4725 664 4789 ante
681 4717 874 4805 subscripti
890 4720 998 4785 testes
1013 4734 1077 4802 per
1093 4717 1186 4783 bona
1202 4713 1466 4782 combenientia
1478 4711 1628 4781 tradidit
1650 4712 1751 4799 mihi,
1768 4710 1924 4799 qualiter
1941 4711 2030 4779 mihi
2045 4712 2181 4799 placuit
2197 4711 2434 4799 guaimarius

579 4862 695 4942 comes
711 4871 809 4940 illius
825 4871 1002 4959 quondam
1021 4869 1217 4957 guaimarii
1236 4867 1357 4935 comiti
1373 4871 1408 4934 et
1423 4864 1616 4935 musandus
1627 4863 1683 4932 dei
1698 4864 1822 4953 gratia
1833 4866 1943 4934 abbas
1958 4864 2169 4934 monasterii
2185 4869 2309 4934 sancte
2325 4865 2434 4952 suile,

579 5043 672 5110 quae
688 5043 711 5093 a
727 5024 817 5090 nobo
834 5020 1042 5090 fundamine
1065 5019 1268 5086 construxit
1290 5017 1490 5106 guaiferius
1512 5016 1608 5083 illius
1631 5015 1810 5102 quondam
1833 5013 2001 5102 guaiferii
2025 5017 2147 5084 comiti
2172 5017 2211 5084 in
2234 5021 2336 5088 terra
2362 5033 2433 5086 sua

581 5175 625 5244 de
642 5176 741 5243 intus
757 5193 825 5244 ano
848 5172 1110 5242 salernitanam
1133 5169 1332 5257 cibitatem,
1357 5171 1462 5238 rebus
1485 5169 1599 5236 omnis
1623 5167 1685 5256 qui
1707 5167 1778 5236 fuit
1794 5169 1907 5255 ipsius
1929 5170 2086 5257 gualieri
2112 5189 2218 5257 quem
2233 5172 2336 5241 abuit
2353 5174 2428 5258 ipse

580 5327 738 5417 guaiferi
756 5326 794 5394 in
821 5325 935 5393 locum
958 5322 1112 5392 baniara
1136 5322 1174 5388 in
1197 5321 1275 5408 ipsa
1297 5322 1412 5389 forma
1434 5325 1470 5388 et
1495 5323 1720 5406 pertinentia
1735 5322 1779 5390 de
1796 5324 1872 5409 ipso
1889 5321 2004 5390 locum
2018 5325 2183 5412 nuceria,
2199 5325 2292 5393 etde
2315 5325 2433 5395 locum

581 5487 793 5570 apusmonte
817 5485 853 5550 et
875 5477 1097 5568 pertinentia
1119 5476 1162 5543 de
1186 5479 1262 5560 ipso
1285 5473 1399 5542 locum
1423 5479 1656 5560 apusmonte,
1680 5478 1716 5542 et
1732 5477 1846 5542 totum
1863 5471 1944 5543 illut
1960 5473 2003 5542 de
2020 5474 2188 5564 sianu,et
2213 5479 2327 5544 totum
2355 5477 2437 5547 illut

577 5632 622 5701 de
645 5653 805 5721 sarnum,
829 5639 865 5702 et
889 5635 1000 5699 totum
1023 5628 1107 5697 illut
1129 5626 1171 5694 de
1197 5625 1312 5712 lauri;
1336 5625 1427 5714 ideo,
1453 5626 1546 5695 sicut
1568 5627 1737 5716 diximuS,
1762 5630 1805 5698 de
1841 5632 2017 5717 quantum
2039 5630 2245 5716 quantoque
2269 5647 2334 5716 per
2358 5633 2434 5698 tota

581 5789 660 5873 ipsa
682 5787 759 5855 loca
781 5785 824 5852 de
848 5786 965 5870 rebus,
989 5783 1052 5868 qui
1075 5781 1143 5847 suit
1167 5777 1277 5866 ipsius
1300 5777 1454 5866 guaiferi
1480 5775 1652 5847 iubentus
1671 5779 1819 5867 dederit,
1837 5785 1878 5848 ut
1894 5779 2063 5868 diximuS,
2080 5779 2169 5848 milri
2188 5779 2434 5870 tradiderunt,
