5422 7102
1045 591 1445 668 nrrnonnrrous
1731 663 1733 668 ,
2052 575 2125 666 ms
2177 660 2184 674 .

315 821 357 886 ut
381 815 420 884 in
447 816 576 887 melius
600 820 791 905 proficiant
813 823 849 888 et
871 837 943 888 non
966 818 1184 906 dispereant,
1208 822 1244 886 et
1267 817 1403 888 salbum
1427 821 1464 887 et
1488 817 1626 886 clusum
1650 817 1732 887 illut
1755 819 1940 906 abeamus,
1966 821 2002 888 et
2017 837 2081 906 per
2105 837 2170 887 an-

314 987 403 1040 num
427 968 471 1038 de
495 969 674 1040 vindemie
698 972 822 1040 amodo
845 975 881 1040 et
902 989 1041 1059 semper
1063 971 1240 1039 faciamus
1264 970 1355 1038 scire
1379 971 1528 1039 missum
1551 970 1693 1059 palatii,
1717 975 1757 1039 ut
1780 970 1830 1038 ibi
1853 972 2015 1058 beniant,
2047 973 2082 1038 et
2106 989 2171 1038 nos

318 1125 433 1191 totum
457 1120 541 1190 illut
565 1121 834 1213 vindemiemus,
859 1127 895 1192 ct
918 1123 1033 1190 omnis
1057 1122 1179 1190 vinum
1204 1121 1335 1188 ividem
1360 1119 1406 1189 ad
1428 1121 1648 1207 palmentum
1671 1120 1896 1214 diuidamus:
1921 1139 2005 1208 pars
2038 1121 2170 1208 palatii

321 1275 452 1344 tollant
475 1273 558 1344 inde
581 1278 749 1360 quartam
772 1279 924 1362 partem,
949 1277 984 1343 et
1008 1291 1072 1342 nos
1094 1274 1261 1343 tollamus
1284 1273 1367 1342 inde
1389 1277 1463 1342 tres
1486 1275 1617 1358 sorus,
1648 1277 1685 1341 et
1706 1291 1771 1340 nos
1794 1272 1876 1340 illut
1909 1277 2090 1361 portemus
2125 1273 2170 1342 ed

318 1427 509 1497 cellarium
533 1429 738 1496 domninum
761 1429 805 1499 de
829 1429 905 1516 ipso
929 1429 1057 1516 locum,
1080 1433 1115 1496 et
1138 1427 1277 1496 salbum
1303 1425 1384 1494 illut
1407 1425 1594 1495 mittamus
1617 1427 1656 1493 in
1678 1444 1838 1512 organea
1861 1425 1988 1513 palatii
2019 1445 2083 1513 per
2107 1443 2172 1493 nos

318 1581 533 1670 condatum,
557 1585 594 1649 et
617 1582 741 1649 demus
764 1581 809 1648 ad
833 1581 950 1668 ipsum
973 1580 1122 1648 missum
1145 1579 1453 1667 palmentaticum,
1479 1585 1515 1648 et
1537 1581 1651 1666 ipsum
1674 1581 1822 1647 missum
1847 1579 2061 1665 nutriemus,
2086 1579 2171 1646 dum

317 1732 449 1800 ibidem
473 1732 630 1819 steterit,
654 1733 848 1801 seeundum
873 1735 1033 1802 nostram
1056 1731 1340 1818 possibilitatem,
1365 1731 1408 1800 de
1432 1751 1503 1817 qua
1526 1749 1589 1816 per
1624 1749 1716 1799 vona
1746 1733 2011 1800 combenientia
2035 1731 2172 1818 guadia

319 1884 406 1951 mihi
433 1885 550 1970 ipsum
575 1885 782 1954 ministrum
803 1883 912 1970 dedit,
939 1888 975 1951 et
997 1883 1227 1952 mediatorem
1252 1885 1340 1952 mihi
1366 1885 1484 1970 posuit
1507 1888 1630 1972 petrus
1653 1885 1749 1952 filius
1774 1887 1886 1954 iobini
1902 1837 2117 1974 presbiteri,
2136 1895 2172 1958 et

319 2055 382 2124 per
408 2037 487 2124 ipsa
510 2036 645 2125 guadia
667 2041 732 2105 etc.
757 2037 906 2105 Stotata
927 2038 1060 2103 mulcta
1082 2037 1212 2123 cipinti
1234 2037 1433 2106 solidorum
1448 2039 1534 2105 nari
1555 2039 1944 2106 constantiniauoronn.
1964 2039 2060 2116 Quod
2084 2039 2171 2107 scri·

318 2193 374 2279 psi
396 2210 462 2278 ego
488 2193 664 2262 iohannes
687 2193 865 2262 notarius.

368 2317 399 2432 †
424 2347 498 2435 Ego
520 2345 583 2432 qui
608 2364 718 2433 supra
741 2361 975 2412 rossemanno
998 2342 1162 2413 minister

367 2470 398 2587 †
422 2501 498 2586 Ego
522 2498 672 2588 adelgisi
697 2499 874 2586 presbiter
897 2495 1075 2566 minister.

1042 2688 1446 2698 u——u-———-—-——--

961 2913 964 2918 ’
1083 2915 1401 2998 DCCCLXI.

1100 3144 1154 3222 A.
1182 3142 1231 3220 D.
1261 3142 1389 3223 1033.

365 3359 401 3499 †
425 3413 466 3478 ln
490 3407 635 3476 nomine
658 3405 790 3474 domini
816 3405 1052 3474 sextodecimo
1075 3422 1171 3473 anno
1186 3404 1408 3491 principatus
1432 3406 1552 3474 domni
1575 3409 1688 3475 nostri
1713 3409 1893 3478 waimarii
1911 3413 2055 3499 gloriosi
2074 3417 2173 3502 prin-

320 3565 427 3653 cipis,
451 3563 518 3632 filii
541 3560 720 3648 quondam
744 3557 862 3626 domni
887 3555 1067 3644 guaimari
1091 3557 1275 3645 principis,
1295 3578 1415 3628 mense
1431 3561 1627 3649 december,
1645 3563 1801 3633 secunda
1818 3565 2024 3636 indictione.
2042 3589 2174 3638 memo·

320 3715 494 3786 raterium
518 3713 650 3782 factum
674 3729 697 3778 a
718 3707 820 3775 nobis
843 3707 990 3775 ioannes
1013 3709 1255 3793 granianense
1279 3711 1352 3777 filio
1375 3713 1553 3797 quondam
1578 3715 1750 3803 mastali,
1774 3722 1810 3785 et
1832 3717 1979 3786 ioannes
2004 3721 2173 3792 calbenzu

320 3871 395 3940 filio
418 3866 597 3956 quondam
621 3862 766 3949 stefani,
792 3861 855 3948 qui
879 3878 1001 3928 sumus
1024 3858 1192 3928 aritatori
1216 3861 1259 3928 de
1283 3860 1397 3930 locum
1430 3881 1569 3952 angre,
1593 3864 1863 3956 clarefecimuS,
1888 3871 2056 3956 quoniam
2090 3877 2174 3942 ante

320 4043 358 4092 os
378 4037 493 4092 annos
516 4037 581 4106 per
603 4016 703 4086 brebi
730 4031 996 4100 compreensum
1021 4013 1187 4082 abuimus
1210 4013 1253 4081 de
1276 4016 1382 4082 rebus
1405 4018 1645 4102 pertinentem
1667 4017 1813 4088 ecclesie
1828 4022 1944 4090 sancti
1969 4027 2117 4094 maximi
2135 4027 2175 4097 in

321 4176 396 4260 ipso
419 4173 534 4240 locum
557 4187 685 4257 angre,
708 4169 768 4236 ubi
794 4163 1034 4235 casaamavile
1057 4166 1218 4255 dicitur,
1242 4167 1335 4236 sicut
1358 4166 1427 4254 ipsi
1451 4169 1572 4237 brebri
1596 4171 1782 4259 continet,
1807 4175 1868 4260 qui
1893 4192 2004 4243 unum
2028 4177 2071 4246 de
2105 4180 2171 4266 ipsi

320 4327 421 4394 brevi
444 4324 617 4412 scriptum
642 4325 697 4391 est
721 4340 784 4408 per
807 4316 992 4387 mirandus
1015 4319 1191 4408 notarius,
1216 4325 1252 4389 et
1275 4320 1408 4389 ibidem
1432 4325 1605 4411 scriptum
1629 4327 1723 4396 maio
1745 4326 1921 4414 presbiter
1937 4335 1973 4399 et
1996 4334 2122 4421 abbas,
2139 4341 2176 4405 et

319 4479 526 4566 landolfus,
548 4481 585 4546 et
607 4493 711 4544 ursus
735 4474 909 4562 presbiter
932 4477 968 4542 et
990 4472 1216 4560 cardinaliS,
1241 4477 1278 4542 et
1301 4473 1448 4544 alderisi
1473 4478 1661 4566 notarius,
1690 4480 1825 4567 etipse
1848 4482 1919 4550 alio
1946 4485 2053 4554 brebe
2087 4488 2174 4554 scri-

320 4639 423 4720 ptum
448 4636 503 4702 est
524 4650 588 4719 per
613 4629 798 4716 iaquintus
820 4628 991 4726 notarius
1008 4632 1045 4696 et
1069 4629 1185 4714 ipsum
1210 4629 1303 4697 maio
1326 4629 1499 4715 presbiter
1522 4634 1558 4698 et
1581 4631 1704 4717 abbas,
1728 4635 1764 4700 et
1788 4635 1919 4703 ibidem
1942 4639 2067 4724 scripti
2093 4640 2174 4708 ade-

324 4785 417 4856 mari
442 4781 607 4853 notarius
631 4785 667 4850 et
689 4779 834 4850 alderisi
860 4779 1034 4848 notarius.
1061 4779 1106 4847 Et
1130 4778 1212 4846 illut
1234 4799 1303 4866 que
1327 4780 1393 4867 ipsi
1412 4781 1511 4849 brevi
1526 4781 1699 4872 continet,
1715 4785 1865 4856 minime
1879 4788 1962 4856 illut
1978 4790 2172 4877 adimplere

319 4938 501 5024 potuimus
524 4939 560 5004 et
583 4929 873 5020 compositionem
899 4931 982 4998 inde
1006 4931 1123 4999 iacere
1147 4931 1343 5019 debemus,
1367 4931 1466 5000 sicud
1489 4951 1551 5019 per
1576 4933 1644 5020 ipsi
1669 4937 1789 5004 brebri
1813 4938 1895 5006 inde
1930 4941 2080 5030 obligati
2117 4963 2174 5012 su·

320 5109 399 5159 mus
423 5087 544 5158 domni
568 5085 717 5158 adelferi
742 5084 871 5152 clerico
896 5087 932 5151 et
955 5082 1077 5152 abbati
1103 5081 1217 5168 ipsius
1239 5081 1398 5170 ecclesie,
1422 5084 1485 5170 qui
1509 5089 1562 5152 est
1586 5103 1698 5153 unum
1715 5087 1758 5155 de
1774 5087 1971 5158 dominium
1989 5093 2103 5180 ipsius
2119 5114 2175 5163 ee-

322 5242 458 5328 clesie3
482 5243 536 5308 set
558 5257 622 5325 pro
646 5253 766 5306 amore
789 5233 1025 5319 omnipotenti
1051 5233 1116 5300 deo
1139 5251 1202 5320 per
1226 5237 1449 5321 subsceptum
1473 5235 1651 5322 launegilt
1673 5235 1820 5307 donabit
1842 5241 1944 5309 nobis
1968 5241 2044 5329 ipse
2075 5243 2172 5311 dom-

323 5411 392 5460 nus
412 5391 526 5461 abbas
549 5387 629 5477 ipsa
651 5385 902 5474 compositione
927 5403 1035 5470 quam
1060 5381 1129 5470 ipsi
1154 5385 1253 5452 brebi
1278 5385 1481 5472 continunt,
1505 5391 1542 5454 et
1565 5405 1628 5456 nos
1651 5389 1855 5457 remisimus
1872 5394 1965 5460 anbo
1981 5395 2049 5480 ipsi
2069 5397 2169 5465 brebi

322 5542 369 5610 ad
394 5543 601 5628 potestatem
626 5536 741 5624 ipsius
765 5534 884 5602 domni
909 5533 1047 5620 abbati,
1072 5535 1118 5601 ad
1142 5534 1343 5603 faciendum
1367 5539 1497 5606 exinde
1525 5541 1646 5609 omnia
1678 5541 1769 5628 qnod
1800 5543 1966 5612 voluerit.
1991 5548 2036 5614 Et
2070 5548 2171 5616 modo

323 5693 399 5781 ipse
424 5695 573 5763 domnus
598 5693 710 5762 abbas
735 5709 798 5777 per
821 5687 1120 5757 combenientiam
1145 5689 1296 5759 tradidit
1319 5691 1421 5759 nobis
1443 5693 1624 5762 iamdictis
1658 5697 1836 5784 iohanni,
1861 5703 1898 5766 et
1933 5697 2112 5789 iohanni,
2137 5707 2175 5771 et

326 5849 488 5917 maranci
514 5847 589 5916 filio
612 5841 790 5932 quondam
814 5841 975 5909 maranci
1000 5840 1266 5928 ragimperghe,
1290 5843 1352 5928 qui
1376 5862 1498 5911 sumus
1523 5845 1588 5914 toti
1611 5849 1777 5917 abitatori
1802 5849 1845 5918 de
1871 5850 1947 5937 ipso
1972 5851 2087 5920 locum
2111 5873 2175 5923 an-
