5414 7098
1051 531 1447 606 lllPLOMdTlCUS
1850 594 1853 600 .
2085 533 2127 606 51

328 762 360 830 si
383 760 518 851 taliter,
543 766 583 831 ut
599 759 764 848 superius
787 757 936 848 legitur,
953 759 1036 830 illut
1050 761 1149 830 vobis
1173 761 1354 849 vetrisque
1376 759 1542 830 eredibus
1565 778 1637 829 non
1652 757 1967 835 defensaberimua
1993 760 2030 826 et
2045 755 2178 844 aliquit

323 915 407 986 inde
432 917 612 985 remobere
637 915 710 986 aud
738 915 904 986 contrane
928 911 1165 1001 quesierimus
1187 933 1250 1001 per
1275 915 1405 1002 quabis
1428 911 1641 1000 rationibus
1665 911 1746 980 ideo
1769 929 1833 1000 per
1856 911 2064 1002 supradicta
2087 929 2178 999 gua·

325 1065 386 1134 dia
409 1063 606 1170 obligolme
631 1068 668 1133 et
696 1065 785 1132 meis
808 1061 973 1132 eredibus
988 1080 1196 1149 componere
1219 1061 1319 1130 vobis
1342 1063 1541 1166 vestrisque
1564 1062 1745 1150 eredibus,
1769 1062 1840 1132 aud
1864 1064 1924 1132 cui
1947 1061 2086 1132 cartula
2109 1062 2180 1134 isla

330 1219 370 1286 in
393 1235 541 1288 manum
563 1216 739 1305 paruerit,
765 1215 895 1304 viginti
919 1214 1000 1285 auri
1024 1215 1128 1284 solidi
1152 1215 1357 1284 costantini.
1380 1219 1438 1304 Et,
1455 1219 1547 1286 sicut
1562 1217 1724 1305 superius
1748 1217 1895 1304 legitur,
1910 1215 1992 1286 illut
2007 1217 2106 1285 vobis
2121 1215 2180 1286 de-

326 1376 518 1444 fensemus.
543 1375 588 1441 Et
611 1373 753 1460 questio
777 1378 813 1442 et
834 1372 996 1443 causatio
1018 1376 1142 1442 nostra
1165 1372 1214 1442 sit
1236 1372 1367 1442 exinde
1392 1373 1505 1441 tacita
1529 1375 1564 1440 et
1587 1371 1714 1441 bacu'a.
1741 1373 1785 1440 Et
1808 1372 1931 1442 taliter
1946 1371 2102 1442 scribere
2124 1390 2180 1442 ro·

328 1527 497 1612 gavinius
520 1531 555 1594 te
578 1531 701 1614 petrus
721 1526 873 1596 clericus
896 1529 931 1595 et
953 1527 1116 1596 notarius
1139 1529 1217 1596 acto
1241 1525 1322 1594 uius
1346 1529 1504 1596 nucerie.

371 1653 402 1770 †
427 1677 503 1770 Ego
525 1679 664 1750 danseri

372 1804 404 1921 †
428 1852 495 1922 ego
518 1834 704 1903 mirandus
727 1835 978 1906 subdiaconus.

1028 2387 1466 2471 DCCXXXVIII.

1099 2641 1154 2718 A.
1182 2638 1233 2716 D.
1261 2633 1394 2717 1022.

372 2879 408 3020 †
433 2933 473 2999 In
497 2933 640 3000 nomine
663 2932 797 3000 domini
821 2948 917 3000 anno
940 2931 1121 3000 tricesimo
1137 2936 1264 3018 quarto
1280 2929 1504 3016 principatus
1521 2927 1641 2996 domni
1659 2927 1772 2995 nostri
1789 2927 1986 3016 guaimari,
2003 2932 2040 2996 et
2055 2933 2183 3015 quarto

323 3100 421 3152 anno
443 3085 669 3172 principatus
691 3085 812 3154 domni
833 3081 1015 3172 guaimari
1039 3085 1117 3153 eius
1140 3083 1238 3170 iilic,
1263 3081 1413 3170 gloriosi
1435 3081 1687 3169 principibuS,
1711 3100 1832 3150 mense
1856 3083 1998 3169 magius
2020 3132 2029 3170 ,
2055 3084 2185 3169 quinta

331 3235 542 3334 indictione,
560 3237 847 3306 Memoratorium
864 3237 997 3306 factum
1020 3256 1043 3306 a
1066 3255 1122 3306 me
1145 3234 1212 3304 feri
1236 3237 1383 3306 diacono
1405 3241 1441 3306 et
1464 3235 1587 3306 abbati
1610 3235 1685 3304 filio
1709 3237 1887 3322 quondam
1911 3234 1978 3304 ieri
1991 3286 2001 3323 ‚
2026 3253 2067 3304 eo
2090 3239 2184 3324 quod

330 3393 371 3458 in
395 3391 636 3460 sacratissimo
659 3391 882 3460 salernitano
905 3390 1040 3478 palatio
1062 3395 1147 3460 ante
1169 3391 1374 3477 supradicta
1398 3390 1554 3478 gloriosa
1577 3394 1801 3478 potestatem,
1825 3395 1861 3458 et
1885 3391 2008 3476 ibique
2036 3395 2179 3461 astante

329 3541 530 3610 romoaldus
554 3543 664 3612 iudex
689 3547 724 3610 et
749 3543 833 3612 aliis
861 3543 1065 3629 nobilibus,
1097 3560 1160 3628 per
1182 3560 1275 3612 vona
1296 3543 1559 3611 combenientia
1582 3542 1812 3612 tradiderunt
1835 3543 1924 3610 mihi
1949 3543 2180 3630 supradictus

330 3697 481 3764 domnus
512 3695 736 3782 guaimarius
759 3695 924 3782 princeps
946 3698 982 3762 et
1004 3695 1177 3763 iohannes
1199 3714 1343 3782 comes,
1377 3697 1540 3783 germani
1566 3696 1634 3764 filii
1657 3697 1778 3765 domni
1803 3695 1981 3784 iohanni,
2016 3698 2077 3783 qui
2113 3697 2184 3766 fuit

330 3846 511 3936 princeps,
536 3849 686 3917 ecclesia
710 3847 921 3917 bocabulum
943 3851 1067 3916 sancte
1090 3847 1150 3916 dei
1171 3848 1362 3935 genitricis
1386 3868 1594 3938 semperque
1611 3849 1763 3938 virginis
1778 3850 1910 3937 marie,
1925 3869 2032 3936 quem
2054 3869 2180 3938 supra·

331 4003 448 4072 dictus
471 4003 620 4072 domnus
644 4004 820 4073 iohannes
843 4005 1009 4092 princeps
1033 4006 1068 4071 et
1091 4003 1220 4072 domna
1243 4003 1455 4092 sichelgaita
1476 4003 1693 4092 principissa
1716 4022 1807 4072 uxor
1832 4023 1898 4073 sua
1920 4007 1970 4073 ha
1984 4007 2076 4072 nobo
2098 4004 2180 4072 fun·

331 4157 477 4227 damine
501 4157 780 4223 construxerunt
804 4156 843 4222 in
865 4159 964 4223 curte
988 4173 1054 4225 sua
1076 4154 1119 4222 de
1142 4153 1241 4222 intus
1263 4156 1329 4222 hec
1352 4153 1537 4224 cibitatem
1562 4157 1656 4224 inter
1680 4173 1780 4223 muro
1804 4160 1840 4224 et
1863 4155 2044 4224 muricino
2057 4206 2068 4243 ,
2099 4175 2182 4224 cum

330 4309 446 4379 omnis
481 4311 587 4380 rebus
610 4314 645 4380 et
668 4309 760 4380 casis
783 4313 819 4378 et
841 4308 1071 4396 pertinentiis
1093 4306 1252 4395 predicte
1275 4309 1423 4378 ecclesie
1446 4309 1716 4398 pertinentem,
1740 4311 2048 4396 quemammodum
2072 4312 2182 4379 abent

332 4465 387 4536 vel
413 4465 593 4542 abuerint,
620 4464 659 4531 in
682 4466 747 4534 tali
771 4464 911 4552 ordine,
935 4467 977 4532 ut
998 4463 1123 4532 amodo
1146 4468 1182 4532 et
1205 4463 1328 4534 diebus
1351 4465 1423 4533 vite
1446 4483 1537 4551 mee,
1562 4465 1624 4552 qui
1648 4482 1756 4552 supra
1778 4466 1905 4553 abbas,
1928 4463 2009 4552 ipsa
2031 4463 2185 4536 ecclesia

330 4639 411 4688 cum
435 4619 523 4707 ipsis
546 4622 664 4707 rebus,
680 4637 748 4706 que
772 4618 928 4687 diximus
950 4616 1191 4704 pertinentem
1214 4619 1371 4704 predicte
1393 4620 1556 4708 ecclesie,
1573 4638 1653 4688 mea
1676 4623 1761 4687 exet
1783 4622 2008 4706 potestatem,
2025 4617 2109 4688 illut
2130 4623 2184 4687 te-

331 4774 488 4844 nendum
512 4779 547 4844 et
571 4773 841 4859 dominandum,
865 4777 901 4841 et
924 4771 1032 4841 liceat
1054 4789 1110 4840 me
1134 4775 1170 4840 et
1191 4772 1398 4860 presbiteris
1421 4778 1457 4843 et
1480 4774 1645 4864 clericis,
1668 4793 1771 4862 quem
1795 4792 1861 4861 ego
1884 4775 1936 4844 ibi
1961 4776 2119 4863 misero,
2143 4778 2183 4846 in

330 4928 452 5000 eadem
477 4929 628 5000 ecclesia
650 4929 790 4999 laudem
814 4929 953 4998 retdere
976 4929 1041 4996 deo
1064 4932 1099 4998 et
1122 4928 1237 4996 omnis
1258 4927 1539 4998 ecclesiasticum
1562 4928 1685 4996 ordine
1707 4928 1839 5016 facere,
1863 4928 2018 5016 qualiter
2042 4948 2182 4999 merue-

331 5082 396 5170 rit,
421 5087 458 5151 et
482 5081 665 5152 licentiam
690 5084 859 5152 abeamus
881 5083 925 5150 de
949 5082 1019 5169 ipsi
1042 5084 1160 5170 rebus,
1183 5083 1489 5169 quemammodum
1512 5082 1621 5150 abent
1643 5081 1699 5148 vel
1722 5081 1892 5151 abuerint
1915 5082 1994 5170 ipsa
2017 5083 2183 5174 ecclesia,

334 5237 373 5306 in
398 5241 611 5308 beneficium
635 5239 721 5310 dare
746 5239 791 5308 ad
814 5237 1021 5326 presbiteris
1043 5242 1079 5308 et
1101 5239 1146 5308 ad
1169 5238 1331 5326 clericis,
1361 5256 1467 5324 quem
1498 5257 1564 5326 ego
1588 5237 1722 5308 ibidem
1745 5239 1875 5307 misero
1907 5242 1944 5307 et
1970 5239 2183 5326 presbiteris

332 5397 368 5463 et
391 5392 545 5481 clericis,
569 5392 656 5482 ipsis
680 5391 861 5462 licentiam
885 5393 1042 5462 habeant
1064 5392 1138 5460 illis
1160 5396 1197 5461 et
1218 5394 1393 5482 homines,
1412 5413 1515 5480 quem
1538 5390 1612 5462 illis
1635 5393 1766 5462 ibidem
1790 5393 1836 5463 ad
1852 5393 2086 5464 lavorandum
2109 5394 2184 5461 mi·

330 5547 469 5635 serint,
493 5549 600 5616 rebus
622 5546 701 5634 ipsa
724 5545 885 5616 lavorare
908 5550 944 5614 et
968 5544 1141 5632 frudiare,
1166 5548 1202 5613 et
1226 5543 1269 5612 de
1292 5545 1370 5634 ipso
1394 5546 1553 5618 frudium
1575 5547 1693 5620 iacere
1714 5546 1835 5618 omnia
1857 5548 1950 5634 quod
1972 5543 2181 5634 voluerint3

328 5704 380 5772 sic
402 5705 539 5791 tamen,
562 5707 603 5771 ut
625 5700 677 5770 sic
701 5704 807 5770 rebus
829 5701 908 5788 ipsa
931 5700 1109 5788 lavorare,
1134 5700 1228 5769 sicut
1251 5703 1438 5790 meruerit,
1462 5704 1595 5789 absque
1618 5703 1713 5770 omni
1738 5699 2033 5771 contrarietatem
2056 5701 2100 5771 de
2122 5720 2182 5770 su·

330 5854 526 5944 prescripti
551 5857 716 5944 germani
740 5855 796 5924 vel
819 5853 862 5924 de
884 5854 1027 5923 illorum
1051 5853 1209 5924 heredes:
1235 5853 1414 5942 similiter,
1437 5859 1473 5924 et
1495 5855 1538 5925 de
1561 5861 1733 5941 quantum
1756 5855 1799 5926 de
1822 5873 1867 5926 ex
1891 5855 1969 5943 ipsa
1993 5858 2102 5924 rebus
2125 5871 2181 5923 re-
