5414 7098
632 569 678 640 lo
993 603 998 611 ·
1213 607 1216 616 ι
1285 565 1456 636 (toloni
1490 567 1755 640 estensis

584 794 746 881 speread,
771 797 807 862 et
832 797 962 862 bonum
987 794 1117 881 paread
1142 795 1341 862 laboratum
1365 795 1402 860 et
1425 793 1648 880 studiatum,
1673 798 1709 861 et
1732 793 1921 860 circoitum
1944 811 2082 880 semper
2106 791 2188 858 illut
2211 791 2349 860 clusum
2374 795 2443 862 ha·

582 948 742 1036 beamus,
767 951 816 1036 et,
841 948 934 1017 sicut
956 948 1054 1016 locus
1077 946 1152 1033 ipse
1176 946 1362 1033 meruerit,
1387 945 1439 1016 ita
1462 948 1584 1017 omnia
1606 945 1689 1016 inde
1712 945 1898 1032 faciamus,
1923 951 1959 1016 et
1978 945 2048 1032 ipsi
2073 945 2263 1015 arboribus
2286 949 2323 1014 et
2346 946 2446 1015 vites

583 1101 677 1190 quod
701 1102 825 1170 amodo
849 1104 888 1170 in
912 1105 1018 1172 antea
1042 1101 1091 1170 ibi
1118 1101 1425 1187 pastenaberimus
1448 1119 1511 1187 per
1536 1098 1648 1186 illut,
1671 1098 1735 1166 ubi
1758 1096 1945 1186 meruerit,
1980 1095 2032 1164 sic
2056 1097 2137 1166 illut
2163 1097 2373 1188 studiemus,
2398 1101 2441 1166 ut

582 1255 707 1324 amodo
730 1258 766 1323 et
789 1274 901 1341 usque
926 1274 990 1323 sex
1015 1254 1103 1323 anni
1128 1253 1282 1342 conpleti
1307 1255 1448 1322 surtum
1470 1257 1506 1320 et
1529 1252 1707 1321 cultatum
1731 1253 1829 1320 siant
1859 1251 2085 1338 perlectum,
2116 1252 2210 1320 sicut
2241 1249 2284 1321 de
2319 1255 2441 1321 tantos

583 1419 699 1476 annos
724 1407 820 1475 locus
844 1408 919 1494 ipse
942 1405 1143 1494 meruerit,
1177 1411 1217 1475 ut
1240 1407 1370 1473 bonum
1394 1405 1528 1491 paread
1551 1405 1752 1475 lavoratum
1775 1407 1811 1472 et
1834 1403 2031 1488 cubatum,
2063 1406 2099 1472 et
2127 1403 2336 1473 annualiter
2374 1424 2438 1493 per

583 1567 740 1648 tempore
756 1559 798 1627 de
814 1559 990 1628 vindemie
1014 1559 1106 1628 scire
1130 1559 1304 1629 iaciamus
1328 1557 1443 1645 ipsum
1469 1559 1522 1627 leo
1544 1558 1708 1647 clericus,
1725 1558 1780 1628 vel
1805 1577 1888 1645 pars
1913 1558 2025 1646 ipsius
2050 1557 2212 1645 ecclesie,
2238 1561 2278 1626 ut
2303 1557 2437 1628 ibidem

583 1711 731 1798 veniant
756 1717 819 1781 aut
842 1711 1003 1800 dirigant
1026 1713 1174 1780 missum
1198 1731 1315 1798 suum,
1332 1718 1368 1781 et
1391 1730 1455 1780 nos
1479 1717 1590 1782 totum
1614 1713 1689 1798 ipso
1713 1715 1898 1781 arbustum
1919 1713 1963 1782 de
1985 1713 2064 1800 ipsa
2078 1713 2272 1782 traditione
2293 1730 2441 1782 annua-

586 1864 669 1934 liter
692 1871 774 1954 apto
798 1870 956 1954 tempore
980 1865 1251 1952 bindemiemuS,
1269 1871 1305 1935 et
1329 1866 1453 1933 vinum
1476 1865 1592 1952 ipsum
1616 1866 1661 1935 ad
1684 1864 1902 1952 palmentum
1925 1841 2168 1953 procuremus
2185 1869 2221 1936 et
2236 1884 2341 1954 poma
2364 1884 2440 1936 om·

587 2035 653 2087 nes
678 2023 714 2087 et
739 2019 860 2108 fruges
884 2022 959 2088 suis
983 2021 1201 2108 temporibus
1223 2020 1457 2107 colligamuS,
1481 2019 1582 2088 etde
1606 2018 1721 2086 omnis
1744 2018 1868 2088 viuum
1891 2022 1928 2087 et
1950 2036 2069 2106 poma,
2099 2037 2162 2088 seu
2187 2019 2308 2108 fruges
2331 2038 2440 2106 quam

583 2171 670 2240 inde
694 2173 839 2262 exierit,
864 2174 974 2243 tollad
997 2175 1071 2244 illis
1094 2173 1336 2260 medietatem,
1361 2176 1396 2240 et
1420 2191 1483 2240 nos
1506 2173 1744 2258 medietatem,
1769 2175 1805 2240 et
1826 2174 1907 2259 ipsa
1930 2172 2123 2242 medietate
2147 2191 2270 2242 eorum
2298 2174 2341 2242 de
2365 2174 2441 2262 ipso

584 2328 711 2394 vinum
735 2344 799 2394 nos
823 2345 1036 2414 reponamus
1060 2327 1179 2413 ibique
1202 2327 1242 2394 in
1266 2329 1340 2413 ipso
1364 2329 1478 2394 locum
1503 2327 1542 2393 in
1566 2328 1689 2395 domus
1712 2333 1835 2396 nostra
1858 2327 1897 2394 in
1917 2344 2074 2412 organea
2091 2326 2249 2414 illorum,
2266 2344 2335 2413 que
2353 2325 2440 2394 illuc

585 2483 689 2550 nobis
721 2481 884 2549 dederint
915 2483 976 2569 qui
1001 2501 1063 2569 per
1087 2500 1151 2550 nos
1174 2482 1249 2550 sint
1273 2483 1403 2548 bonum
1428 2481 1630 2549 conciatum
1654 2483 1690 2548 et
1714 2478 1911 2549 studiatum
1924 2529 1934 2568 ,
1960 2482 1997 2546 et
2020 2478 2196 2548 faciamus
2220 2479 2295 2566 ipso
2318 2481 2441 2548 vinum

584 2635 726 2704 illorum
750 2637 901 2722 salbum,
925 2636 1035 2704 donec
1060 2635 1142 2702 illut
1172 2635 1254 2703 inde
1279 2634 1388 2703 tollad
1411 2637 1544 2720 absque
1566 2634 1843 2723 degeneratione
1866 2637 1903 2702 et
1930 2635 2067 2721 ignem3
2091 2638 2140 2722 et,
2165 2635 2248 2703 dum
2274 2653 2338 2722 pro
2361 2634 2439 2722 ipsa

487 2765 492 2774 ¹
584 2789 763 2857 vindemia
787 2790 836 2858 ibi
853 2789 1018 2858 steterint
1033 2787 1118 2877 illis,
1135 2806 1200 2856 nos
1222 2807 1280 2855 eos
1303 2791 1439 2858 notrire
1461 2790 1651 2859 debeamus
1674 2791 1867 2858 secundum
1892 2794 2051 2859 nostram
2077 2789 2372 2878 possivilitatem;
2397 2791 2439 2860 de

584 2945 676 3032 quod
700 2949 821 3014 autem
844 2965 908 3032 per
931 2964 1067 3014 annum
1091 2947 1142 3013 ibi
1165 2942 1478 3030 seminaberimuS,
1501 2943 1714 3012 terraticum
1738 2943 1819 3011 inde
1842 2944 1966 3011 demus
1991 2944 2106 3030 ipsius
2125 2943 2217 3011 leoni
2235 2942 2439 3032 clerici,rel

585 3099 795 3168 admissum
820 3100 909 3186 eius,
926 3103 990 3168 aut
1014 3101 1051 3166 in
1070 3115 1152 3184 pars
1169 3097 1281 3182 ipsius
1304 3076 1450 3163 ecclesie
1463 3094 1583 3184 ibique
1599 3097 1644 3165 ad
1657 3115 1744 3166 area
1767 3097 1962 3167 secundum
1974 3097 2194 3165 consuetudo
2212 3097 2325 3184 ipsius
2339 3099 2442 3187 locis,

586 3261 623 3324 et
647 3261 759 3325 totum
784 3257 860 3340 ipso
883 3255 975 3324 aliut
991 3257 1091 3322 nobis
1115 3256 1296 3324 abeamus.
1311 3251 1493 3338 Simulque
1516 3255 1553 3319 ct
1566 3251 1716 3320 tradidit
1735 3253 1839 3319 nobis
1852 3251 2029 3320 nominati
2044 3251 2192 3320 iohanni
2210 3257 2246 3320 et
2261 3254 2353 3340 petri
2365 3255 2443 3341 ipse

585 3406 643 3476 leo
673 3408 852 3495 clericus,
883 3408 944 3494 qui
970 3409 1075 3476 rebus
1098 3409 1168 3474 ista
1191 3407 1230 3474 in
1255 3406 1467 3474 beneficium
1491 3407 1651 3496 retinet,
1676 3411 1813 3493 quanta
1837 3408 1944 3474 rebus
1967 3409 2051 3474 abet
2074 3405 2193 3491 ibique
2216 3426 2302 3494 pars
2327 3407 2442 3494 ipsius

586 3563 735 3632 ecclesie
757 3564 804 3631 da
827 3563 905 3650 ipsa
929 3563 989 3630 bia
1013 3579 1171 3648 suprana
1195 3562 1233 3628 in
1255 3578 1340 3648 pars
1364 3559 1655 3648 septemtrioniS,
1684 3563 1747 3648 qui
1770 3567 1824 3630 est
1848 3565 2013 3634 bacilium
2049 3567 2085 3632 et
2118 3563 2364 3648 quertietum‚
2400 3568 2440 3630 ut

586 3719 711 3786 amodo
733 3722 770 3787 et
794 3735 905 3804 usque
929 3716 1105 3803 quadtuor
1128 3716 1215 3784 anni
1242 3714 1394 3801 conpleti
1419 3731 1483 3782 nos
1506 3720 1543 3783 et
1566 3715 1699 3783 nostris
1731 3716 1921 3784 heredibus
1949 3716 2158 3786 annualiter
2193 3717 2276 3785 illut
2305 3715 2441 3786 labore-

585 3889 664 3940 mus
693 3874 730 3938 et
754 3869 979 3956 seminemus,
1003 3872 1130 3954 etque
1154 3867 1310 3934 frudium
1334 3867 1417 3934 inde
1440 3868 1582 3948 exierit,
1609 3872 1721 3936 totum
1745 3867 1826 3937 illut
1849 3867 1951 3936 nobis
1974 3871 2145 3937 abeamus
2166 3889 2175 3956 3
2199 3874 2339 3939 tantum
2365 3879 2438 3940 ter-

588 4023 743 4092 raticum
760 4024 843 4091 inde
859 4023 980 4108 ibique
1005 4021 1117 4108 ipsius
1141 4018 1246 4106 leoni,
1268 4021 1324 4088 rel
1348 4021 1385 4087 in
1408 4039 1492 4107 pars
1516 4021 1627 4107 ipsius
1650 4023 1797 4093 ecclesie
1820 4023 1903 4092 inde
1925 4024 2048 4092 demus
2072 4024 2268 4092 secundum
2291 4043 2440 4094 consue·

587 4178 673 4246 tudo
697 4179 809 4264 ipsius
833 4175 941 4262 locis,
966 4181 1003 4244 et
1026 4179 1103 4263 post
1126 4175 1279 4262 conpleti
1304 4175 1370 4261 ipsi
1395 4176 1573 4260 quadtuor
1596 4177 1684 4245 anni
1708 4179 1783 4264 ipso
1807 4178 1972 4248 bacibum
2003 4197 2085 4245 cum
2110 4179 2187 4265 ipso
2219 4179 2439 4266 quercietum

587 4331 754 4400 rebertad
778 4332 816 4398 in
841 4328 1004 4417 partibus
1028 4329 1140 4416 ipsius
1163 4328 1334 4398 ecclesie:
1360 4333 1478 4416 preter
1503 4329 1581 4416 ipsa
1603 4333 1703 4398 curte
1726 4350 1806 4397 cum
1829 4331 1984 4398 arbustis
2008 4349 2145 4419 semper
2168 4336 2371 4422 teneamus,
2390 4335 2441 4402 si-

587 4493 652 4557 cut
675 4487 900 4574 prelegitur,
925 4489 962 4555 in
987 4485 1153 4553 iamdicto
1176 4484 1349 4552 ordinem.
1376 4485 1469 4553 unde
1492 4503 1555 4572 per
1578 4483 1864 4552 conbenientiam
1887 4485 2168 4570 periussionem
2202 4491 2237 4555 et
2264 4488 2440 4574 largieta-

589 4651 662 4714 tem
687 4645 801 4732 ipsius
825 4643 945 4712 abbati
971 4641 1106 4728 guadia
1129 4639 1232 4708 nobis
1255 4641 1330 4726 ipse
1354 4639 1408 4706 leo
1430 4637 1580 4708 clericus
1602 4636 1699 4705 dedit
1721 4639 1756 4704 et
1779 4637 2008 4705 mediatorem
2033 4637 2135 4706 nobis
2159 4639 2276 4726 posuit
2292 4644 2440 4728 magbe-

588 4797 705 4866 nolsus
740 4797 915 4883 presbiter
942 4793 1036 4861 tilius
1058 4793 1229 4881 granati,
1255 4795 1291 4858 et
1312 4809 1374 4876 per
1398 4789 1476 4876 ipsa
1499 4792 1633 4878 guadia
1656 4791 1831 4879 obligavit
1854 4809 1891 4858 se
1915 4793 1990 4879 ipse
2015 4793 2126 4860 abbas
2150 4793 2278 4879 suique
2302 4812 2442 4862 succes·

592 4951 737 5017 soribus
760 4953 795 5016 et
818 4965 903 5034 pars
927 4945 1038 5033 ipsius
1062 4945 1209 5014 ecclesie
1233 4943 1357 5013 amodo
1380 4947 1416 5012 et
1439 4961 1576 5032 semper
1600 4945 1855 5014 defensandum
1889 4947 1991 5014 nobis
2024 4947 2226 5033 nostrisque
2249 4947 2442 5035 eredibus,

593 5107 699 5172 natos
723 5106 924 5187 nascentes,
948 5105 1021 5170 tota
1043 5099 1121 5186 ipsa
1143 5103 1244 5168 curte
1268 5099 1310 5167 de
1333 5101 1433 5166 terra
1456 5117 1536 5164 cum
1559 5099 1743 5167 arbustum
1766 5113 1829 5182 per
1853 5065 2042 5166 iamdictas
2067 5098 2155 5166 fines
2179 5105 2215 5169 et
2239 5119 2442 5188 mensuraS,

588 5275 669 5324 cum
693 5254 771 5323 bice
795 5255 837 5324 de
861 5257 921 5324 bia
944 5273 1022 5340 sua,
1046 5254 1091 5323 da
1115 5253 1229 5321 omnis
1251 5253 1413 5320 homines
1436 5250 1601 5337 omnique
1626 5249 1799 5337 partibus,
1817 5255 1853 5319 et
1876 5249 1957 5318 illut
1981 5254 2087 5321 extra
2111 5252 2190 5340 ipsa
2213 5259 2328 5342 curte,
2344 5252 2440 5342 quod

587 5410 759 5496 diximuS,
784 5409 967 5478 defensare
991 5409 1093 5475 nobis
1117 5425 1227 5492 usque
1251 5405 1319 5492 ipsi
1344 5404 1521 5491 quadtuor
1546 5404 1633 5471 anni
1658 5403 1838 5491 conpleti3
1863 5408 1899 5473 et
1922 5403 2028 5492 quale
2052 5409 2209 5493 tempore
2233 5413 2335 5477 curte
2360 5409 2442 5496 ipsa

589 5565 759 5633 iamdicta
781 5565 921 5634 ratione
946 5566 1067 5631 tenere
1090 5566 1125 5630 et
1149 5561 1310 5628 lavorare
1333 5547 1579 5646 noluerimuS,
1603 5560 1760 5625 autnon
1784 5557 2017 5643 potuerimuS,
2041 5558 2138 5626 lunc
2168 5559 2331 5630 inclitam
2360 5563 2442 5648 ipsa
2497 5637 2503 5647 ,

589 5722 692 5786 curte
715 5719 917 5804 arbustata,
941 5721 976 5786 et
998 5715 1170 5800 studiata,
1194 5716 1230 5780 et
1251 5710 1385 5779 cultata
1409 5713 1500 5779 bona
1523 5712 1750 5780 remittamus
1773 5713 1811 5780 in
1834 5730 1918 5799 pars
1942 5711 2054 5800 ipsius
2078 5715 2240 5802 ecclesie,
2257 5721 2294 5784 et
2321 5715 2439 5786 licead

585 5891 652 5943 nos
676 5871 759 5940 inde
781 5875 882 5940 exire
906 5887 986 5936 cum
1010 5867 1131 5934 omnia
1154 5869 1277 5933 nostra
1300 5882 1409 5934 causa
1432 5863 1577 5933 mobilia
1600 5869 1636 5934 et
1660 5884 1864 5956 pergamus,
1889 5869 1950 5936 ubi
1967 5869 2195 5957 voluerimus3
2211 5873 2291 5939 etsi
2316 5869 2442 5940 taliter
