5422 7102
1041 558 1451 632 lllPLOllA'llCllS
2050 561 2120 631 ele

317 789 439 856 omnia
462 785 594 855 exinde
618 786 820 855 laciendum
844 789 935 874 quod
961 789 1159 873 volueritis3
1184 793 1219 856 et
1241 807 1305 874 pro
1327 787 1610 856 confirmandam
1633 789 1670 854 et
1693 785 1983 856 stabiliscendam
2007 805 2076 855 auc
2100 805 2161 854 no·

315 947 390 1010 stra
412 940 609 1009 vinditione
633 943 750 1028 recepi
774 961 797 1009 a
820 943 856 1010 te
880 959 943 1030 per
968 941 1226 1010 absolutionem
1251 939 1363 1028 ipsius
1388 940 1543 1028 genitori
1565 943 1656 1025 tuo,
1687 939 1748 1026 qui
1784 939 1947 1008 infirmus
1971 944 2054 1025 est,
2086 941 2167 1010 auri

315 1094 447 1161 solidos
470 1095 513 1162 de
535 1096 606 1163 tari
631 1095 750 1163 decem
774 1098 810 1162 et
832 1098 908 1162 octo
932 1112 1003 1164 ana
1026 1095 1204 1182 quadtuor
1227 1095 1306 1163 auri
1331 1095 1403 1162 tari
1429 1095 1510 1161 boni
1535 1113 1598 1180 per
1616 1058 1755 1182 solidos
1776 1098 1869 1164 sicut
1893 1097 1989 1164 inter
2006 1111 2070 1161 nos
2085 1114 2167 1163 con-

323 1247 421 1323 benit
446 1245 485 1312 in
509 1247 625 1312 omnis
648 1245 912 1314 deliberatione.
938 1249 987 1314 De
1011 1266 1081 1332 qua
1103 1265 1184 1316 mea
1212 1247 1442 1315 volumtatem
1477 1263 1542 1333 ego
1577 1245 1756 1332 predictus
1791 1247 1964 1314 iohannes
1998 1261 2168 1314 monacus

317 1415 378 1482 per
406 1397 629 1466 absolutione
653 1398 766 1485 ipsius
790 1395 911 1464 domni
935 1396 1058 1466 abbati
1082 1397 1217 1484 guadio
1240 1398 1303 1464 tivi
1329 1397 1504 1465 nominati
1527 1398 1621 1484 petri
1645 1397 1750 1482 dedi,
1775 1401 1810 1465 et
1840 1396 2072 1465 mediatorem
2096 1397 2162 1465 tivi

318 1555 418 1638 posui
444 1554 644 1623 romoaldus
667 1553 763 1621 filius
787 1555 965 1639 quondam
988 1554 1085 1622 corbi
1109 1555 1172 1639 qui
1198 1559 1251 1622 est
1274 1557 1493 1641 congnatum
1519 1555 1632 1638 ipsius
1654 1553 1814 1620 mansoni
1839 1551 1995 1640 genitori
2019 1555 2105 1636 tuo,
2130 1557 2166 1620 et

315 1726 377 1791 per
401 1708 479 1793 ipsa
502 1708 635 1794 guadio
657 1713 720 1775 ete.
762 1709 929 1793 Sequitur
951 1691 1117 1776 cous'uetc
1140 1709 1329 1796 formula,
1354 1711 1495 1775 statuta
1518 1709 1653 1774 ntctlotc
1675 1711 1818 1775 centum
1851 1709 1938 1772 curi
1969 1705 2163 1772 solidorum

318 1863 557 1928 Constantini.
583 1865 826 1930 verumtamen
851 1864 915 1930 hoo
939 1879 1176 1930 memoramus
1204 1880 1269 1948 ego
1302 1861 1483 1947 predictus
1513 1860 1688 1928 iohannes
1712 1862 1919 1944 monachus
1944 1862 2030 1944 quia
2057 1859 2166 1928 etiam
2288 1846 2291 1854 ’

320 2015 531 2082 venumdedi
555 2013 619 2081 tivi
643 2017 817 2084 nominati
841 2015 934 2101 petri
958 2015 1084 2083 inclita
1106 2017 1262 2082 sortione
1285 2021 1408 2084 nostra
1431 2017 1474 2082 de
1497 2017 1676 2084 monimen
1700 2016 1743 2083 de
1766 2019 1842 2083 tota
1872 2013 2033 2101 predicta
2056 2017 2162 2082 rebus

316 2169 359 2234 ‹le
385 2149 502 2234 locu'm
528 2167 730 2236 tuscianum
755 2170 974 2255 pertinentes
997 2169 1090 2254 quod
1113 2171 1226 2237 abunt
1249 2167 1316 2254 ipsi
1340 2168 1505 2254 germani
1530 2171 1566 2234 et
1589 2167 1811 2234 consortibus
1837 2167 1939 2252 meis,
1963 2167 2007 2235 ad
2033 2167 2168 2236 facien·

316 2325 400 2390 dum
425 2324 508 2391 inde
532 2322 624 2408 quod
648 2322 845 2407 volueritis,
870 2309 907 2390 et
920 2321 1205 2408 palamiaoimus,
1222 2323 1309 2408 quia
1324 2338 1397 2388 una
1411 2324 1542 2408 quarta
1559 2320 1603 2388 de
1620 2321 1810 2388 sortionem
1832 2323 1946 2408 ipsius
1969 2319 2161 2408 grimoaldi

316 2475 383 2544 lilii
408 2475 557 2544 iohanni
581 2495 647 2563 ego
670 2477 849 2561 predictus
872 2476 1045 2543 iohannes
1068 2479 1261 2542 monachus
1300 2493 1381 2542 cum
1421 2473 1486 2561 ipsi
1515 2475 1679 2562 germani
1713 2475 1783 2542 mei
1814 2475 1981 2543 debemus
2011 2475 2096 2544 dare
2121 2474 2166 2544 ad

316 2630 513 2699 clauserada
537 2629 613 2698 fllia
637 2629 837 2716 alegrime‚
863 2627 925 2717 qui
952 2631 1022 2697 luit
1058 2629 1136 2714 ipsa
1170 2627 1344 2714 alegrima
1381 2645 1536 2694 sororem
1570 2627 1718 2714 predicti
1742 2628 1946 2716 grimoaldi3
1975 2629 2069 2697 unde
2100 2632 2166 2698 hoc

316 2783 394 2850 volo
417 2788 452 2851 et
476 2786 621 2868 statuo,
647 2787 687 2850 ut
710 2781 851 2871 quando
876 2783 945 2868 ipsi
968 2783 1133 2869 germani
1157 2782 1226 2849 mei
1251 2779 1379 2868 plicati
1403 2781 1539 2850 fuerint
1568 2782 1614 2850 ad
1649 2783 1804 2850 dandum
1829 2783 1909 2869 ipsa
1934 2788 2092 2870 quarta,
2126 2791 2168 2850 tu

317 2937 519 3004 nominatus
544 2941 665 3022 petrus
689 2936 854 3004 similiter
876 2935 1014 3023 plicatis
1038 2954 1097 3003 vos
1119 2939 1156 3002 et
1179 2955 1251 3004 una
1275 2956 1356 3002 cum
1382 2937 1454 3003 illis
1479 2937 1555 3022 ipsa
1578 2941 1709 3024 quarta
1733 2938 1825 3006 detis
1859 2939 1905 3006 ad
1930 2941 2010 3025 ipsa
2040 2939 2164 3006 daufe-

316 3093 406 3162 rada
428 3092 505 3162 filia
529 3092 695 3160 iamdicto
718 3091 904 3178 alegrime,
930 3094 971 3156 ut
995 3109 1059 3178 ego
1082 3093 1118 3158 et
1142 3109 1236 3156 meos
1260 3089 1407 3158 heredes
1422 3089 1559 3158 nullam
1576 3089 1659 3158 inde
1677 3091 1846 3158 abeamus
1863 3089 2160 3177 molestationem,

316 3252 351 3314 et
374 3249 415 3314 ut
439 3245 578 3314 cartula
600 3244 671 3312 ista
694 3244 733 3312 in
758 3243 840 3312 aliis
863 3243 975 3310 modis
998 3261 1070 3310 non
1094 3241 1165 3310 siat
1187 3245 1456 3329 transmutata,
1479 3244 1549 3311 due
1575 3243 1716 3312 cartule
1747 3262 1810 3330 per
1829 3260 1906 3310 'uno
1936 3243 2052 3312 tinore
2075 3245 2157 3312 inde

315 3400 473 3468 scribere
498 3400 648 3486 rogavi3
673 3399 744 3466 ista
767 3397 908 3466 cartula
931 3395 1025 3482 quod
1047 3394 1114 3462 tivi
1137 3397 1309 3464 nominati
1337 3396 1430 3481 petri
1453 3396 1634 3464 emisimus
1655 3446 1666 3483 ,
1691 3400 1726 3463 et
1751 3395 1825 3464 alia
1854 3395 1962 3465 talem
1985 3400 2074 3482 aput
2096 3413 2164 3463 nos

316 3556 398 3624 inde
424 3556 559 3642 scripta
583 3531 791 3621 retinemus
816 3553 862 3618 Et
886 3550 1007 3621 taliter
1031 3551 1187 3618 scribere
1211 3553 1417 3638 rogavimus
1441 3557 1475 3619 te
1500 3552 1698 3636 myrandus
1714 3553 1889 3638 notarius,
1907 3556 1989 3620 actu
2007 3550 2164 3620 salerno.

319 3711 575 3778 Verumtamen
599 3705 807 3793 supradicta
830 3707 948 3791 reboo,
974 3704 1066 3790 quod
1089 3723 1155 3791 ego
1178 3705 1357 3791 predictus
1380 3704 1553 3775 iohannes
1569 3708 1763 3775 monachus
1785 3706 1852 3774 tivi
1876 3706 2053 3774 nominati
2069 3707 2164 3790 petri

314 3861 524 3931 venumdedi
547 3866 600 3930 est
623 3861 716 3930 ulter
741 3863 817 3946 ipso
839 3859 945 3928 llubio
968 3860 1183 3946 tuscianum,
1207 3861 1300 3947 quod
1328 3861 1500 3928 subiunxi
1533 3877 1598 3946 ego
1623 3859 1849 3947 supradictus
1879 3861 2073 3948 myrandus
2100 3879 2166 3927 no-

314 4017 443 4084 tarius.

360 4141 389 4257 †
414 4171 490 4256 Ego
513 4168 577 4254 qui
603 4186 713 4254 supra
735 4163 903 4253 grimoalt
926 4183 1041 4232 comes
1063 4171 1098 4233 et
1121 4164 1230 4236 iudex

360 4294 389 4409 †
416 4324 490 4407 Ego
515 4323 577 4408 qui
602 4339 711 4407 supra
735 4321 890 4387 iohanne
912 4320 1063 4387 clericus
1086 4323 1122 4387 et
1145 4320 1345 4388 advocator.

1053 5071 1421 5198 DGGQXLVI.

1097 5367 1150 5442 A.
1179 5364 1228 5440 D.
1258 5362 1384 5442 1032.

356 5637 391 5776 †
417 5691 456 5754 ln
473 5687 617 5756 nomine
634 5689 765 5756 domini
784 5687 910 5752 domno
928 5703 1073 5754 romano
1089 5685 1212 5753 dibina
1230 5686 1352 5772 gratia
1368 5687 1559 5772 imperator
1578 5689 1744 5771 augusto,
1762 5685 1827 5751 deo
1843 5685 2012 5770 propitio,
2032 5684 2161 5772 quinto

310 5861 406 5910 anno
433 5841 576 5928 imperii
600 5839 690 5922 eius,
716 5856 835 5907 mense
858 5837 1039 5923 hoctuber‚
1057 5836 1181 5928 *prima
1205 5834 1412 5903 indictione.
1437 5835 1586 5919 Ideoque
1619 5853 1684 5921 ego
1709 5835 1851 5901 nornine
1876 5835 2034 5904 ademari
2064 5835 2160 5904 lilius
