5422 7102
1030 477 1426 550 lllPLOlldTlCUS

350 737 368 773 «
398 713 506 778 Finis
531 711 707 775 16616661
732 695 1003 787 subscriptiones
1027 705 1195 770 tostinus:

353 866 397 931 Et
421 861 545 930 taliter
569 857 725 924 scribere
748 856 952 942 rogavimus
976 858 1011 922 to
1035 855 1194 922 ademari
1217 853 1393 938 notarius
1418 856 1538 922 actum
1564 853 1644 920 uius
1675 855 1833 921 nucerio.

351 987 382 1103 †
408 1017 483 1100 Ego
508 1011 569 1099 qui
593 1030 702 1096 supra
725 1008 867 1078 alfanus

352 1137 383 1254 †
408 1167 483 1251 Ego
506 1167 645 1232 amatus

352 1292 383 1407 †
409 1320 483 1402 Ege
507 1318 609 1384 miro.

1064 1859 1414 1938 DCCCXXII·
1459 1897 1468 1913 ·

1091 2123 1142 2192 A.
1172 2116 1221 2192 D.
1250 2115 1377 2194 1030.

364 2360 400 2500 †
424 2414 464 2478 ln
488 2411 631 2479 nomine
656 2411 791 2479 domini
815 2411 1019 2478 duodecimo
1043 2427 1137 2480 anno
1163 2409 1387 2498 principatus
1422 2409 1543 2476 domni
1576 2409 1690 2477 nostri
1714 2411 1915 2480 Guaimarii
1938 2413 2006 2481 filii
2039 2414 2162 2484 domni

311 2565 508 2653 guaimarii
524 2565 678 2653 glorioso
695 2564 870 2652 principe,
895 2583 1015 2633 mense
1037 2564 1255 2651 februarius,
1272 2565 1519 2635 tertiadecima
1535 2565 1744 2634 indictione.
1762 2567 1802 2632 ln
1820 2583 1922 2635 sacro
1938 2567 2163 2637 salernitano

312 2721 446 2806 palatio
470 2724 553 2788 ante
577 2721 774 2806 predictam
798 2719 989 2807 gloriosam
1008 2723 1217 2806 potestatem
1240 2719 1397 2788 adessem
1420 2738 1486 2806 ego
1509 2720 1616 2803 (deest
1639 2725 1776 2804 uouceru
1799 2722 1961 2788 causavit
1984 2720 2094 2789 disiiu
2120 2725 2161 2790 fl-

313 2872 381 2939 lius
397 2873 575 2958 quondam
593 2873 704 2958 corbi,
724 2890 787 2958 pro
802 2891 886 2960 pars
909 2877 946 2941 61
969 2871 1048 2939 vice
1069 2877 1165 2939 cetre
1179 2869 1350 2958 genitrici
1367 2889 1429 2937 sue
1446 2873 1482 2937 et
1506 2871 1582 2938 filia
1598 2871 1775 2957 quondam
1791 2871 1951 2958 saracki,
1967 2891 2048 2940 oum
2063 2877 2161 2944 maio
2275 2903 2279 2910 ·

313 3025 489 3111 presbiter
514 3029 549 3093 et
573 3026 683 3093 abbas
707 3026 852 3093 ecclesie
875 3025 992 3093 sancti
1017 3024 1168 3093 maximi
1198 3043 1267 3110 que
1289 3027 1343 3091 cst
1358 3025 1562 3092 constructa
1586 3023 1683 3090 intus
1707 3027 1800 3092 hanc
1822 3023 2082 3095 salernitanam
2106 3030 2157 3096 ci-

312 3182 473 3267 vitatem,
498 3179 685 3246 dicendum
716 3181 763 3265 ei,
788 3185 829 3246 ut
853 3178 928 3266 1666
951 3181 1060 3247 abbas
1084 3177 1177 3246 mulo
1200 3178 1350 3246 hordine
1374 3177 1559 3246 introisset
1581 3178 1621 3245 in
1644 3181 1751 3246 rebus
1775 3180 2014 3265 pertinentem
2046 3183 2160 3268 ipsius

233 3379 236 3387 .
314 3337 410 3400 cetre
433 3333 602 3421 genitrici
627 3352 688 3400 666
712 3295 889 3400 inlocum
913 3337 1040 3400 sanctu
1063 3332 1224 3400 martinu
1247 3333 1290 3399 de
1314 3331 1436 3418 agellu
1465 3335 1502 3420 et
1529 3350 1593 3418 per
1624 3333 1846 3418 pertinentia
1879 3331 1994 3401 eidem
2017 3334 2099 3422 loci,
2126 3343 2163 3406 et

316 3487 416 3554 sobee
441 3487 572 3554 ibidem
596 3486 750 3573 iecisset,
767 3490 802 3554 et
818 3488 963 3554 arbores
988 3485 1070 3552 inde
1094 3485 1316 3571 abscidisset,
1331 3490 1367 3553 et
1383 3485 1540 3553 frudium
1557 3486 1639 3553 inde
1656 3487 1807 3574 tulisset,
1826 3490 1862 3556 et
1878 3487 1956 3572 ipsa
1971 3491 2078 3557 rebus
2092 3509 2158 3576 pro

317 3659 401 3727 pars
425 3639 539 3706 eidem
562 3639 708 3706 ecclesie
731 3636 843 3724 ipsius
867 3641 963 3704 cetre
986 3640 1195 3706 contrasset:
1221 3640 1297 3725 1666
1320 3641 1432 3708 abbas
1454 3639 1562 3726 dixit,
1587 3645 1627 3708 ut
1648 3658 1732 3726 pars
1748 3639 1863 3728 ipsius
1880 3640 2028 3708 ecclesie
2044 3645 2163 3710 sancti

315 3790 464 3862 maximi
489 3791 610 3878 plures
638 3792 744 3858 rebus
768 3788 807 3855 in
829 3789 1029 3876 predictum
1054 3789 1168 3857 locum
1191 3794 1227 3859 et
1247 3809 1311 3876 per
1333 3791 1591 3879 pertinentiam
1614 3793 1728 3861 eidem
1751 3792 1819 3860 loci
1843 3795 1987 3879 habere,
2022 3797 2075 3862 661
2098 3811 2161 3861 66-

314 3946 408 4014 scire
432 3947 474 4013 de
499 3946 604 4031 quale
628 3963 707 4010 cum
731 3963 812 4011 eum
835 3946 1001 4011 causaret
1024 3944 1098 4030 ipse
1120 3943 1229 4046 disiiu
1262 3965 1326 4031 pro
1349 3945 1426 4013 vice
1451 3946 1563 4032 ipsius
1586 3945 1755 4034 genitrici
1779 3964 1842 4013 666
1863 3967 1870 4012 :
1903 3947 1980 4032 ipsa
2002 3945 2161 4034 gloriosa

314 4103 471 4186 potestas
495 4097 694 4183 iudicavit,
730 4101 765 4164 et
788 4095 864 4181 ipse
887 4098 998 4164 abbas
1021 4115 1085 4182 pro
1109 4115 1193 4184 pars
1223 4095 1335 4184 ipsius
1358 4095 1608 4166 ecclesiecum
1631 4096 1790 4183 predicto
1824 4097 1953 4165 disiius
1984 4099 2162 4184 guadiare

314 4255 412 4342 fecit,
435 4256 476 4321 ut
493 4269 575 4340 pars
598 4251 757 4339 predicte
782 4249 928 4318 ecclesie
945 4269 1024 4317 cum
1040 4249 1220 4336 predictus
1243 4249 1371 4318 distius
1394 4247 1531 4336 pariter
1556 4249 1688 4316 ibidem
1711 4255 1877 4336 pergeret
1900 4269 1982 4317 cum
2006 4249 2162 4321 iudicem

314 4411 349 4476 et
367 4406 565 4493 notarium,
589 4409 624 4473 et
649 4403 723 4490 ipse
746 4401 872 4471 disiius
895 4420 959 4488 pro
982 4419 1067 4488 pars
1091 4403 1204 4489 ipsius
1227 4367 1398 4490 genitrici
1422 4420 1486 4470 sue
1509 4406 1726 4471 monstraret
1749 4403 1795 4472 ad
1817 4423 1902 4490 pars
1918 4404 2030 4491 ipsius
2053 4407 2166 4474 eccle·

314 4559 365 4628 sie
390 4560 470 4646 ipsa
492 4561 612 4643 rebus,
636 4557 730 4624 undo
753 4551 916 4641 superius
939 4573 1021 4621 cum
1044 4571 1126 4621 eum
1149 4555 1326 4642 causavit,
1349 4559 1386 4624 61
1401 4575 1485 4642 pars
1500 4553 1657 4643 predicte
1674 4555 1821 4624 ecclesie
1843 4555 1997 4642 plicaret
2021 4575 2058 4624 66
2082 4577 2164 4626 cum

318 4734 384 4784 sua
408 4714 564 4798 ratione,
588 4715 624 4779 61
647 4711 723 4798 1666
747 4710 872 4778 disiius
895 4707 1046 4796 plicaret
1068 4727 1106 4776 se
1128 4727 1209 4776 cum
1231 4707 1369 4778 ratione
1392 4708 1505 4796 ipsius
1529 4710 1701 4798 genitrici
1724 4728 1787 4778 sue
1810 4713 1949 4777 etcum
1972 4727 2077 4778 suam
2101 4729 2162 4778 ra-

315 4868 479 4953 tionem,
502 4869 538 4933 et
561 4865 755 4933 secundum
778 4862 893 4952 legem
916 4863 1010 4931 inter
1034 4863 1177 4931 scinde
1200 4863 1308 4932 finem
1330 4864 1518 4950 iacerent,
1541 4867 1577 4932 et
1600 4863 1645 4932 ad
1670 4865 1749 4950 ipsa
1771 4863 1975 4932 finitionem
2010 4863 2163 4950 plicaret

314 5021 394 5110 ipsa
417 5019 595 5108 genitrice
619 5037 701 5105 sua,
724 5023 761 5086 61
782 5037 855 5088 una
879 5037 960 5084 cum
983 5016 1045 5085 illa
1070 5016 1148 5104 ipsa
1163 5015 1377 5084 diffinitione
1392 5035 1473 5084 cum
1488 5034 1573 5103 pars
1597 5014 1710 5102 ipsius
1733 5015 1883 5086 ecclesie
1905 5017 2036 5086 iaciad.
2063 5017 2162 5084 Unde

315 5176 390 5262 1666
414 5173 540 5242 disiius
563 5173 681 5260 posuit
704 5171 934 5238 mediatorem
958 5167 1202 5238 machenolius
1224 5165 1320 5234 filius
1344 5167 1522 5254 quondam
1538 5167 1709 5255 iaquinti,
1726 5170 1762 5236 61
1778 5167 1852 5256 ipse
1868 5169 1979 5238 abbas
1994 5186 2060 5256 pro
2076 5187 2164 5255 pars

315 5329 431 5399 cidem
454 5327 603 5397 ecclesie
627 5325 744 5412 posuit
766 5323 1001 5390 mediatorem
1016 5320 1171 5408 guaiferi
1187 5337 1302 5388 comes
1318 5316 1414 5386 lilius
1427 5319 1605 5405 quondam
1621 5317 1774 5389 danseri.
1794 5320 1839 5389 Et
1853 5338 1918 5406 pro
1932 5325 2036 5407 parte
2051 5318 2167 5406 ipsius

314 5481 464 5552 66616616
489 5479 617 5568 scripsi
641 5495 707 5566 ogo
730 5477 905 5545 Iohannes
927 5475 1088 5544 notarius
1110 5475 1174 5561 qui
1198 5471 1357 5542 interfui.

359 5609 389 5724 †
414 5638 490 5725 Ego
513 5634 574 5722 qui
599 5651 707 5720 supra
730 5631 904 5700 iohannes
926 5647 1055 5699 comes.

1031 5813 1400 5826 *βυ-ι’·

471 5909 540 5964 Tou.
563 5925 587 5963 r.
