<?xml version="1.0" encoding="UTF-8"?>
<!DOCTYPE html PUBLIC "-//W3C//DTD XHTML 1.0 Transitional//EN"
    "http://www.w3.org/TR/xhtml1/DTD/xhtml1-transitional.dtd">
<html xmlns="http://www.w3.org/1999/xhtml" xml:lang="en" lang="en">
 <head>
  <title>
</title>
<meta http-equiv="Content-Type" content="text/html;charset=utf-8" />
  <meta name='ocr-system' content='tesseract 3.04.00' />
  <meta name='ocr-capabilities' content='ocr_page ocr_carea ocr_par ocr_line ocrx_word'/>
</head>
<body>
  <div class='ocr_page' id='page_1' title='image "./codexdiplomatic03aragoog_0269.png"; bbox 0 0 5422 7102; ppageno 0'>
   <div class='ocr_carea' id='block_1_1' title="bbox 1045 528 2119 602">
    <p class='ocr_par' dir='ltr' id='par_1_1' title="bbox 1045 528 2119 602">
     <span class='ocr_line' id='line_1_1' title="bbox 1045 528 2119 602; baseline -0.001 -1"><span class='ocrx_word' id='word_1_1' title='bbox 1045 528 1443 602; x_wconf 76' lang='lat' dir='ltr'>ritribllnrttbs</span> <span class='ocrx_word' id='word_1_2' title='bbox 2051 530 2119 600; x_wconf 65' lang='lat'>2⁹25</span> 
     </span>
    </p>
   </div>
   <div class='ocr_carea' id='block_1_2' title="bbox 291 711 2168 2216">
    <p class='ocr_par' dir='ltr' id='par_1_2' title="bbox 291 711 2168 2216">
     <span class='ocr_line' id='line_1_2' title="bbox 291 711 2162 847; baseline -0.005 -19"><span class='ocrx_word' id='word_1_3' title='bbox 291 711 460 847; x_wconf 55' lang='grc'><strong>11111166,</strong></span> <span class='ocrx_word' id='word_1_4' title='bbox 486 761 578 828; x_wconf 88' lang='lat' dir='ltr'>sicut</span> <span class='ocrx_word' id='word_1_5' title='bbox 600 759 813 844; x_wconf 82' lang='lat' dir='ltr'><strong>meruerint,</strong></span> <span class='ocrx_word' id='word_1_6' title='bbox 840 763 875 826; x_wconf 89' lang='lat' dir='ltr'>et</span> <span class='ocrx_word' id='word_1_7' title='bbox 899 758 1046 826; x_wconf 89' lang='lat' dir='ltr'>veniant</span> <span class='ocrx_word' id='word_1_8' title='bbox 1070 757 1145 842; x_wconf 88' lang='lat' dir='ltr'>ipso</span> <span class='ocrx_word' id='word_1_9' title='bbox 1170 758 1315 825; x_wconf 88' lang='lat' dir='ltr'>arbusto</span> <span class='ocrx_word' id='word_1_10' title='bbox 1338 756 1431 841; x_wconf 90' lang='lat' dir='ltr'>quod</span> <span class='ocrx_word' id='word_1_11' title='bbox 1456 755 1586 824; x_wconf 81' lang='lat' dir='ltr'>ibidem</span> <span class='ocrx_word' id='word_1_12' title='bbox 1610 755 1909 842; x_wconf 89' lang='lat' dir='ltr'>pastenaverint,</span> <span class='ocrx_word' id='word_1_13' title='bbox 1933 751 1980 822; x_wconf 90' lang='lat' dir='ltr'>da</span> <span class='ocrx_word' id='word_1_14' title='bbox 2008 769 2079 820; x_wconf 91' lang='lat' dir='ltr'>uno</span> <span class='ocrx_word' id='word_1_15' title='bbox 2103 772 2162 820; x_wconf 92' lang='lat' dir='ltr'>ar·</span> 
     </span>
     <span class='ocr_line' id='line_1_3' title="bbox 309 905 2161 998; baseline -0.006 -16"><span class='ocrx_word' id='word_1_16' title='bbox 309 919 393 984; x_wconf 89' lang='lat' dir='ltr'>bore</span> <span class='ocrx_word' id='word_1_17' title='bbox 416 915 455 982; x_wconf 91' lang='lat' dir='ltr'>in</span> <span class='ocrx_word' id='word_1_18' title='bbox 480 914 552 983; x_wconf 89' lang='lat' dir='ltr'>alio</span> <span class='ocrx_word' id='word_1_19' title='bbox 575 915 703 982; x_wconf 89' lang='lat' dir='ltr'>arbore</span> <span class='ocrx_word' id='word_1_20' title='bbox 726 927 849 998; x_wconf 84' lang='lat' dir='ltr'>passos</span> <span class='ocrx_word' id='word_1_21' title='bbox 872 909 993 978; x_wconf 92' lang='lat' dir='ltr'>decem</span> <span class='ocrx_word' id='word_1_22' title='bbox 1016 909 1063 976; x_wconf 91' lang='lat' dir='ltr'>ad</span> <span class='ocrx_word' id='word_1_23' title='bbox 1086 909 1179 977; x_wconf 90' lang='lat' dir='ltr'>iusto</span> <span class='ocrx_word' id='word_1_24' title='bbox 1202 927 1375 997; x_wconf 79' lang='lat' dir='ltr'>passum5</span> <span class='ocrx_word' id='word_1_25' title='bbox 1412 927 1475 977; x_wconf 88' lang='lat' dir='ltr'>seu</span> <span class='ocrx_word' id='word_1_26' title='bbox 1498 906 1602 976; x_wconf 90' lang='lat' dir='ltr'>etde</span> <span class='ocrx_word' id='word_1_27' title='bbox 1625 912 1798 993; x_wconf 88' lang='lat' dir='ltr'>quantam</span> <span class='ocrx_word' id='word_1_28' title='bbox 1822 905 1954 974; x_wconf 81' lang='lat' dir='ltr'>ibidem</span> <span class='ocrx_word' id='word_1_29' title='bbox 1978 905 2161 993; x_wconf 88' lang='lat' dir='ltr'>potuerint</span> 
     </span>
     <span class='ocr_line' id='line_1_4' title="bbox 312 1057 2162 1156; baseline -0.008 -20"><span class='ocrx_word' id='word_1_30' title='bbox 312 1071 505 1156; x_wconf 87' lang='lat' dir='ltr'>pastenare</span> <span class='ocrx_word' id='word_1_31' title='bbox 529 1067 635 1134; x_wconf 90' lang='lat' dir='ltr'>vinea</span> <span class='ocrx_word' id='word_1_32' title='bbox 658 1064 701 1134; x_wconf 92' lang='lat' dir='ltr'>de</span> <span class='ocrx_word' id='word_1_33' title='bbox 726 1067 816 1132; x_wconf 88' lang='lat' dir='ltr'>bono</span> <span class='ocrx_word' id='word_1_34' title='bbox 840 1061 989 1148; x_wconf 90' lang='lat' dir='ltr'>vitineo,</span> <span class='ocrx_word' id='word_1_35' title='bbox 1014 1067 1050 1131; x_wconf 89' lang='lat' dir='ltr'>et</span> <span class='ocrx_word' id='word_1_36' title='bbox 1072 1061 1198 1148; x_wconf 90' lang='lat' dir='ltr'>pomis,</span> <span class='ocrx_word' id='word_1_37' title='bbox 1221 1065 1258 1130; x_wconf 91' lang='lat' dir='ltr'>et</span> <span class='ocrx_word' id='word_1_38' title='bbox 1282 1063 1514 1147; x_wconf 91' lang='lat' dir='ltr'>caunietum,</span> <span class='ocrx_word' id='word_1_39' title='bbox 1542 1063 1578 1129; x_wconf 91' lang='lat' dir='ltr'>et</span> <span class='ocrx_word' id='word_1_40' title='bbox 1601 1059 1814 1145; x_wconf 88' lang='lat' dir='ltr'>salicetum,</span> <span class='ocrx_word' id='word_1_41' title='bbox 1838 1059 1930 1127; x_wconf 91' lang='lat' dir='ltr'>sicut</span> <span class='ocrx_word' id='word_1_42' title='bbox 1961 1057 2162 1126; x_wconf 80' lang='lat' dir='ltr'>meruerint</span> 
     </span>
     <span class='ocr_line' id='line_1_5' title="bbox 314 1207 2163 1304; baseline -0.008 -16"><span class='ocrx_word' id='word_1_43' title='bbox 314 1222 409 1288; x_wconf 87' lang='lat' dir='ltr'>iusta</span> <span class='ocrx_word' id='word_1_44' title='bbox 431 1219 625 1304; x_wconf 87' lang='lat' dir='ltr'>rationem3</span> <span class='ocrx_word' id='word_1_45' title='bbox 648 1223 685 1288; x_wconf 92' lang='lat' dir='ltr'>et</span> <span class='ocrx_word' id='word_1_46' title='bbox 708 1238 731 1288; x_wconf 89' lang='lat' dir='ltr'>a</span> <span class='ocrx_word' id='word_1_47' title='bbox 755 1235 826 1304; x_wconf 91' lang='lat' dir='ltr'>quo</span> <span class='ocrx_word' id='word_1_48' title='bbox 850 1222 1000 1304; x_wconf 88' lang='lat' dir='ltr'>parutus</span> <span class='ocrx_word' id='word_1_49' title='bbox 1023 1215 1172 1302; x_wconf 86' lang='lat' dir='ltr'>suerint,</span> <span class='ocrx_word' id='word_1_50' title='bbox 1198 1217 1237 1280; x_wconf 91' lang='lat' dir='ltr'>ut</span> <span class='ocrx_word' id='word_1_51' title='bbox 1259 1213 1303 1281; x_wconf 91' lang='lat' dir='ltr'>de</span> <span class='ocrx_word' id='word_1_52' title='bbox 1327 1211 1403 1299; x_wconf 92' lang='lat' dir='ltr'>ipso</span> <span class='ocrx_word' id='word_1_53' title='bbox 1427 1212 1574 1282; x_wconf 86' lang='lat' dir='ltr'>arbusto</span> <span class='ocrx_word' id='word_1_54' title='bbox 1596 1215 1633 1280; x_wconf 90' lang='lat' dir='ltr'>et</span> <span class='ocrx_word' id='word_1_55' title='bbox 1656 1212 1699 1278; x_wconf 94' lang='lat' dir='ltr'>de</span> <span class='ocrx_word' id='word_1_56' title='bbox 1723 1211 1801 1296; x_wconf 90' lang='lat' dir='ltr'>ipsa</span> <span class='ocrx_word' id='word_1_57' title='bbox 1831 1208 1937 1277; x_wconf 88' lang='lat' dir='ltr'>vinea</span> <span class='ocrx_word' id='word_1_58' title='bbox 1961 1209 2085 1275; x_wconf 92' lang='lat' dir='ltr'>vinum</span> <span class='ocrx_word' id='word_1_59' title='bbox 2112 1207 2163 1274; x_wconf 87' lang='lat' dir='ltr'>ia·</span> 
     </span>
     <span class='ocr_line' id='line_1_6' title="bbox 313 1360 2161 1459; baseline -0.007 -19"><span class='ocrx_word' id='word_1_60' title='bbox 313 1375 412 1443; x_wconf 89' lang='lat' dir='ltr'>ciant</span> <span class='ocrx_word' id='word_1_61' title='bbox 435 1391 498 1459; x_wconf 92' lang='lat' dir='ltr'>per</span> <span class='ocrx_word' id='word_1_62' title='bbox 521 1376 677 1457; x_wconf 88' lang='lat' dir='ltr'>tempore</span> <span class='ocrx_word' id='word_1_63' title='bbox 700 1369 743 1438; x_wconf 90' lang='lat' dir='ltr'>de</span> <span class='ocrx_word' id='word_1_64' title='bbox 767 1369 957 1455; x_wconf 86' lang='lat' dir='ltr'>vindemie,</span> <span class='ocrx_word' id='word_1_65' title='bbox 982 1367 1117 1438; x_wconf 87' lang='lat' dir='ltr'>faciant</span> <span class='ocrx_word' id='word_1_66' title='bbox 1141 1384 1196 1434; x_wconf 91' lang='lat' dir='ltr'>me</span> <span class='ocrx_word' id='word_1_67' title='bbox 1222 1363 1277 1432; x_wconf 91' lang='lat' dir='ltr'>vel</span> <span class='ocrx_word' id='word_1_68' title='bbox 1300 1382 1396 1432; x_wconf 90' lang='lat' dir='ltr'>meos</span> <span class='ocrx_word' id='word_1_69' title='bbox 1412 1362 1560 1432; x_wconf 86' lang='lat' dir='ltr'>heredes</span> <span class='ocrx_word' id='word_1_70' title='bbox 1575 1364 1783 1433; x_wconf 80' lang='lat' dir='ltr'>annualiter</span> <span class='ocrx_word' id='word_1_71' title='bbox 1802 1362 1884 1430; x_wconf 90' lang='lat' dir='ltr'>iude</span> <span class='ocrx_word' id='word_1_72' title='bbox 1908 1361 2013 1446; x_wconf 87' lang='lat' dir='ltr'>scire,</span> <span class='ocrx_word' id='word_1_73' title='bbox 2038 1366 2078 1428; x_wconf 91' lang='lat' dir='ltr'>ut</span> <span class='ocrx_word' id='word_1_74' title='bbox 2093 1360 2161 1428; x_wconf 89' lang='lat' dir='ltr'>ibi·</span> 
     </span>
     <span class='ocr_line' id='line_1_7' title="bbox 315 1513 2166 1610; baseline -0.007 -16"><span class='ocrx_word' id='word_1_75' title='bbox 315 1527 394 1594; x_wconf 89' lang='lat' dir='ltr'>dem</span> <span class='ocrx_word' id='word_1_76' title='bbox 418 1523 618 1610; x_wconf 82' lang='lat' dir='ltr'>dirigamus</span> <span class='ocrx_word' id='word_1_77' title='bbox 636 1522 783 1587; x_wconf 86' lang='lat' dir='ltr'>missum</span> <span class='ocrx_word' id='word_1_78' title='bbox 807 1525 981 1604; x_wconf 89' lang='lat' dir='ltr'>nostrum,</span> <span class='ocrx_word' id='word_1_79' title='bbox 1006 1523 1042 1586; x_wconf 91' lang='lat' dir='ltr'>et</span> <span class='ocrx_word' id='word_1_80' title='bbox 1066 1517 1138 1585; x_wconf 89' lang='lat' dir='ltr'>illis</span> <span class='ocrx_word' id='word_1_81' title='bbox 1155 1518 1210 1585; x_wconf 91' lang='lat' dir='ltr'>vel</span> <span class='ocrx_word' id='word_1_82' title='bbox 1227 1516 1304 1584; x_wconf 90' lang='lat' dir='ltr'>suis</span> <span class='ocrx_word' id='word_1_83' title='bbox 1322 1515 1510 1586; x_wconf 86' lang='lat' dir='ltr'>heredibus</span> <span class='ocrx_word' id='word_1_84' title='bbox 1526 1519 1639 1582; x_wconf 91' lang='lat' dir='ltr'>totum</span> <span class='ocrx_word' id='word_1_85' title='bbox 1656 1517 1731 1602; x_wconf 89' lang='lat' dir='ltr'>ipso</span> <span class='ocrx_word' id='word_1_86' title='bbox 1747 1519 1893 1584; x_wconf 89' lang='lat' dir='ltr'>arbusto</span> <span class='ocrx_word' id='word_1_87' title='bbox 1908 1515 2045 1600; x_wconf 81' lang='lat' dir='ltr'>etipsa</span> <span class='ocrx_word' id='word_1_88' title='bbox 2061 1513 2166 1582; x_wconf 83' lang='lat' dir='ltr'>vinea</span> 
     </span>
     <span class='ocr_line' id='line_1_8' title="bbox 315 1667 2163 1760; baseline -0.005 -17"><span class='ocrx_word' id='word_1_89' title='bbox 315 1675 533 1745; x_wconf 90' lang='lat' dir='ltr'>vindemiare</span> <span class='ocrx_word' id='word_1_90' title='bbox 556 1681 592 1741; x_wconf 92' lang='lat' dir='ltr'>et</span> <span class='ocrx_word' id='word_1_91' title='bbox 615 1691 719 1760; x_wconf 89' lang='lat' dir='ltr'>poma</span> <span class='ocrx_word' id='word_1_92' title='bbox 742 1673 872 1740; x_wconf 79' lang='lat' dir='ltr'>exinde</span> <span class='ocrx_word' id='word_1_93' title='bbox 896 1670 1079 1760; x_wconf 84' lang='lat' dir='ltr'>colligere,</span> <span class='ocrx_word' id='word_1_94' title='bbox 1104 1670 1196 1739; x_wconf 88' lang='lat' dir='ltr'>sicut</span> <span class='ocrx_word' id='word_1_95' title='bbox 1220 1671 1393 1739; x_wconf 89' lang='lat' dir='ltr'>meruerit</span> <span class='ocrx_word' id='word_1_96' title='bbox 1416 1671 1511 1738; x_wconf 87' lang='lat' dir='ltr'>iusta</span> <span class='ocrx_word' id='word_1_97' title='bbox 1529 1669 1718 1754; x_wconf 89' lang='lat' dir='ltr'>rationem,</span> <span class='ocrx_word' id='word_1_98' title='bbox 1734 1673 1771 1735; x_wconf 90' lang='lat' dir='ltr'>et</span> <span class='ocrx_word' id='word_1_99' title='bbox 1794 1672 1833 1737; x_wconf 94' lang='lat' dir='ltr'>in</span> <span class='ocrx_word' id='word_1_100' title='bbox 1856 1667 2001 1736; x_wconf 90' lang='lat' dir='ltr'>tertiam</span> <span class='ocrx_word' id='word_1_101' title='bbox 2025 1671 2163 1754; x_wconf 90' lang='lat' dir='ltr'>partem</span> 
     </span>
     <span class='ocr_line' id='line_1_9' title="bbox 314 1821 2165 1914; baseline -0.004 -19"><span class='ocrx_word' id='word_1_102' title='bbox 314 1829 434 1914; x_wconf 88' lang='lat' dir='ltr'>ibique</span> <span class='ocrx_word' id='word_1_103' title='bbox 460 1827 498 1894; x_wconf 93' lang='lat' dir='ltr'>in</span> <span class='ocrx_word' id='word_1_104' title='bbox 522 1830 600 1913; x_wconf 91' lang='lat' dir='ltr'>ipsa</span> <span class='ocrx_word' id='word_1_105' title='bbox 617 1829 722 1894; x_wconf 89' lang='lat' dir='ltr'>rebus</span> <span class='ocrx_word' id='word_1_106' title='bbox 745 1826 827 1893; x_wconf 90' lang='lat' dir='ltr'>illut</span> <span class='ocrx_word' id='word_1_107' title='bbox 850 1825 1021 1892; x_wconf 91' lang='lat' dir='ltr'>dividere:</span> <span class='ocrx_word' id='word_1_108' title='bbox 1047 1841 1111 1889; x_wconf 90' lang='lat' dir='ltr'>nos</span> <span class='ocrx_word' id='word_1_109' title='bbox 1135 1827 1171 1890; x_wconf 89' lang='lat' dir='ltr'>et</span> <span class='ocrx_word' id='word_1_110' title='bbox 1192 1825 1323 1890; x_wconf 86' lang='lat' dir='ltr'>nostris</span> <span class='ocrx_word' id='word_1_111' title='bbox 1348 1821 1536 1890; x_wconf 85' lang='lat' dir='ltr'>heredibus</span> <span class='ocrx_word' id='word_1_112' title='bbox 1557 1821 1723 1890; x_wconf 92' lang='lat' dir='ltr'>tollamus</span> <span class='ocrx_word' id='word_1_113' title='bbox 1747 1821 1830 1889; x_wconf 90' lang='lat' dir='ltr'>inde</span> <span class='ocrx_word' id='word_1_114' title='bbox 1849 1821 1994 1889; x_wconf 81' lang='lat' dir='ltr'>tertiam</span> <span class='ocrx_word' id='word_1_115' title='bbox 2012 1825 2165 1908; x_wconf 90' lang='lat' dir='ltr'>partem,</span> 
     </span>
     <span class='ocr_line' id='line_1_10' title="bbox 313 1973 2166 2063; baseline -0.006 -13"><span class='ocrx_word' id='word_1_116' title='bbox 313 1987 349 2050; x_wconf 87' lang='lat' dir='ltr'>et</span> <span class='ocrx_word' id='word_1_117' title='bbox 363 1981 437 2049; x_wconf 92' lang='lat' dir='ltr'>illis</span> <span class='ocrx_word' id='word_1_118' title='bbox 453 1981 507 2048; x_wconf 91' lang='lat' dir='ltr'>vel</span> <span class='ocrx_word' id='word_1_119' title='bbox 524 1983 599 2048; x_wconf 92' lang='lat' dir='ltr'>suis</span> <span class='ocrx_word' id='word_1_120' title='bbox 615 1979 807 2047; x_wconf 87' lang='lat' dir='ltr'>herodibus</span> <span class='ocrx_word' id='word_1_121' title='bbox 833 1979 900 2046; x_wconf 89' lang='lat' dir='ltr'>due</span> <span class='ocrx_word' id='word_1_122' title='bbox 925 1978 1032 2045; x_wconf 90' lang='lat' dir='ltr'>sortis</span> <span class='ocrx_word' id='word_1_123' title='bbox 1057 1977 1140 2044; x_wconf 88' lang='lat' dir='ltr'>inde</span> <span class='ocrx_word' id='word_1_124' title='bbox 1163 1975 1279 2062; x_wconf 89' lang='lat' dir='ltr'>tollat,</span> <span class='ocrx_word' id='word_1_125' title='bbox 1304 1980 1340 2042; x_wconf 90' lang='lat' dir='ltr'>et</span> <span class='ocrx_word' id='word_1_126' title='bbox 1365 1975 1442 2063; x_wconf 89' lang='lat' dir='ltr'>ipsa</span> <span class='ocrx_word' id='word_1_127' title='bbox 1465 1980 1588 2043; x_wconf 90' lang='lat' dir='ltr'>nostra</span> <span class='ocrx_word' id='word_1_128' title='bbox 1611 1976 1719 2042; x_wconf 90' lang='lat' dir='ltr'>tertia</span> <span class='ocrx_word' id='word_1_129' title='bbox 1742 1975 1785 2041; x_wconf 92' lang='lat' dir='ltr'>de</span> <span class='ocrx_word' id='word_1_130' title='bbox 1809 1976 1884 2061; x_wconf 88' lang='lat' dir='ltr'>ipso</span> <span class='ocrx_word' id='word_1_131' title='bbox 1909 1977 1991 2042; x_wconf 91' lang='lat' dir='ltr'>vino</span> <span class='ocrx_word' id='word_1_132' title='bbox 2015 1973 2087 2041; x_wconf 91' lang='lat' dir='ltr'>illis</span> <span class='ocrx_word' id='word_1_133' title='bbox 2111 1975 2166 2040; x_wconf 86' lang='lat' dir='ltr'>vel</span> 
     </span>
     <span class='ocr_line' id='line_1_11' title="bbox 317 2128 2168 2216; baseline -0.003 -16"><span class='ocrx_word' id='word_1_134' title='bbox 317 2137 393 2202; x_wconf 91' lang='lat' dir='ltr'>suis</span> <span class='ocrx_word' id='word_1_135' title='bbox 411 2133 603 2202; x_wconf 91' lang='lat' dir='ltr'>heredibus</span> <span class='ocrx_word' id='word_1_136' title='bbox 621 2132 703 2201; x_wconf 93' lang='lat' dir='ltr'>illut</span> <span class='ocrx_word' id='word_1_137' title='bbox 718 2132 820 2198; x_wconf 90' lang='lat' dir='ltr'>nobis</span> <span class='ocrx_word' id='word_1_138' title='bbox 844 2147 1014 2216; x_wconf 88' lang='lat' dir='ltr'>reponere</span> <span class='ocrx_word' id='word_1_139' title='bbox 1039 2130 1077 2195; x_wconf 92' lang='lat' dir='ltr'>in</span> <span class='ocrx_word' id='word_1_140' title='bbox 1101 2147 1298 2216; x_wconf 82' lang='lat' dir='ltr'>organeum</span> <span class='ocrx_word' id='word_1_141' title='bbox 1322 2133 1497 2216; x_wconf 89' lang='lat' dir='ltr'>nostrum,</span> <span class='ocrx_word' id='word_1_142' title='bbox 1523 2130 1613 2215; x_wconf 88' lang='lat' dir='ltr'>quod</span> <span class='ocrx_word' id='word_1_143' title='bbox 1637 2147 1700 2196; x_wconf 90' lang='lat' dir='ltr'>nos</span> <span class='ocrx_word' id='word_1_144' title='bbox 1724 2128 1865 2196; x_wconf 91' lang='lat' dir='ltr'>illorum</span> <span class='ocrx_word' id='word_1_145' title='bbox 1888 2129 2087 2196; x_wconf 88' lang='lat' dir='ltr'>dederimus</span> <span class='ocrx_word' id='word_1_146' title='bbox 2103 2147 2168 2215; x_wconf 91' lang='lat' dir='ltr'>per</span> 
     </span>
    </p>
   </div>
   <div class='ocr_carea' id='block_1_3' title="bbox 320 2283 2167 2372">
    <p class='ocr_par' dir='ltr' id='par_1_3' title="bbox 320 2283 2167 2372">
     <span class='ocr_line' id='line_1_12' title="bbox 320 2283 2167 2372; baseline -0.001 -18"><span class='ocrx_word' id='word_1_147' title='bbox 320 2289 393 2355; x_wconf 91' lang='lat' dir='ltr'>illis</span> <span class='ocrx_word' id='word_1_148' title='bbox 423 2289 626 2356; x_wconf 88' lang='lat' dir='ltr'>conciatum</span> <span class='ocrx_word' id='word_1_149' title='bbox 658 2289 802 2372; x_wconf 91' lang='lat' dir='ltr'>honum,</span> <span class='ocrx_word' id='word_1_150' title='bbox 827 2286 921 2352; x_wconf 89' lang='lat' dir='ltr'>sicut</span> <span class='ocrx_word' id='word_1_151' title='bbox 943 2285 1173 2370; x_wconf 87' lang='lat' dir='ltr'>meruerint,</span> <span class='ocrx_word' id='word_1_152' title='bbox 1197 2287 1234 2350; x_wconf 91' lang='lat' dir='ltr'>et</span> <span class='ocrx_word' id='word_1_153' title='bbox 1256 2285 1391 2352; x_wconf 86' lang='lat' dir='ltr'>iaciant</span> <span class='ocrx_word' id='word_1_154' title='bbox 1414 2283 1515 2351; x_wconf 91' lang='lat' dir='ltr'>nobis</span> <span class='ocrx_word' id='word_1_155' title='bbox 1540 2285 1616 2370; x_wconf 93' lang='lat' dir='ltr'>ipso</span> <span class='ocrx_word' id='word_1_156' title='bbox 1640 2284 1723 2350; x_wconf 87' lang='lat' dir='ltr'>vino</span> <span class='ocrx_word' id='word_1_157' title='bbox 1759 2283 1926 2370; x_wconf 87' lang='lat' dir='ltr'>salbum,</span> <span class='ocrx_word' id='word_1_158' title='bbox 1950 2284 2060 2353; x_wconf 87' lang='lat' dir='ltr'>donec</span> <span class='ocrx_word' id='word_1_159' title='bbox 2084 2286 2167 2354; x_wconf 92' lang='lat' dir='ltr'>illut</span> 
     </span>
    </p>
   </div>
   <div class='ocr_carea' id='block_1_4' title="bbox 212 2434 2167 2525">
    <p class='ocr_par' dir='ltr' id='par_1_4' title="bbox 212 2434 2167 2525">
     <span class='ocr_line' id='line_1_13' title="bbox 212 2434 2167 2525; baseline -0.002 -18"><span class='ocrx_word' id='word_1_160' title='bbox 212 2467 215 2472; x_wconf 93' lang='lat'>·</span> <span class='ocrx_word' id='word_1_161' title='bbox 317 2441 404 2508; x_wconf 89' lang='lat' dir='ltr'>inde</span> <span class='ocrx_word' id='word_1_162' title='bbox 428 2440 594 2508; x_wconf 86' lang='lat' dir='ltr'>tollamus</span> <span class='ocrx_word' id='word_1_163' title='bbox 626 2440 758 2523; x_wconf 84' lang='lat' dir='ltr'>absque</span> <span class='ocrx_word' id='word_1_164' title='bbox 783 2436 825 2503; x_wconf 91' lang='lat' dir='ltr'>dc</span> <span class='ocrx_word' id='word_1_165' title='bbox 850 2434 934 2522; x_wconf 84' lang='lat' dir='ltr'>igne</span> <span class='ocrx_word' id='word_1_166' title='bbox 958 2440 993 2503; x_wconf 90' lang='lat' dir='ltr'>et</span> <span class='ocrx_word' id='word_1_167' title='bbox 1017 2441 1153 2523; x_wconf 72' lang='lat' dir='ltr'>gente,</span> <span class='ocrx_word' id='word_1_168' title='bbox 1179 2443 1214 2504; x_wconf 92' lang='lat' dir='ltr'>et</span> <span class='ocrx_word' id='word_1_169' title='bbox 1238 2439 1355 2523; x_wconf 90' lang='lat' dir='ltr'>ipsum</span> <span class='ocrx_word' id='word_1_170' title='bbox 1381 2439 1528 2506; x_wconf 90' lang='lat' dir='ltr'>missum</span> <span class='ocrx_word' id='word_1_171' title='bbox 1554 2445 1714 2506; x_wconf 90' lang='lat' dir='ltr'>nostrum</span> <span class='ocrx_word' id='word_1_172' title='bbox 1738 2438 1829 2523; x_wconf 89' lang='lat' dir='ltr'>quod</span> <span class='ocrx_word' id='word_1_173' title='bbox 1854 2437 1983 2506; x_wconf 89' lang='lat' dir='ltr'>ibidem</span> <span class='ocrx_word' id='word_1_174' title='bbox 2006 2457 2069 2525; x_wconf 90' lang='lat' dir='ltr'>pro</span> <span class='ocrx_word' id='word_1_175' title='bbox 2093 2439 2167 2525; x_wconf 90' lang='lat' dir='ltr'>ipse</span> 
     </span>
    </p>
   </div>
   <div class='ocr_carea' id='block_1_5' title="bbox 209 2589 2169 5747">
    <p class='ocr_par' dir='ltr' id='par_1_5' title="bbox 209 2589 2169 5747">
     <span class='ocr_line' id='line_1_14' title="bbox 209 2589 2169 2678; baseline 0 -19"><span class='ocrx_word' id='word_1_176' title='bbox 209 2631 211 2636; x_wconf 87' lang='lat'><em>·</em></span> <span class='ocrx_word' id='word_1_177' title='bbox 320 2595 496 2663; x_wconf 89' lang='lat' dir='ltr'>vindemie</span> <span class='ocrx_word' id='word_1_178' title='bbox 514 2593 769 2677; x_wconf 84' lang='lat' dir='ltr'>direxerimus,</span> <span class='ocrx_word' id='word_1_179' title='bbox 792 2591 866 2658; x_wconf 90' lang='lat' dir='ltr'>illis</span> <span class='ocrx_word' id='word_1_180' title='bbox 890 2610 972 2658; x_wconf 89' lang='lat' dir='ltr'>eum</span> <span class='ocrx_word' id='word_1_181' title='bbox 995 2589 1136 2658; x_wconf 86' lang='lat' dir='ltr'>nutrire</span> <span class='ocrx_word' id='word_1_182' title='bbox 1152 2590 1344 2658; x_wconf 90' lang='lat' dir='ltr'>secundum</span> <span class='ocrx_word' id='word_1_183' title='bbox 1361 2608 1461 2657; x_wconf 91' lang='lat' dir='ltr'>suam</span> <span class='ocrx_word' id='word_1_184' title='bbox 1485 2589 1770 2677; x_wconf 88' lang='lat' dir='ltr'>possibilitatem,</span> <span class='ocrx_word' id='word_1_185' title='bbox 1788 2590 1898 2657; x_wconf 88' lang='lat' dir='ltr'>donec</span> <span class='ocrx_word' id='word_1_186' title='bbox 1915 2609 1979 2676; x_wconf 93' lang='lat' dir='ltr'>pro</span> <span class='ocrx_word' id='word_1_187' title='bbox 1996 2591 2071 2678; x_wconf 90' lang='lat' dir='ltr'>ipse</span> <span class='ocrx_word' id='word_1_188' title='bbox 2088 2594 2169 2660; x_wconf 90' lang='lat' dir='ltr'>vin·</span> 
     </span>
     <span class='ocr_line' id='line_1_15' title="bbox 316 2707 2165 2833; baseline 0.002 -21"><span class='ocrx_word' id='word_1_189' title='bbox 316 2745 429 2812; x_wconf 89' lang='lat' dir='ltr'>demie</span> <span class='ocrx_word' id='word_1_190' title='bbox 455 2744 583 2812; x_wconf 89' lang='lat' dir='ltr'>ibidem</span> <span class='ocrx_word' id='word_1_191' title='bbox 601 2744 779 2828; x_wconf 85' lang='lat' dir='ltr'>steterint,</span> <span class='ocrx_word' id='word_1_192' title='bbox 797 2746 832 2810; x_wconf 92' lang='lat' dir='ltr'>et</span> <span class='ocrx_word' id='word_1_193' title='bbox 849 2743 973 2810; x_wconf 91' lang='lat' dir='ltr'>amodo</span> <span class='ocrx_word' id='word_1_194' title='bbox 996 2742 1100 2828; x_wconf 88' lang='lat' dir='ltr'>quod.</span> <span class='ocrx_word' id='word_1_195' title='bbox 1123 2795 1130 2808; x_wconf 92' lang='lat'><strong>.</strong></span> <span class='ocrx_word' id='word_1_196' title='bbox 1151 2793 1158 2807; x_wconf 93' lang='lat'><strong><em>.</em></strong></span> <span class='ocrx_word' id='word_1_197' title='bbox 1182 2795 1188 2808; x_wconf 94' lang='lat'><strong><em>.</em></strong></span> <span class='ocrx_word' id='word_1_198' title='bbox 1209 2744 1286 2828; x_wconf 91' lang='lat' dir='ltr'>ipsa</span> <span class='ocrx_word' id='word_1_199' title='bbox 1310 2745 1416 2810; x_wconf 88' lang='lat' dir='ltr'>rebus</span> <span class='ocrx_word' id='word_1_200' title='bbox 1432 2743 1697 2830; x_wconf 83' lang='lat' dir='ltr'>seminaverint,</span> <span class='ocrx_word' id='word_1_201' title='bbox 1716 2744 1839 2812; x_wconf 87' lang='lat' dir='ltr'>inclita</span> <span class='ocrx_word' id='word_1_202' title='bbox 1862 2707 2006 2813; x_wconf 87' lang='lat' dir='ltr'>tertiam</span> <span class='ocrx_word' id='word_1_203' title='bbox 2022 2751 2165 2833; x_wconf 89' lang='lat' dir='ltr'>partem</span> 
     </span>
     <span class='ocr_line' id='line_1_16' title="bbox 318 2897 2166 2988; baseline 0.001 -22"><span class='ocrx_word' id='word_1_204' title='bbox 318 2901 438 2986; x_wconf 87' lang='lat' dir='ltr'>ibique</span> <span class='ocrx_word' id='word_1_205' title='bbox 455 2902 493 2968; x_wconf 95' lang='lat' dir='ltr'>in</span> <span class='ocrx_word' id='word_1_206' title='bbox 513 2899 589 2985; x_wconf 89' lang='lat' dir='ltr'>ipsa</span> <span class='ocrx_word' id='word_1_207' title='bbox 606 2900 711 2965; x_wconf 89' lang='lat' dir='ltr'>rebus</span> <span class='ocrx_word' id='word_1_208' title='bbox 737 2897 820 2964; x_wconf 90' lang='lat' dir='ltr'>inde</span> <span class='ocrx_word' id='word_1_209' title='bbox 844 2899 944 2964; x_wconf 90' lang='lat' dir='ltr'>nobis</span> <span class='ocrx_word' id='word_1_210' title='bbox 968 2899 1066 2966; x_wconf 90' lang='lat' dir='ltr'>dare:</span> <span class='ocrx_word' id='word_1_211' title='bbox 1090 2903 1229 2970; x_wconf 86' lang='lat' dir='ltr'>tantum</span> <span class='ocrx_word' id='word_1_212' title='bbox 1255 2899 1297 2966; x_wconf 89' lang='lat' dir='ltr'>de</span> <span class='ocrx_word' id='word_1_213' title='bbox 1322 2906 1436 2965; x_wconf 89' lang='lat' dir='ltr'>ortum</span> <span class='ocrx_word' id='word_1_214' title='bbox 1461 2901 1554 2985; x_wconf 90' lang='lat' dir='ltr'>quod</span> <span class='ocrx_word' id='word_1_215' title='bbox 1577 2901 1707 2968; x_wconf 91' lang='lat' dir='ltr'>ibidem</span> <span class='ocrx_word' id='word_1_216' title='bbox 1724 2901 1885 2988; x_wconf 83' lang='lat' dir='ltr'>iecerint,</span> <span class='ocrx_word' id='word_1_217' title='bbox 1910 2901 2038 2970; x_wconf 90' lang='lat' dir='ltr'>darent</span> <span class='ocrx_word' id='word_1_218' title='bbox 2062 2903 2166 2968; x_wconf 87' lang='lat' dir='ltr'>nobis</span> 
     </span>
     <span class='ocr_line' id='line_1_17' title="bbox 315 3050 2164 3142; baseline 0.002 -20"><span class='ocrx_word' id='word_1_219' title='bbox 315 3058 412 3122; x_wconf 88' lang='lat' dir='ltr'>iusta</span> <span class='ocrx_word' id='word_1_220' title='bbox 443 3055 634 3138; x_wconf 88' lang='lat' dir='ltr'>rationem,</span> <span class='ocrx_word' id='word_1_221' title='bbox 660 3057 695 3120; x_wconf 91' lang='lat' dir='ltr'>et</span> <span class='ocrx_word' id='word_1_222' title='bbox 718 3053 845 3119; x_wconf 89' lang='lat' dir='ltr'>liceret</span> <span class='ocrx_word' id='word_1_223' title='bbox 869 3050 942 3118; x_wconf 90' lang='lat' dir='ltr'>illis</span> <span class='ocrx_word' id='word_1_224' title='bbox 966 3052 1008 3119; x_wconf 92' lang='lat' dir='ltr'>de</span> <span class='ocrx_word' id='word_1_225' title='bbox 1034 3052 1137 3120; x_wconf 86' lang='lat' dir='ltr'>silbis</span> <span class='ocrx_word' id='word_1_226' title='bbox 1160 3058 1281 3121; x_wconf 86' lang='lat' dir='ltr'>nostre</span> <span class='ocrx_word' id='word_1_227' title='bbox 1297 3054 1390 3140; x_wconf 93' lang='lat' dir='ltr'>quod</span> <span class='ocrx_word' id='word_1_228' title='bbox 1408 3054 1538 3122; x_wconf 91' lang='lat' dir='ltr'>ibidem</span> <span class='ocrx_word' id='word_1_229' title='bbox 1555 3057 1739 3142; x_wconf 90' lang='lat' dir='ltr'>habemus,</span> <span class='ocrx_word' id='word_1_230' title='bbox 1757 3055 1959 3141; x_wconf 81' lang='lat' dir='ltr'>lignamina</span> <span class='ocrx_word' id='word_1_231' title='bbox 1981 3057 2164 3126; x_wconf 88' lang='lat' dir='ltr'>abscidere</span> 
     </span>
     <span class='ocr_line' id='line_1_18' title="bbox 316 3187 2166 3294; baseline 0.003 -24"><span class='ocrx_word' id='word_1_232' title='bbox 316 3210 452 3291; x_wconf 89' lang='lat' dir='ltr'>quanta</span> <span class='ocrx_word' id='word_1_233' title='bbox 475 3187 654 3273; x_wconf 76' lang='lat' dir='ltr'>voluerint</span> <span class='ocrx_word' id='word_1_234' title='bbox 677 3223 741 3291; x_wconf 92' lang='lat' dir='ltr'>pro</span> <span class='ocrx_word' id='word_1_235' title='bbox 765 3207 845 3291; x_wconf 91' lang='lat' dir='ltr'>ipsa</span> <span class='ocrx_word' id='word_1_236' title='bbox 868 3205 1068 3273; x_wconf 91' lang='lat' dir='ltr'>clusamiua</span> <span class='ocrx_word' id='word_1_237' title='bbox 1092 3209 1129 3272; x_wconf 89' lang='lat' dir='ltr'>et</span> <span class='ocrx_word' id='word_1_238' title='bbox 1153 3223 1217 3291; x_wconf 87' lang='lat' dir='ltr'>pro</span> <span class='ocrx_word' id='word_1_239' title='bbox 1240 3206 1319 3293; x_wconf 91' lang='lat' dir='ltr'>ipsa</span> <span class='ocrx_word' id='word_1_240' title='bbox 1343 3207 1476 3293; x_wconf 82' lang='lat' dir='ltr'>vinea3</span> <span class='ocrx_word' id='word_1_241' title='bbox 1500 3207 1545 3274; x_wconf 92' lang='lat' dir='ltr'>ad</span> <span class='ocrx_word' id='word_1_242' title='bbox 1569 3208 1733 3294; x_wconf 90' lang='lat' dir='ltr'>completi</span> <span class='ocrx_word' id='word_1_243' title='bbox 1757 3212 1878 3276; x_wconf 89' lang='lat' dir='ltr'>autem</span> <span class='ocrx_word' id='word_1_244' title='bbox 1906 3207 1974 3294; x_wconf 91' lang='lat' dir='ltr'>ipsi</span> <span class='ocrx_word' id='word_1_245' title='bbox 2001 3209 2166 3278; x_wconf 85' lang='lat' dir='ltr'>tridecim</span> 
     </span>
     <span class='ocr_line' id='line_1_19' title="bbox 313 3358 2164 3452; baseline 0 -22"><span class='ocrx_word' id='word_1_246' title='bbox 313 3360 401 3430; x_wconf 90' lang='lat' dir='ltr'>anni</span> <span class='ocrx_word' id='word_1_247' title='bbox 428 3363 466 3428; x_wconf 92' lang='lat' dir='ltr'>in</span> <span class='ocrx_word' id='word_1_248' title='bbox 487 3365 562 3428; x_wconf 90' lang='lat' dir='ltr'>tota</span> <span class='ocrx_word' id='word_1_249' title='bbox 586 3361 664 3446; x_wconf 90' lang='lat' dir='ltr'>ipsa</span> <span class='ocrx_word' id='word_1_250' title='bbox 680 3363 784 3428; x_wconf 91' lang='lat' dir='ltr'>rebus</span> <span class='ocrx_word' id='word_1_251' title='bbox 807 3379 870 3446; x_wconf 92' lang='lat' dir='ltr'>per</span> <span class='ocrx_word' id='word_1_252' title='bbox 893 3359 1096 3446; x_wconf 86' lang='lat' dir='ltr'>supradicte</span> <span class='ocrx_word' id='word_1_253' title='bbox 1120 3358 1203 3427; x_wconf 86' lang='lat' dir='ltr'>tinis</span> <span class='ocrx_word' id='word_1_254' title='bbox 1222 3367 1257 3428; x_wconf 90' lang='lat' dir='ltr'>et</span> <span class='ocrx_word' id='word_1_255' title='bbox 1280 3361 1459 3427; x_wconf 85' lang='lat' dir='ltr'>mensurio</span> <span class='ocrx_word' id='word_1_256' title='bbox 1475 3362 1645 3447; x_wconf 90' lang='lat' dir='ltr'>habeant,</span> <span class='ocrx_word' id='word_1_257' title='bbox 1664 3361 1757 3429; x_wconf 90' lang='lat' dir='ltr'>sicut</span> <span class='ocrx_word' id='word_1_258' title='bbox 1772 3363 1946 3445; x_wconf 80' lang='lat' dir='ltr'>diximus,</span> <span class='ocrx_word' id='word_1_259' title='bbox 1965 3365 2164 3452; x_wconf 90' lang='lat' dir='ltr'>arbustum,</span> 
     </span>
     <span class='ocr_line' id='line_1_20' title="bbox 316 3511 2159 3601; baseline 0.001 -21"><span class='ocrx_word' id='word_1_260' title='bbox 316 3517 352 3580; x_wconf 91' lang='lat' dir='ltr'>et</span> <span class='ocrx_word' id='word_1_261' title='bbox 377 3514 494 3598; x_wconf 90' lang='lat' dir='ltr'>vinea,</span> <span class='ocrx_word' id='word_1_262' title='bbox 519 3517 555 3580; x_wconf 92' lang='lat' dir='ltr'>et</span> <span class='ocrx_word' id='word_1_263' title='bbox 571 3514 698 3598; x_wconf 75' lang='lat' dir='ltr'>pomiS,</span> <span class='ocrx_word' id='word_1_264' title='bbox 722 3517 758 3581; x_wconf 89' lang='lat' dir='ltr'>et</span> <span class='ocrx_word' id='word_1_265' title='bbox 782 3513 1003 3598; x_wconf 87' lang='lat' dir='ltr'>cannietum,</span> <span class='ocrx_word' id='word_1_266' title='bbox 1021 3517 1057 3578; x_wconf 90' lang='lat' dir='ltr'>et</span> <span class='ocrx_word' id='word_1_267' title='bbox 1073 3511 1259 3579; x_wconf 87' lang='lat' dir='ltr'>salicetum</span> <span class='ocrx_word' id='word_1_268' title='bbox 1276 3511 1424 3597; x_wconf 85' lang='lat' dir='ltr'>lactum,</span> <span class='ocrx_word' id='word_1_269' title='bbox 1442 3516 1477 3578; x_wconf 90' lang='lat' dir='ltr'>et</span> <span class='ocrx_word' id='word_1_270' title='bbox 1493 3517 1692 3598; x_wconf 89' lang='lat' dir='ltr'>operatum,</span> <span class='ocrx_word' id='word_1_271' title='bbox 1709 3517 1744 3580; x_wconf 95' lang='lat' dir='ltr'>et</span> <span class='ocrx_word' id='word_1_272' title='bbox 1760 3513 1947 3600; x_wconf 90' lang='lat' dir='ltr'>cultatum,</span> <span class='ocrx_word' id='word_1_273' title='bbox 1963 3519 1999 3581; x_wconf 92' lang='lat' dir='ltr'>et</span> <span class='ocrx_word' id='word_1_274' title='bbox 2010 3514 2159 3601; x_wconf 91' lang='lat' dir='ltr'>clusum,</span> 
     </span>
     <span class='ocr_line' id='line_1_21' title="bbox 313 3664 2163 3754; baseline 0.002 -23"><span class='ocrx_word' id='word_1_275' title='bbox 313 3667 405 3732; x_wconf 86' lang='lat' dir='ltr'>sicut</span> <span class='ocrx_word' id='word_1_276' title='bbox 427 3666 523 3733; x_wconf 92' lang='lat' dir='ltr'>locus</span> <span class='ocrx_word' id='word_1_277' title='bbox 548 3665 621 3751; x_wconf 92' lang='lat' dir='ltr'>ipse</span> <span class='ocrx_word' id='word_1_278' title='bbox 645 3669 698 3732; x_wconf 91' lang='lat' dir='ltr'>est</span> <span class='ocrx_word' id='word_1_279' title='bbox 720 3664 933 3732; x_wconf 86' lang='lat' dir='ltr'>consuetudo</span> <span class='ocrx_word' id='word_1_280' title='bbox 957 3668 992 3731; x_wconf 92' lang='lat' dir='ltr'>et</span> <span class='ocrx_word' id='word_1_281' title='bbox 1015 3665 1058 3730; x_wconf 91' lang='lat' dir='ltr'>de</span> <span class='ocrx_word' id='word_1_282' title='bbox 1081 3669 1200 3731; x_wconf 88' lang='lat' dir='ltr'>tantos</span> <span class='ocrx_word' id='word_1_283' title='bbox 1225 3681 1337 3729; x_wconf 88' lang='lat' dir='ltr'>annos</span> <span class='ocrx_word' id='word_1_284' title='bbox 1362 3665 1573 3750; x_wconf 86' lang='lat' dir='ltr'>meruerint,</span> <span class='ocrx_word' id='word_1_285' title='bbox 1601 3671 1639 3733; x_wconf 91' lang='lat' dir='ltr'>ut</span> <span class='ocrx_word' id='word_1_286' title='bbox 1667 3666 1757 3731; x_wconf 88' lang='lat' dir='ltr'>bene</span> <span class='ocrx_word' id='word_1_287' title='bbox 1790 3672 1917 3748; x_wconf 89' lang='lat' dir='ltr'>pareat</span> <span class='ocrx_word' id='word_1_288' title='bbox 1950 3666 2163 3754; x_wconf 91' lang='lat' dir='ltr'>lavoratum,</span> 
     </span>
     <span class='ocr_line' id='line_1_22' title="bbox 312 3816 2160 3904; baseline 0.001 -20"><span class='ocrx_word' id='word_1_289' title='bbox 312 3823 349 3884; x_wconf 87' lang='lat' dir='ltr'>et</span> <span class='ocrx_word' id='word_1_290' title='bbox 372 3817 575 3904; x_wconf 89' lang='lat' dir='ltr'>cultatum,</span> <span class='ocrx_word' id='word_1_291' title='bbox 600 3821 636 3885; x_wconf 92' lang='lat' dir='ltr'>et</span> <span class='ocrx_word' id='word_1_292' title='bbox 660 3817 825 3903; x_wconf 88' lang='lat' dir='ltr'>clusum,</span> <span class='ocrx_word' id='word_1_293' title='bbox 850 3823 885 3885; x_wconf 89' lang='grc'>61</span> <span class='ocrx_word' id='word_1_294' title='bbox 909 3818 955 3884; x_wconf 92' lang='lat' dir='ltr'>da</span> <span class='ocrx_word' id='word_1_295' title='bbox 979 3818 1056 3904; x_wconf 89' lang='lat' dir='ltr'>ipso</span> <span class='ocrx_word' id='word_1_296' title='bbox 1079 3816 1311 3884; x_wconf 90' lang='lat' dir='ltr'>constitutum</span> <span class='ocrx_word' id='word_1_297' title='bbox 1337 3817 1374 3883; x_wconf 92' lang='lat' dir='ltr'>in</span> <span class='ocrx_word' id='word_1_298' title='bbox 1398 3824 1506 3886; x_wconf 89' lang='lat' dir='ltr'>antea</span> <span class='ocrx_word' id='word_1_299' title='bbox 1528 3821 1626 3885; x_wconf 90' lang='lat' dir='ltr'>omni</span> <span class='ocrx_word' id='word_1_300' title='bbox 1660 3823 1817 3904; x_wconf 90' lang='lat' dir='ltr'>tempore</span> <span class='ocrx_word' id='word_1_301' title='bbox 1842 3819 1914 3886; x_wconf 90' lang='lat' dir='ltr'>illis</span> <span class='ocrx_word' id='word_1_302' title='bbox 1945 3826 1981 3886; x_wconf 88' lang='lat' dir='ltr'>et</span> <span class='ocrx_word' id='word_1_303' title='bbox 2017 3819 2160 3886; x_wconf 91' lang='lat' dir='ltr'>illorum</span> 
     </span>
     <span class='ocr_line' id='line_1_23' title="bbox 313 3969 2161 4060; baseline 0.003 -24"><span class='ocrx_word' id='word_1_304' title='bbox 313 3971 529 4058; x_wconf 88' lang='lat' dir='ltr'>heredibus,</span> <span class='ocrx_word' id='word_1_305' title='bbox 555 3973 608 4038; x_wconf 93' lang='lat' dir='ltr'>vel</span> <span class='ocrx_word' id='word_1_306' title='bbox 632 3973 811 4039; x_wconf 88' lang='lat' dir='ltr'>hominem</span> <span class='ocrx_word' id='word_1_307' title='bbox 836 3970 939 4037; x_wconf 90' lang='lat' dir='ltr'>illum</span> <span class='ocrx_word' id='word_1_308' title='bbox 963 3971 1054 4056; x_wconf 89' lang='lat' dir='ltr'>quod</span> <span class='ocrx_word' id='word_1_309' title='bbox 1080 3969 1151 4037; x_wconf 91' lang='lat' dir='ltr'>illis</span> <span class='ocrx_word' id='word_1_310' title='bbox 1175 3969 1306 4039; x_wconf 90' lang='lat' dir='ltr'>ibidem</span> <span class='ocrx_word' id='word_1_311' title='bbox 1330 3970 1494 4038; x_wconf 89' lang='lat' dir='ltr'>miserint</span> <span class='ocrx_word' id='word_1_312' title='bbox 1517 3976 1552 4038; x_wconf 91' lang='lat' dir='ltr'>et</span> <span class='ocrx_word' id='word_1_313' title='bbox 1577 3972 1654 4039; x_wconf 88' lang='lat' dir='ltr'>eius</span> <span class='ocrx_word' id='word_1_314' title='bbox 1680 3973 1853 4058; x_wconf 74' lang='lat' dir='ltr'>heredeS,</span> <span class='ocrx_word' id='word_1_315' title='bbox 1880 3973 1918 4038; x_wconf 90' lang='lat' dir='ltr'>in</span> <span class='ocrx_word' id='word_1_316' title='bbox 1944 3976 2021 4060; x_wconf 89' lang='lat' dir='ltr'>ipsa</span> <span class='ocrx_word' id='word_1_317' title='bbox 2056 3977 2161 4042; x_wconf 90' lang='lat' dir='ltr'>rebus</span> 
     </span>
     <span class='ocr_line' id='line_1_24' title="bbox 312 4124 2158 4211; baseline 0.003 -24"><span class='ocrx_word' id='word_1_318' title='bbox 312 4125 469 4191; x_wconf 87' lang='lat' dir='ltr'>residere</span> <span class='ocrx_word' id='word_1_319' title='bbox 493 4131 529 4192; x_wconf 85' lang='lat' dir='ltr'>et</span> <span class='ocrx_word' id='word_1_320' title='bbox 552 4127 745 4210; x_wconf 89' lang='lat' dir='ltr'>habitare,</span> <span class='ocrx_word' id='word_1_321' title='bbox 770 4129 807 4190; x_wconf 88' lang='lat' dir='ltr'>et</span> <span class='ocrx_word' id='word_1_322' title='bbox 830 4144 892 4190; x_wconf 85' lang='lat' dir='ltr'>sue</span> <span class='ocrx_word' id='word_1_323' title='bbox 918 4124 1086 4192; x_wconf 89' lang='lat' dir='ltr'>utilitatis</span> <span class='ocrx_word' id='word_1_324' title='bbox 1111 4124 1240 4190; x_wconf 89' lang='lat' dir='ltr'>ibidem</span> <span class='ocrx_word' id='word_1_325' title='bbox 1265 4125 1395 4210; x_wconf 82' lang='lat' dir='ltr'>iacere,</span> <span class='ocrx_word' id='word_1_326' title='bbox 1420 4129 1455 4190; x_wconf 89' lang='lat' dir='ltr'>et</span> <span class='ocrx_word' id='word_1_327' title='bbox 1483 4127 1588 4191; x_wconf 90' lang='lat' dir='ltr'>rebus</span> <span class='ocrx_word' id='word_1_328' title='bbox 1620 4127 1699 4211; x_wconf 92' lang='lat' dir='ltr'>ipsa</span> <span class='ocrx_word' id='word_1_329' title='bbox 1731 4127 1937 4192; x_wconf 85' lang='lat' dir='ltr'>annualiter</span> <span class='ocrx_word' id='word_1_330' title='bbox 1968 4132 2047 4193; x_wconf 91' lang='lat' dir='ltr'>acto</span> <span class='ocrx_word' id='word_1_331' title='bbox 2072 4133 2158 4193; x_wconf 90' lang='lat' dir='ltr'>tem-</span> 
     </span>
     <span class='ocr_line' id='line_1_25' title="bbox 311 4277 2158 4365; baseline 0.001 -21"><span class='ocrx_word' id='word_1_332' title='bbox 311 4296 395 4364; x_wconf 93' lang='lat' dir='ltr'>pore</span> <span class='ocrx_word' id='word_1_333' title='bbox 420 4279 587 4346; x_wconf 86' lang='lat' dir='ltr'>lavorare</span> <span class='ocrx_word' id='word_1_334' title='bbox 611 4283 646 4346; x_wconf 91' lang='lat' dir='ltr'>et</span> <span class='ocrx_word' id='word_1_335' title='bbox 670 4279 807 4348; x_wconf 90' lang='lat' dir='ltr'>cultare</span> <span class='ocrx_word' id='word_1_336' title='bbox 831 4280 873 4346; x_wconf 88' lang='lat' dir='ltr'>de</span> <span class='ocrx_word' id='word_1_337' title='bbox 898 4297 1003 4365; x_wconf 91' lang='lat' dir='ltr'>super</span> <span class='ocrx_word' id='word_1_338' title='bbox 1026 4284 1061 4346; x_wconf 89' lang='lat' dir='ltr'>et</span> <span class='ocrx_word' id='word_1_339' title='bbox 1084 4278 1126 4346; x_wconf 90' lang='lat' dir='ltr'>de</span> <span class='ocrx_word' id='word_1_340' title='bbox 1150 4283 1265 4365; x_wconf 85' lang='lat' dir='ltr'>supto,</span> <span class='ocrx_word' id='word_1_341' title='bbox 1291 4279 1385 4345; x_wconf 88' lang='lat' dir='ltr'>sicut</span> <span class='ocrx_word' id='word_1_342' title='bbox 1414 4277 1640 4363; x_wconf 90' lang='lat' dir='ltr'>meruerint,</span> <span class='ocrx_word' id='word_1_343' title='bbox 1664 4281 1700 4344; x_wconf 89' lang='lat' dir='ltr'>et</span> <span class='ocrx_word' id='word_1_344' title='bbox 1729 4296 1791 4362; x_wconf 91' lang='lat' dir='ltr'>per</span> <span class='ocrx_word' id='word_1_345' title='bbox 1822 4288 1977 4364; x_wconf 90' lang='lat' dir='ltr'>tempore</span> <span class='ocrx_word' id='word_1_346' title='bbox 2009 4281 2051 4347; x_wconf 90' lang='lat' dir='ltr'>de</span> <span class='ocrx_word' id='word_1_347' title='bbox 2082 4283 2158 4347; x_wconf 94' lang='lat' dir='ltr'>vin-</span> 
     </span>
     <span class='ocr_line' id='line_1_26' title="bbox 311 4429 2155 4520; baseline 0.002 -23"><span class='ocrx_word' id='word_1_348' title='bbox 311 4431 426 4499; x_wconf 88' lang='lat' dir='ltr'>demie</span> <span class='ocrx_word' id='word_1_349' title='bbox 450 4431 493 4498; x_wconf 92' lang='lat' dir='ltr'>de</span> <span class='ocrx_word' id='word_1_350' title='bbox 517 4433 592 4518; x_wconf 91' lang='lat' dir='ltr'>ipso</span> <span class='ocrx_word' id='word_1_351' title='bbox 617 4432 699 4498; x_wconf 90' lang='lat' dir='ltr'>vino</span> <span class='ocrx_word' id='word_1_352' title='bbox 723 4434 759 4497; x_wconf 90' lang='lat' dir='ltr'>et</span> <span class='ocrx_word' id='word_1_353' title='bbox 776 4448 879 4516; x_wconf 90' lang='lat' dir='ltr'>poma</span> <span class='ocrx_word' id='word_1_354' title='bbox 894 4433 930 4496; x_wconf 91' lang='lat' dir='ltr'>et</span> <span class='ocrx_word' id='word_1_355' title='bbox 945 4431 987 4496; x_wconf 90' lang='lat' dir='ltr'>dc</span> <span class='ocrx_word' id='word_1_356' title='bbox 1004 4430 1095 4515; x_wconf 90' lang='lat' dir='ltr'>quod</span> <span class='ocrx_word' id='word_1_357' title='bbox 1111 4429 1244 4496; x_wconf 87' lang='lat' dir='ltr'>ibidem</span> <span class='ocrx_word' id='word_1_358' title='bbox 1262 4430 1532 4516; x_wconf 89' lang='lat' dir='ltr'>seminaverint,</span> <span class='ocrx_word' id='word_1_359' title='bbox 1550 4429 1757 4498; x_wconf 87' lang='lat' dir='ltr'>annualiter</span> <span class='ocrx_word' id='word_1_360' title='bbox 1774 4433 1893 4500; x_wconf 91' lang='lat' dir='ltr'>omnia</span> <span class='ocrx_word' id='word_1_361' title='bbox 1910 4433 1998 4500; x_wconf 92' lang='lat' dir='ltr'>mihi</span> <span class='ocrx_word' id='word_1_362' title='bbox 2014 4435 2155 4520; x_wconf 88' lang='lat' dir='ltr'>meique</span> 
     </span>
     <span class='ocr_line' id='line_1_27' title="bbox 310 4581 2162 4671; baseline 0.001 -19"><span class='ocrx_word' id='word_1_363' title='bbox 310 4585 500 4653; x_wconf 89' lang='lat' dir='ltr'>heredibus</span> <span class='ocrx_word' id='word_1_364' title='bbox 525 4585 735 4670; x_wconf 90' lang='lat' dir='ltr'>complirent</span> <span class='ocrx_word' id='word_1_365' title='bbox 759 4603 821 4671; x_wconf 90' lang='lat' dir='ltr'>per</span> <span class='ocrx_word' id='word_1_366' title='bbox 846 4584 908 4650; x_wconf 91' lang='lat' dir='ltr'>illo</span> <span class='ocrx_word' id='word_1_367' title='bbox 931 4583 1082 4652; x_wconf 86' lang='lat' dir='ltr'>hordine</span> <span class='ocrx_word' id='word_1_368' title='bbox 1105 4589 1140 4650; x_wconf 91' lang='grc'>61</span> <span class='ocrx_word' id='word_1_369' title='bbox 1164 4584 1314 4668; x_wconf 89' lang='lat' dir='ltr'>ratione,</span> <span class='ocrx_word' id='word_1_370' title='bbox 1339 4581 1432 4648; x_wconf 88' lang='lat' dir='ltr'>sicut</span> <span class='ocrx_word' id='word_1_371' title='bbox 1454 4582 1618 4668; x_wconf 88' lang='lat' dir='ltr'>superius</span> <span class='ocrx_word' id='word_1_372' title='bbox 1643 4581 1818 4668; x_wconf 80' lang='lat' dir='ltr'>diximus,</span> <span class='ocrx_word' id='word_1_373' title='bbox 1843 4585 1937 4652; x_wconf 90' lang='lat' dir='ltr'>etde</span> <span class='ocrx_word' id='word_1_374' title='bbox 1964 4584 2040 4670; x_wconf 91' lang='lat' dir='ltr'>ipso</span> <span class='ocrx_word' id='word_1_375' title='bbox 2056 4587 2162 4654; x_wconf 88' lang='lat' dir='ltr'>misso</span> 
     </span>
     <span class='ocr_line' id='line_1_28' title="bbox 312 4736 2157 4825; baseline 0.001 -20"><span class='ocrx_word' id='word_1_376' title='bbox 312 4739 491 4824; x_wconf 86' lang='lat' dir='ltr'>similiter,</span> <span class='ocrx_word' id='word_1_377' title='bbox 517 4739 610 4805; x_wconf 89' lang='lat' dir='ltr'>sicut</span> <span class='ocrx_word' id='word_1_378' title='bbox 633 4737 880 4825; x_wconf 86' lang='lat' dir='ltr'>supradictum</span> <span class='ocrx_word' id='word_1_379' title='bbox 904 4743 967 4806; x_wconf 88' lang='lat' dir='ltr'>est.</span> <span class='ocrx_word' id='word_1_380' title='bbox 994 4744 1127 4825; x_wconf 87' lang='lat' dir='ltr'>preter,</span> <span class='ocrx_word' id='word_1_381' title='bbox 1151 4739 1181 4804; x_wconf 88' lang='lat' dir='ltr'>si</span> <span class='ocrx_word' id='word_1_382' title='bbox 1206 4736 1262 4820; x_wconf 88' lang='lat' dir='ltr'>da</span> <span class='ocrx_word' id='word_1_383' title='bbox 1277 4736 1352 4823; x_wconf 89' lang='lat' dir='ltr'>ipso</span> <span class='ocrx_word' id='word_1_384' title='bbox 1376 4737 1606 4804; x_wconf 91' lang='lat' dir='ltr'>constitutum</span> <span class='ocrx_word' id='word_1_385' title='bbox 1633 4738 1670 4802; x_wconf 90' lang='lat' dir='ltr'>in</span> <span class='ocrx_word' id='word_1_386' title='bbox 1688 4743 1795 4806; x_wconf 90' lang='lat' dir='ltr'>antea</span> <span class='ocrx_word' id='word_1_387' title='bbox 1813 4741 1918 4806; x_wconf 88' lang='lat' dir='ltr'>rebus</span> <span class='ocrx_word' id='word_1_388' title='bbox 1941 4739 2020 4824; x_wconf 91' lang='lat' dir='ltr'>ipsa</span> <span class='ocrx_word' id='word_1_389' title='bbox 2035 4744 2157 4808; x_wconf 87' lang='lat' dir='ltr'>tenere</span> 
     </span>
     <span class='ocr_line' id='line_1_29' title="bbox 311 4888 2156 4976; baseline 0.003 -22"><span class='ocrx_word' id='word_1_390' title='bbox 311 4894 346 4955; x_wconf 90' lang='lat' dir='ltr'>et</span> <span class='ocrx_word' id='word_1_391' title='bbox 374 4888 533 4957; x_wconf 91' lang='lat' dir='ltr'>lavorare</span> <span class='ocrx_word' id='word_1_392' title='bbox 556 4891 739 4955; x_wconf 87' lang='lat' dir='ltr'>noluerint</span> <span class='ocrx_word' id='word_1_393' title='bbox 763 4909 825 4974; x_wconf 89' lang='lat' dir='ltr'>per</span> <span class='ocrx_word' id='word_1_394' title='bbox 850 4889 910 4954; x_wconf 92' lang='lat' dir='ltr'>illo</span> <span class='ocrx_word' id='word_1_395' title='bbox 935 4889 1082 4956; x_wconf 91' lang='lat' dir='ltr'>hordine</span> <span class='ocrx_word' id='word_1_396' title='bbox 1107 4897 1143 4957; x_wconf 90' lang='lat' dir='ltr'>et</span> <span class='ocrx_word' id='word_1_397' title='bbox 1168 4893 1368 4973; x_wconf 90' lang='lat' dir='ltr'>rationem,</span> <span class='ocrx_word' id='word_1_398' title='bbox 1393 4889 1486 4956; x_wconf 91' lang='lat' dir='ltr'>sicut</span> <span class='ocrx_word' id='word_1_399' title='bbox 1509 4889 1672 4974; x_wconf 90' lang='lat' dir='ltr'>superius</span> <span class='ocrx_word' id='word_1_400' title='bbox 1698 4891 1853 4976; x_wconf 78' lang='lat' dir='ltr'>legitur,</span> <span class='ocrx_word' id='word_1_401' title='bbox 1886 4892 2049 4959; x_wconf 89' lang='lat' dir='ltr'>inclitum</span> <span class='ocrx_word' id='word_1_402' title='bbox 2073 4891 2156 4960; x_wconf 89' lang='lat' dir='ltr'>illut</span> 
     </span>
     <span class='ocr_line' id='line_1_30' title="bbox 314 5039 2154 5127; baseline 0.003 -21"><span class='ocrx_word' id='word_1_403' title='bbox 314 5045 472 5108; x_wconf 77' lang='lat' dir='ltr'>revertas</span> <span class='ocrx_word' id='word_1_404' title='bbox 496 5040 540 5108; x_wconf 92' lang='lat' dir='ltr'>ad</span> <span class='ocrx_word' id='word_1_405' title='bbox 565 5045 737 5126; x_wconf 86' lang='lat' dir='ltr'>potestate</span> <span class='ocrx_word' id='word_1_406' title='bbox 761 5060 840 5108; x_wconf 90' lang='lat' dir='ltr'>mea</span> <span class='ocrx_word' id='word_1_407' title='bbox 863 5039 917 5106; x_wconf 92' lang='lat' dir='ltr'>vel</span> <span class='ocrx_word' id='word_1_408' title='bbox 941 5041 983 5106; x_wconf 91' lang='lat' dir='ltr'>de</span> <span class='ocrx_word' id='word_1_409' title='bbox 1007 5040 1096 5106; x_wconf 89' lang='lat' dir='ltr'>meis</span> <span class='ocrx_word' id='word_1_410' title='bbox 1120 5039 1336 5127; x_wconf 73' lang='lat' dir='ltr'>heredibus,</span> <span class='ocrx_word' id='word_1_411' title='bbox 1369 5042 1459 5108; x_wconf 88' lang='lat' dir='ltr'>etsi</span> <span class='ocrx_word' id='word_1_412' title='bbox 1483 5041 1525 5108; x_wconf 90' lang='lat' dir='ltr'>de</span> <span class='ocrx_word' id='word_1_413' title='bbox 1548 5061 1589 5110; x_wconf 90' lang='lat' dir='ltr'>ac</span> <span class='ocrx_word' id='word_1_414' title='bbox 1613 5047 1712 5110; x_wconf 90' lang='lat' dir='ltr'>terra</span> <span class='ocrx_word' id='word_1_415' title='bbox 1735 5042 1991 5112; x_wconf 89' lang='lat' dir='ltr'>salernitanam</span> <span class='ocrx_word' id='word_1_416' title='bbox 2022 5047 2154 5114; x_wconf 87' lang='lat' dir='ltr'>exierit</span> 
     </span>
     <span class='ocr_line' id='line_1_31' title="bbox 310 5192 2159 5284; baseline 0.001 -20"><span class='ocrx_word' id='word_1_417' title='bbox 310 5198 436 5264; x_wconf 90' lang='lat' dir='ltr'>aliiubi</span> <span class='ocrx_word' id='word_1_418' title='bbox 462 5196 505 5264; x_wconf 91' lang='lat' dir='ltr'>ad</span> <span class='ocrx_word' id='word_1_419' title='bbox 531 5197 768 5266; x_wconf 90' lang='lat' dir='ltr'>habitandum</span> <span class='ocrx_word' id='word_1_420' title='bbox 796 5194 1010 5282; x_wconf 80' lang='lat' dir='ltr'>perrexerit,</span> <span class='ocrx_word' id='word_1_421' title='bbox 1036 5192 1160 5262; x_wconf 89' lang='lat' dir='ltr'>inclita</span> <span class='ocrx_word' id='word_1_422' title='bbox 1184 5197 1289 5261; x_wconf 89' lang='lat' dir='ltr'>rebus</span> <span class='ocrx_word' id='word_1_423' title='bbox 1312 5195 1389 5280; x_wconf 88' lang='lat' dir='ltr'>ipsa</span> <span class='ocrx_word' id='word_1_424' title='bbox 1412 5197 1457 5263; x_wconf 91' lang='lat' dir='ltr'>ad</span> <span class='ocrx_word' id='word_1_425' title='bbox 1481 5201 1603 5264; x_wconf 90' lang='lat' dir='ltr'>nostra</span> <span class='ocrx_word' id='word_1_426' title='bbox 1636 5201 1794 5264; x_wconf 92' lang='lat' dir='ltr'>revertas</span> <span class='ocrx_word' id='word_1_427' title='bbox 1817 5200 2045 5284; x_wconf 76' lang='lat' dir='ltr'>potestatem,</span> <span class='ocrx_word' id='word_1_428' title='bbox 2069 5202 2105 5266; x_wconf 92' lang='lat' dir='ltr'>et</span> <span class='ocrx_word' id='word_1_429' title='bbox 2129 5199 2159 5265; x_wconf 91' lang='lat' dir='ltr'>si</span> 
     </span>
     <span class='ocr_line' id='line_1_32' title="bbox 311 5329 2153 5436; baseline 0.003 -22"><span class='ocrx_word' id='word_1_430' title='bbox 311 5347 407 5414; x_wconf 85' lang='lat' dir='ltr'>inira</span> <span class='ocrx_word' id='word_1_431' title='bbox 432 5348 548 5414; x_wconf 92' lang='lat' dir='ltr'>tribus</span> <span class='ocrx_word' id='word_1_432' title='bbox 574 5346 661 5415; x_wconf 88' lang='lat' dir='ltr'>anni</span> <span class='ocrx_word' id='word_1_433' title='bbox 687 5346 757 5412; x_wconf 90' lang='lat' dir='ltr'>illis</span> <span class='ocrx_word' id='word_1_434' title='bbox 779 5347 834 5414; x_wconf 92' lang='lat' dir='ltr'>vel</span> <span class='ocrx_word' id='word_1_435' title='bbox 858 5347 998 5412; x_wconf 89' lang='lat' dir='ltr'>illorum</span> <span class='ocrx_word' id='word_1_436' title='bbox 1024 5347 1212 5413; x_wconf 89' lang='lat' dir='ltr'>heredibus</span> <span class='ocrx_word' id='word_1_437' title='bbox 1242 5347 1301 5413; x_wconf 93' lang='lat' dir='ltr'>hic</span> <span class='ocrx_word' id='word_1_438' title='bbox 1325 5345 1459 5413; x_wconf 91' lang='lat' dir='ltr'>reversi</span> <span class='ocrx_word' id='word_1_439' title='bbox 1483 5346 1617 5414; x_wconf 86' lang='lat' dir='ltr'>fuerint</span> <span class='ocrx_word' id='word_1_440' title='bbox 1641 5349 1686 5416; x_wconf 89' lang='lat' dir='ltr'>ad</span> <span class='ocrx_word' id='word_1_441' title='bbox 1704 5329 1958 5436; x_wconf 85' lang='lat' dir='ltr'>habitandum,</span> <span class='ocrx_word' id='word_1_442' title='bbox 1983 5359 2019 5419; x_wconf 90' lang='lat' dir='ltr'>et</span> <span class='ocrx_word' id='word_1_443' title='bbox 2047 5353 2153 5420; x_wconf 92' lang='lat' dir='ltr'>rebus</span> 
     </span>
     <span class='ocr_line' id='line_1_33' title="bbox 310 5499 2149 5596; baseline 0.005 -32"><span class='ocrx_word' id='word_1_444' title='bbox 310 5500 388 5586; x_wconf 92' lang='lat' dir='ltr'>ipsa</span> <span class='ocrx_word' id='word_1_445' title='bbox 411 5507 533 5569; x_wconf 91' lang='lat' dir='ltr'>tenere</span> <span class='ocrx_word' id='word_1_446' title='bbox 559 5501 737 5596; x_wconf 91' lang='lat' dir='ltr'>voluerint</span> <span class='ocrx_word' id='word_1_447' title='bbox 760 5500 797 5567; x_wconf 92' lang='lat' dir='ltr'>in</span> <span class='ocrx_word' id='word_1_448' title='bbox 822 5499 1017 5586; x_wconf 87' lang='lat' dir='ltr'>predictam</span> <span class='ocrx_word' id='word_1_449' title='bbox 1042 5499 1229 5585; x_wconf 88' lang='lat' dir='ltr'>rationem,</span> <span class='ocrx_word' id='word_1_450' title='bbox 1247 5499 1410 5569; x_wconf 92' lang='lat' dir='ltr'>inclitum</span> <span class='ocrx_word' id='word_1_451' title='bbox 1429 5500 1509 5568; x_wconf 91' lang='lat' dir='ltr'>illut</span> <span class='ocrx_word' id='word_1_452' title='bbox 1526 5509 1686 5571; x_wconf 88' lang='lat' dir='ltr'>revertas</span> <span class='ocrx_word' id='word_1_453' title='bbox 1702 5505 1746 5572; x_wconf 88' lang='lat' dir='ltr'>ad</span> <span class='ocrx_word' id='word_1_454' title='bbox 1764 5505 1904 5572; x_wconf 89' lang='lat' dir='ltr'>illorum</span> <span class='ocrx_word' id='word_1_455' title='bbox 1927 5509 2149 5590; x_wconf 89' lang='lat' dir='ltr'>potestatem:</span> 
     </span>
     <span class='ocr_line' id='line_1_34' title="bbox 309 5627 2155 5747; baseline 0.005 -27"><span class='ocrx_word' id='word_1_456' title='bbox 309 5660 439 5740; x_wconf 86' lang='lat' dir='ltr'>preter,</span> <span class='ocrx_word' id='word_1_457' title='bbox 466 5657 496 5722; x_wconf 90' lang='lat' dir='ltr'>si</span> <span class='ocrx_word' id='word_1_458' title='bbox 521 5655 598 5741; x_wconf 90' lang='lat' dir='ltr'>ipso</span> <span class='ocrx_word' id='word_1_459' title='bbox 622 5671 715 5722; x_wconf 92' lang='lat' dir='ltr'>anno</span> <span class='ocrx_word' id='word_1_460' title='bbox 740 5653 831 5738; x_wconf 92' lang='lat' dir='ltr'>quod</span> <span class='ocrx_word' id='word_1_461' title='bbox 848 5651 978 5719; x_wconf 90' lang='lat' dir='ltr'>reversi</span> <span class='ocrx_word' id='word_1_462' title='bbox 995 5651 1143 5738; x_wconf 86' lang='lat' dir='ltr'>luerint,</span> <span class='ocrx_word' id='word_1_463' title='bbox 1162 5654 1265 5720; x_wconf 90' lang='lat' dir='ltr'>rebus</span> <span class='ocrx_word' id='word_1_464' title='bbox 1283 5656 1360 5740; x_wconf 92' lang='lat' dir='ltr'>ipsa</span> <span class='ocrx_word' id='word_1_465' title='bbox 1378 5627 1705 5745; x_wconf 84' lang='lat' dir='ltr'>lavorataiueriut,</span> <span class='ocrx_word' id='word_1_466' title='bbox 1722 5659 1848 5728; x_wconf 88' lang='lat' dir='ltr'>liceret</span> <span class='ocrx_word' id='word_1_467' title='bbox 1871 5679 1934 5728; x_wconf 88' lang='lat' dir='ltr'>nos</span> <span class='ocrx_word' id='word_1_468' title='bbox 1958 5662 2035 5747; x_wconf 91' lang='lat' dir='ltr'>ipso</span> <span class='ocrx_word' id='word_1_469' title='bbox 2059 5679 2155 5730; x_wconf 89' lang='lat' dir='ltr'>anno</span> 
     </span>
    </p>
   </div>
   <div class='ocr_carea' id='block_1_6' title="bbox 308 5805 2157 5898">
    <p class='ocr_par' dir='ltr' id='par_1_6' title="bbox 308 5805 2157 5898">
     <span class='ocr_line' id='line_1_35' title="bbox 308 5805 2157 5898; baseline 0.005 -24"><span class='ocrx_word' id='word_1_470' title='bbox 308 5805 450 5876; x_wconf 90' lang='lat' dir='ltr'>tolleret</span> <span class='ocrx_word' id='word_1_471' title='bbox 474 5807 556 5875; x_wconf 88' lang='lat' dir='ltr'>inde</span> <span class='ocrx_word' id='word_1_472' title='bbox 580 5808 655 5893; x_wconf 85' lang='lat' dir='ltr'>ipso</span> <span class='ocrx_word' id='word_1_473' title='bbox 678 5806 807 5892; x_wconf 83' lang='lat' dir='ltr'>irudib,</span> <span class='ocrx_word' id='word_1_474' title='bbox 825 5811 859 5874; x_wconf 91' lang='lat' dir='ltr'>et</span> <span class='ocrx_word' id='word_1_475' title='bbox 876 5805 926 5872; x_wconf 91' lang='lat' dir='ltr'>sic</span> <span class='ocrx_word' id='word_1_476' title='bbox 952 5805 1056 5872; x_wconf 89' lang='lat' dir='ltr'>rebus</span> <span class='ocrx_word' id='word_1_477' title='bbox 1082 5805 1159 5890; x_wconf 90' lang='lat' dir='ltr'>ipsa</span> <span class='ocrx_word' id='word_1_478' title='bbox 1177 5808 1221 5874; x_wconf 91' lang='lat' dir='ltr'>ad</span> <span class='ocrx_word' id='word_1_479' title='bbox 1239 5809 1379 5876; x_wconf 93' lang='lat' dir='ltr'>illorum</span> <span class='ocrx_word' id='word_1_480' title='bbox 1404 5815 1561 5880; x_wconf 90' lang='lat' dir='ltr'>revertas</span> <span class='ocrx_word' id='word_1_481' title='bbox 1586 5815 1806 5898; x_wconf 89' lang='lat' dir='ltr'>potestatem,</span> <span class='ocrx_word' id='word_1_482' title='bbox 1832 5814 1877 5880; x_wconf 90' lang='lat' dir='ltr'>ad</span> <span class='ocrx_word' id='word_1_483' title='bbox 1901 5815 2095 5883; x_wconf 88' lang='lat' dir='ltr'>tenendum</span> <span class='ocrx_word' id='word_1_484' title='bbox 2121 5821 2157 5884; x_wconf 90' lang='lat' dir='ltr'>et</span> 
     </span>
    </p>
   </div>
   <div class='ocr_carea' id='block_1_7' title="bbox 539 5951 2008 6024">
    <p class='ocr_par' dir='ltr' id='par_1_7' title="bbox 539 5951 2008 6024">
     <span class='ocr_line' id='line_1_36' title="bbox 539 5951 2008 6024; baseline -0.007 -10"><span class='ocrx_word' id='word_1_485' title='bbox 539 5963 605 6018; x_wconf 81' lang='lat' dir='ltr'>lou.</span> <span class='ocrx_word' id='word_1_486' title='bbox 629 5979 652 6014; x_wconf 83' lang='lat' dir='ltr'>r.</span> <span class='ocrx_word' id='word_1_487' title='bbox 1567 5951 1570 5958; x_wconf 79' lang='grc'><strong>’</strong></span> <span class='ocrx_word' id='word_1_488' title='bbox 1975 5967 2008 6024; x_wconf 66' lang='lat' dir='ltr'>pq</span> 
     </span>
    </p>
   </div>
   <div class='ocr_carea' id='block_1_8' title="bbox 0 0 2716 7097">
    <p class='ocr_par' dir='ltr' id='par_1_8' title="bbox 0 0 2716 7097">
     <span class='ocr_line' id='line_1_37' title="bbox 0 0 2716 7097; baseline 0 0"><span class='ocrx_word' id='word_1_489' title='bbox 0 0 2716 7097; x_wconf 95' lang='lat' dir='ltr'> </span> 
     </span>
    </p>
   </div>
  </div>
 </body>
</html>
