5422 7102
1035 509 1431 585 ulutounutous
2034 517 2106 591 205

309 739 384 825 ipse
406 735 628 822 guaimarius
651 733 801 803 tradidit
817 735 914 804 ,mihi
938 741 1111 822 quantum
1135 733 1217 804 inde
1241 739 1395 822 pertinet
1424 757 1562 825 gemme
1596 757 1715 808 sorore
1739 760 1817 828 sua,
1854 741 1916 828 qui
1948 743 2022 810 suit
2058 759 2152 810 uxor

309 888 422 976 ipsius
444 888 614 976 guaitam,
632 889 669 956 et
692 885 767 973 ipso
791 887 899 955 abbas
923 886 1072 956 tradidit
1095 889 1182 955 mihi
1206 893 1379 974 quantum
1397 891 1478 959 inde
1496 891 1650 978 pertinet
1668 892 1706 959 in
1723 893 1798 978 ipso
1814 894 2040 962 monasterio:
2070 897 2154 962 tan·

319 1047 395 1111 tum
420 1040 501 1110 inde
524 1047 646 1129 sceptu
668 1044 872 1112 habuerunt
895 1041 976 1110 illut
998 1041 1041 1109 de
1065 1042 1208 1130 lectore,
1233 1047 1269 1110 et
1292 1041 1374 1111 illut
1397 1043 1440 1112 de
1464 1045 1583 1130 stabi,
1606 1048 1643 1112 ct
1668 1045 1746 1130 ipsa
1769 1046 1911 1133 susara,
1935 1050 1971 1114 et
1993 1045 2150 1114 sortione

315 1198 357 1266 de
381 1198 456 1282 ipso
479 1191 695 1263 monasterio
716 1193 760 1262 de
783 1193 864 1262 illut
886 1193 928 1262 de
952 1193 1028 1280 ipso
1053 1193 1166 1260 locum
1190 1193 1317 1279 sorma3
1334 1211 1418 1261 narn
1436 1191 1497 1260 illo
1513 1192 1604 1262 aliut
1617 1197 1852 1281 totum,sicut
1867 1195 2038 1282 diximus,
2057 1195 2147 1262 milri

313 1346 541 1419 tradiderunt
562 1347 637 1432 ipse
660 1343 884 1432 guaimarius
907 1362 980 1431 pro·
994 1344 1070 1410 vice
1095 1343 1205 1429 ipsius
1229 1364 1366 1432 gemme
1390 1363 1510 1414 sorore
1530 1365 1611 1432 sua,
1635 1351 1671 1414 et
1689 1347 1763 1434 ipse
1780 1349 1890 1416 abbas
1910 1365 1973 1434 pro
1990 1347 2066 1433 ipso
2083 1365 2158 1413 mo-

313 1499 485 1586 nasterio,
501 1497 540 1564 in
555 1496 621 1565 tali
638 1496 774 1583 ordine,
792 1499 831 1563 ut
843 1512 908 1582 ego
924 1495 978 1563 rel
998 1513 1093 1562 meos
1108 1495 1229 1564 eredes
1244 1499 1280 1562 ct
1297 1495 1446 1582 omines
1464 1515 1567 1583 quern
1585 1515 1650 1584 ogo
1666 1495 1806 1583 misem,
1824 1501 2033 1583 potestatem
2049 1499 2157 1565 abea-

313 1671 391 1722 mus
414 1670 455 1720 oc
477 1669 612 1720 annum
636 1650 679 1718 de
703 1653 779 1717 tota
802 1649 915 1715 omnis
938 1646 1181 1733 suprascripta
1205 1649 1309 1714 rebus
1332 1666 1401 1734 quc
1417 1647 1504 1715 mihi
1528 1648 1765 1734 tradiderunt,
1790 1649 1950 1716 adunare
1975 1647 2153 1716 attollere

313 1800 426 1871 omnis
449 1799 620 1886 trudium,
644 1803 817 1886 quantum
841 1799 883 1865 de
908 1803 984 1867 tota
1007 1803 1248 1886 suprascripta
1272 1801 1378 1868 rebus
1401 1822 1441 1870 oc
1465 1819 1599 1869 annum
1615 1803 1759 1888 exierit,
1778 1807 1894 1888 scepto
1916 1805 2039 1870 vinum
2057 1803 2151 1888 quod

315 1975 386 2025 non
411 1955 589 2042 tollamus,
614 1973 697 2024 nam
720 1954 836 2021 omnis
860 1953 931 2022 alio
956 1953 1163 2021 terraticum
1189 1945 1226 2022 'et
1248 1951 1406 2021 srudium
1431 1954 1521 2040 quod
1545 1954 1587 2021 de
1613 1952 1699 2040 ipsis
1730 1955 1834 2021 rebus
1856 1955 2012 2040 exierit,
2037 1957 2153 2022 totum

312 2113 518 2199 potestatem
540 2113 709 2180 abeamus
731 2107 814 2175 inde
835 2107 960 2176 tollere
984 2111 1020 2175 et
1042 2106 1217 2192 adunare,
1241 2105 1397 2192 qualiter
1420 2107 1592 2174 meruerit
1609 2111 1645 2174 et
1661 2106 1792 2174 iustum
1810 2107 1932 2193 suerit,
1957 2107 2002 2175 ad
2019 2108 2156 2176 facien-

310 2265 394 2334 dum
416 2263 499 2333 inde
523 2265 644 2332 omnia
667 2262 759 2350 quod
782 2261 1013 2346 botuerimus,
1037 2263 1170 2344 absque
1195 2260 1292 2326 omni
1315 2257 1570 2326 contrarietate
1599 2259 1711 2344 ipsius
1740 2257 1896 2343 guaiferi
1931 2261 1968 2326 et
1992 2259 2151 2344 predicte

311 2437 449 2508 gemme
472 2423 508 2486 et
523 2417 673 2505 predicti
691 2415 910 2500 monasterii,
928 2417 963 2480 et
978 2413 1205 2480 defensarent
1222 2409 1304 2475 iltut
1320 2409 1421 2477 nobis
1436 2408 1483 2477 da
1498 2409 1613 2475 omnis
1636 2408 1771 2474 omines
1787 2409 1954 2494 omnique
1971 2409 2147 2494 partibus.

311 2575 356 2642 Et
378 2589 444 2659 ego
466 2587 531 2657 pro
553 2569 674 2638 taliter
698 2587 761 2655 pro
784 2586 890 2635 censu
916 2565 1045 2633 exinde
1068 2565 1192 2630 (tentus
1215 2561 1357 2628 illorum
1374 2561 1413 2627 in
1426 2562 1683 2630 sexstibitatem
1700 2565 1823 2630 sancte
1848 2563 1974 2648 marie,
1992 2563 2053 2648 qui
2071 2569 2155 2630 suut

312 2724 355 2791 de
377 2740 497 2792 mense
519 2723 716 2808 september
740 2720 840 2806 prius
862 2718 1041 2802 boniento‚
1067 2715 1185 2782 decern
1210 2719 1246 2780 et
1270 2718 1346 2780 octo
1371 2713 1452 2780 auri
1477 2711 1578 2778 solidi
1606 2710 1648 2778 de
1672 2711 1747 2779 tari
1771 2729 1842 2780 ana
1868 2711 2050 2796 quadtuor
2070 2717 2153 2782 auri

313 2877 385 2948 tari
410 2876 491 2943 boni
514 2871 653 2962 pesanti
677 2891 739 2958 per
762 2867 881 2956 solidi,
905 2873 941 2936 et
966 2869 1026 2934 ubi
1049 2884 1089 2932 oc
1114 2883 1248 2932 annum
1273 2864 1486 2950 completum
1513 2863 1724 2930 abuerimus
1747 2861 1941 2929 tollendum
1972 2861 2054 2930 inde
2079 2862 2155 2948 ipsc

315 3031 446 3116 trudis,
470 3031 563 3100 sicut
584 3045 691 3115 supra
716 3023 882 3108 diximus,
906 3025 1024 3108 scepto
1048 3019 1124 3107 ipso
1147 3019 1285 3106 vinum,
1311 3019 1386 3085 tota
1410 3013 1659 3102 suprascripta
1688 3015 1793 3080 rebus
1818 3013 1864 3082 ad
1888 3015 2030 3082 illorum
2056 3017 2154 3084 siant

315 3185 536 3271 pntestatem.
562 3184 607 3250 Et
630 3181 659 3248 si
690 3177 856 3246 forsitans
880 3173 968 3242 mihi
993 3173 1160 3240 iamdicto
1183 3172 1275 3258 petri
1299 3170 1490 3256 presbiteri
1514 3168 1692 3256 placuerit
1717 3167 1755 3233 in
1779 3172 1888 3236 antea
1906 3167 1987 3234 illut
2011 3173 2148 3255 tenere,

309 3341 514 3427 potestatem
538 3339 707 3404 abeamus
731 3331 813 3399 illut
835 3334 947 3398 totum
969 3333 1092 3396 tenere
1116 3322 1274 3392 inomni
1298 3322 1424 3392 ordine
1447 3329 1483 3392 et
1508 3321 1674 3409 ratione,
1698 3320 1791 3389 sicut
1814 3319 1977 3406 superius
2003 3320 2155 3408 legitur,

308 3510 419 3578 usque
443 3490 516 3560 alia
538 3487 654 3557 tribus
677 3486 795 3556 trudia
818 3483 1019 3567 recollecta,
1045 3485 1081 3548 et
1104 3498 1168 3547 nos
1192 3497 1255 3565 per
1278 3478 1394 3544 omnis
1419 3475 1575 3543 frudium
1594 3477 1632 3543 in
1650 3474 1728 3561 ipsa
1747 3473 2007 3542 sexstinitatem
2024 3479 2151 3543 sancte

310 3643 423 3711 marie
446 3641 569 3709 demus
592 3639 734 3705 illorum
757 3637 876 3703 decem
899 3637 936 3701 et
958 3637 1036 3700 octo
1059 3631 1142 3700 auri
1166 3629 1270 3698 solidi
1294 3629 1337 3698 de
1361 3631 1434 3697 tari
1458 3647 1531 3698 ana
1555 3628 1730 3713 quadtuor
1766 3626 1847 3695 auri
1883 3622 1954 3694 tari
1978 3627 2062 3693 boni
2086 3645 2152 3712 per

307 3775 423 3867 solidi:v
446 3798 490 3866 de
514 3815 584 3883 qua
607 3813 669 3882 per
693 3797 786 3862 bona
811 3786 1072 3858 combenientia
1095 3782 1230 3871 guadia
1255 3782 1345 3848 mihi
1375 3780 1442 3868 ipsi
1467 3781 1694 3867 guaimarius
1710 3796 1824 3846 eomes
1848 3797 1911 3865 pro
1928 3796 2011 3864 pars
2027 3782 2063 3846 et
2078 3779 2156 3847 rice

307 3952 419 4040 ipsius
441 3967 593 4038 gemme,
616 3952 653 4016 et
675 3947 749 4033 ipse
773 3945 882 4013 abbas
905 3958 968 4028 pro
993 3939 1069 4007 vice
1086 3937 1129 4005 de
1146 3936 1223 4022 ipso
1246 3931 1461 4002 monasterio
1477 3931 1665 4018 dederunt,
1683 3933 1719 3998 et
1734 3929 1965 3999 mediatorem
1984 3927 2075 3998 mihi
2091 3949 2156 4017 po-

305 4107 456 4175 suerunt
479 4101 574 4190 sergi
599 4101 804 4168 atrianense
827 4092 942 4161 filium
966 4091 1077 4160 leonis
1101 4088 1256 4180 sagilla;
1285 4092 1321 4156 et
1343 4105 1406 4174 per
1430 4084 1508 4173 ipsa
1537 4083 1672 4172 guadia
1708 4087 1773 4152 etc.
1800 4084 1969 4168 Sequitur
1991 4086 2156 4169 formata

306 4263 496 4329 consuetu:
523 4258 671 4324 Statntn
694 4251 827 4318 nuntcta
849 4245 1109 4348 qninquaginta
1133 4244 1218 4309 unni
1243 4241 1438 4308 solidorum
1456 4239 1696 4308 Constantini.
1716 4239 1961 4305 verumtamen
1978 4235 2016 4303 in
2032 4256 2158 4325 supra-

306 4413 439 4501 scripta
462 4413 601 4480 ratione
623 4405 710 4473 mihi
736 4401 963 4472 tradiderunt
986 4398 1069 4467 illut
1090 4397 1133 4466 de
1157 4397 1273 4463 locum
1296 4391 1541 4462 ballintiinum
1564 4396 1601 4460 et
1637 4390 1718 4457 illut
1746 4389 1792 4458 da
1825 4393 1989 4458 sanctum
2017 4388 2145 4459 marti-

304 4585 403 4635 num.
429 4562 522 4651 quod
545 4559 670 4647 scripsi
693 4574 760 4644 ego
783 4555 956 4622 iohannes
981 4549 1158 4619 notarius

354 4689 385 4804 †
409 4717 485 4802 Ego
507 4713 569 4802 qui
593 4729 702 4798 supra
725 4707 917 4779 mosandus
940 4706 1050 4773 abbas

353 4841 383 4958 †
408 4870 483 4955 Ego
505 4865 663 4937 ademari
688 4859 850 4932 notarius
875 4876 931 4925 me
955 4856 1149 4942 subscripsi

350 4995 380 5111 †
406 5021 480 5110 Ego
502 5017 661 5089 ademari
686 5035 742 5084 me
767 5010 971 5098 subscripsi.
