5414 7098
999 569 1405 649 DlPLOMATlCUS
2038 587 2086 660 55

277 788 325 860 ad
339 787 562 877 palmentum
584 807 828 882 procuremus,
844 793 938 863 sicut
961 798 1149 886 meruerit,
1166 803 1202 870 et
1224 797 1267 866 de
1290 799 1406 870 omnis
1429 801 1557 872 viuum
1579 807 1614 874 et
1636 821 1740 893 poma
1755 823 1865 894 quam
1883 805 1965 877 inde
1981 809 2134 900 exierit,

280 941 392 1012 tollad
424 959 510 1030 pars
534 941 647 1030 ipsius
671 944 819 1016 ecclesie
842 945 1098 1037 medietatem,
1121 953 1158 1019 et
1181 969 1245 1020 nos
1268 953 1517 1044 medietatem3
1542 957 1612 1027 ficu
1635 963 1755 1028 autem
1778 957 1824 1030 da
1844 977 1988 1031 seccare
2012 964 2138 1036 sacke-

282 1111 363 1160 mus
386 1110 450 1180 per
474 1095 590 1164 omnis
612 1111 764 1186 annum,
780 1099 816 1167 et
839 1097 1068 1170 medietatem
1090 1104 1194 1174 seclre
1218 1103 1256 1173 in
1280 1125 1364 1194 pars
1386 1107 1499 1194 ipsius
1523 1109 1671 1180 ecclesie
1686 1107 1776 1182 'illut
1798 1112 1922 1182 demus
1944 1113 2046 1183 intus
2063 1117 2135 1188 an'c

279 1245 492 1317 civitatem:
516 1246 682 1320 similiter
706 1251 743 1319 et
765 1250 938 1320 columbri
955 1255 981 1338 ¹)
1004 1257 1040 1323 et
1061 1273 1191 1344 pruna,
1207 1259 1281 1328 sive
1304 1259 1511 1332 domascina
1533 1280 1602 1351 que
1625 1263 1674 1332 ibi
1701 1263 1823 1356 luerit,
1840 1267 1919 1354 ipsa
1942 1267 2137 1339 medietate

278 1397 378 1468 intus
401 1418 470 1470 auc
493 1399 675 1471 civitatem
698 1403 738 1471 in
762 1421 847 1490 pars
871 1404 984 1491 ipsius
1005 1407 1152 1478 ecclesie
1176 1407 1299 1479 demus
1321 1415 1358 1480 et
1381 1412 1622 1504 adducamus,
1645 1415 1718 1487 alia
1741 1435 1870 1505 poma,
1894 1423 1963 1506 que
1987 1420 2038 1489 ibi
2062 1421 2138 1491 fue-

160 1567 166 1586 *
281 1549 386 1640 rint,
413 1551 534 1640 ibique
557 1552 597 1620 in
621 1554 699 1642 ipsa
724 1557 831 1624 rebus
853 1555 1053 1628 dividamus
1078 1559 1174 1629 inter
1196 1581 1263 1632 nos
1283 1583 1347 1652 per
1370 1566 1627 1658 medietatem,
1657 1571 1693 1638 et
1716 1571 1795 1657 ipsa
1818 1574 1912 1641 sorte
1935 1571 1978 1640 de
2012 1574 2137 1642 vinum

282 1705 397 1793 ipsius
420 1706 596 1796 ecclesie,
629 1709 658 1777 si
683 1710 809 1781 fecerit
831 1713 918 1782 illuc
942 1713 980 1780 in
1004 1717 1080 1802 ipso
1103 1714 1219 1785 locum
1241 1717 1426 1788 cellarium
1449 1739 1533 1807 pars
1556 1721 1668 1810 ipsius
1690 1723 1865 1812 ecclesie,
1894 1729 1981 1794 tunc
2004 1726 2138 1798 ibidem

280 1861 426 1948 adipso
450 1863 637 1934 cellarium
663 1865 739 1953 ipso
763 1867 888 1935 vinum
911 1873 1093 1956 portemus
1116 1874 1152 1940 et
1174 1889 1387 1958 reponamus
1411 1870 1493 1940 illut
1517 1872 1555 1940 in
1580 1891 1737 1961 organea
1761 1875 1914 1964 indeque
1945 1880 2059 1966 ipsius
2081 1900 2139 1949 ec-

279 2019 400 2108 clesie,
425 2021 487 2088 ubi
510 2021 684 2091 adiubare
708 2023 874 2092 stetimus
896 2043 960 2112 per
984 2043 1121 2093 annum
1145 2026 1191 2095 ad
1215 2025 1451 2095 conciandum
1474 2031 1510 2095 et
1524 2025 1775 2114 studiandum3
1800 2033 1835 2098 et
1851 2031 1882 2098 si
1898 2048 1970 2098 non
1987 2031 2139 2103 fecerint

281 2175 331 2242 ibi
355 2171 569 2264 cellarium,
594 2195 808 2264 reponamus
831 2179 908 2266 ipso
930 2176 1055 2246 vinum
1079 2178 1221 2247 illorum
1246 2180 1285 2247 in
1309 2178 1432 2246 domus
1455 2183 1602 2269 nostra,
1628 2181 1689 2248 ubi
1712 2165 1970 2252 abilaberimus
1994 2183 2034 2252 in
2058 2186 2139 2273 ipsa

284 2331 494 2419 traditione,
519 2332 559 2400 in
582 2350 780 2420 organeum
804 2335 851 2404 da
873 2332 1012 2422 vinum,
1035 2353 1104 2420 que
1126 2352 1211 2420 pars
1236 2333 1350 2422 ipsius
1374 2332 1521 2402 ecclesie
1546 2333 1668 2422 ibique
1691 2332 1793 2402 nobis
1817 2335 2004 2424 assignare
2021 2341 2138 2429 stetit,

281 2487 319 2552 et
340 2483 517 2554 faciamus
540 2485 616 2572 ipso
639 2486 765 2553 uinum
789 2485 933 2554 illorum
956 2486 1119 2573 salbum,
1142 2485 1252 2554 donec
1276 2485 1358 2554 illut
1382 2486 1464 2556 inde
1487 2486 1621 2575 tollad,
1647 2490 1779 2574 absque
1802 2487 2079 2577 degeneratione
2103 2497 2140 2564 et

282 2635 419 2726 ignem3
446 2644 496 2726 et,
522 2639 606 2708 dum
629 2659 694 2727 pro
718 2643 797 2728 ipsa
820 2641 1001 2710 vindemia
1016 2641 1066 2708 ibi
1082 2639 1222 2710 steterit
1245 2639 1373 2708 missus
1398 2640 1511 2727 ipsius
1534 2638 1682 2710 ecclesie
1705 2643 1923 2732 annualiter,
1946 2663 2010 2713 nos
2034 2646 2139 2715 illum

281 2791 486 2860 nutriamus
508 2792 703 2860 secundum
726 2798 882 2862 nostram
899 2791 1185 2881 possivilitatem,
1205 2797 1239 2863 et
1254 2794 1512 2880 palmentatica
1527 2797 1561 2863 ei
1577 2793 1711 2884 demus,
1728 2797 1823 2864 sicut
1838 2798 2052 2866 consuetudo
2067 2805 2135 2888 est3

283 2948 327 3016 de
350 2948 442 3036 quod
466 2951 584 3017 autem
609 2965 832 3034 perannum
856 2946 907 3015 ibi
930 2948 1227 3016 seminaberimus
1239 2997 1250 3033 ,
1283 2949 1495 3018 terraticum
1517 2951 1638 3036 ibique
1663 2951 1709 3019 ad
1732 2969 1818 3020 area
1842 2950 1925 3020 inde
1948 2951 2073 3020 demus
2098 2953 2140 3022 iu

288 3125 373 3194 pars
398 3107 512 3194 ipsius
534 3105 682 3175 ecclesie
705 3105 898 3174 secundum
923 3105 1138 3174 cousuetudo
1162 3105 1273 3193 ipsius
1296 3106 1411 3195 lucie,
1435 3109 1569 3194 etipse
1592 3107 1686 3177 aliut
1706 3112 1821 3176 totum
1844 3111 1945 3176 nobis
1969 3112 2140 3179 abeamus

283 3265 323 3332 in
350 3264 429 3351 ipsa
453 3264 555 3350 iscla,
580 3263 642 3330 ubi
667 3264 742 3349 ipso
765 3261 936 3330 olibetum
959 3261 1098 3348 iecerit,
1122 3264 1158 3330 et
1180 3260 1424 3348 pastenaberit
1445 3279 1530 3347 pars
1555 3261 1666 3348 ipsius
1689 3261 1835 3330 ecclesie
1858 3266 1979 3334 ortora
1995 3283 2058 3352 per
2075 3285 2141 3336 au·

288 3435 374 3485 num
399 3418 441 3484 de
465 3413 602 3502 cepulle
625 3420 662 3483 et
685 3415 728 3483 de
751 3434 820 3502 que
844 3415 894 3484 ibi
919 3415 1103 3502 meruerit,
1121 3413 1295 3486 iaciamus
1311 3419 1347 3484 et
1364 3415 1514 3502 iustitia3
1539 3413 1583 3483 de
1605 3415 1816 3484 terraticum
1840 3416 2033 3484 secundum
2058 3437 2141 3487 con-

284 3542 435 3640 suetudo
459 3567 573 3657 ipsius
597 3567 685 3636 locis
710 3568 749 3636 in
772 3585 856 3655 pars
880 3565 992 3654 ipsius
1015 3567 1161 3637 ecclesie
1184 3587 1248 3655 per
1271 3567 1386 3635 omnis
1410 3586 1547 3637 annum
1570 3567 1690 3656 ibique
1713 3569 1864 3655 demus,
1888 3571 1924 3636 ct
1948 3568 2024 3654 ipso
2048 3569 2140 3640 aliut

283 3724 387 3794 nobis
411 3727 606 3813 abeamus3
631 3727 774 3793 tantum
798 3723 912 3792 licead
936 3743 1022 3810 pars
1045 3723 1157 3810 ipsius
1180 3720 1325 3792 ecclesie
1350 3721 1468 3791 sancti
1491 3722 1643 3790 maximi
1668 3721 1751 3789 inde
1774 3721 1860 3790 dare
1884 3723 1929 3792 ad
1962 3723 2139 3810 presbiter

264 3895 266 3900 ’
282 3879 344 3965 qui
366 3883 478 3967 tenet,
504 3878 558 3949 vel
583 3879 741 3950 tenuerit
756 3879 844 3966 ipsa
859 3877 1010 3946 ecclesia
1034 3877 1150 3946 sancti
1173 3875 1306 3946 andree
1329 3877 1368 3943 in
1384 3875 1470 3963 pede
1487 3875 1525 3942 in
1540 3895 1624 3963 pars
1645 3875 1799 3944 meridie
1816 3875 2056 3966 aliquantum,
2075 3878 2138 3948 ubi

283 4034 352 4101 sivi
374 4035 493 4104 saciad
517 4038 661 4122 ortum,
700 4035 776 4121 ipse
799 4031 891 4102 olibe
919 4032 1012 4120 quod
1034 4030 1165 4100 ibidem
1188 4031 1432 4119 pastenaberit
1455 4048 1539 4117 pars
1563 4030 1675 4117 ipsius
1700 4029 1847 4100 ecclesie
1875 4041 1901 4100 'a
1935 4051 2005 4119 quo
2037 4035 2139 4102 rebo-

283 4188 421 4260 caberit
444 4160 601 4257 fructum
624 4207 687 4276 per
711 4192 869 4276 tempore
893 4187 974 4256 illas
997 4185 1202 4272 uigilemuS,
1220 4188 1260 4254 ut
1276 4185 1373 4254 salbc
1397 4184 1482 4272 fiad,
1505 4188 1541 4252 et
1564 4188 1677 4253 totum
1701 4187 1776 4273 ipso
1798 4186 1953 4255 fructum
1971 4188 2064 4274 quod
2083 4208 2141 4261 re·

283 4343 480 4430 bocaberit,
505 4344 553 4411 sit
577 4360 716 4429 semper
740 4343 783 4410 de
807 4344 971 4429 partibus
996 4342 1109 4428 ipsius
1132 4339 1290 4408 ecclesie.
1315 4341 1395 4425 Ipsa
1418 4337 1517 4424 pecie
1533 4337 1575 4405 de
1591 4342 1688 4408 terra
1705 4341 1833 4408 baciba
1858 4361 1921 4428 per
1943 4343 2138 4414 iamdictas

281 4495 373 4564 fines
395 4499 431 4563 et
453 4510 642 4563 mensuras
666 4512 736 4580 que
760 4497 814 4561 est
838 4491 875 4558 in
901 4492 976 4580 ipso
1000 4491 1119 4580 plaic,
1150 4496 1377 4579 pastenemus
1401 4492 1508 4560 vinea
1532 4491 1574 4558 de
1599 4493 1689 4558 bono
1712 4493 1840 4561 vitiuio
1864 4499 1899 4563 ct
1922 4497 2136 4586 arbustum,

280 4657 317 4721 et
339 4651 453 4739 pomis
477 4651 551 4718 sive
574 4650 680 4718 vinea
704 4648 810 4736 sola,
834 4649 909 4716 sive
933 4649 1149 4734 arbustum,
1174 4649 1210 4715 et
1233 4648 1346 4734 pomis
1369 4667 1432 4716 seu
1455 4649 1689 4737 cambleium,
1714 4653 1749 4717 et
1774 4648 1857 4717 illut
1880 4649 2077 4719 studiemus
2100 4657 2136 4722 et

282 4806 456 4876 cultemus
480 4804 713 4892 annualiter,
738 4803 829 4871 sicut
852 4802 1054 4888 meruerit,
1080 4800 1145 4888 sic,
1169 4804 1210 4868 ut
1233 4799 1359 4869 amodo
1382 4804 1418 4868 et
1440 4819 1550 4886 usque
1574 4801 1737 4869 tridecim
1762 4801 1851 4869 anui
1876 4803 2031 4889 completi
2055 4824 2136 4891 per·

277 4963 378 5032 lecta
402 4963 481 5048 ipsa
506 4957 755 5048 pastenatione
780 4957 830 5025 ibi
855 4957 1024 5025 abeamus
1047 4973 1117 5042 que
1141 4953 1190 5022 ibi
1215 4952 1554 5042 pastenaberimuS,
1579 4955 1671 5024 sicut
1694 4957 1736 5024 de
1760 4960 1877 5027 tantos
1901 4974 2013 5025 anuos
2037 4956 2134 5028 locus

281 5118 363 5204 ipse
386 5114 576 5201 meruerit,
600 5117 640 5180 ut
662 5114 791 5179 bonum
816 5109 949 5198 paread
974 5107 1148 5176 cultatum
1171 5113 1206 5176 et
1230 5112 1427 5196 operatum,
1449 5112 1599 5195 excepto
1624 5111 1685 5176 ubi
1708 5109 1818 5178 fuerit
1841 5109 1937 5183 inira
1961 5113 2039 5199 ipsa
2061 5118 2135 5184 tra-

201 5262 206 5272 ’
280 5269 415 5340 ditione
440 5277 575 5340 lassum
601 5273 666 5339 aut
690 5272 816 5356 petra,
841 5267 876 5333 et
899 5283 971 5331 non
994 5263 1213 5352 potuerimus
1238 5263 1288 5332 ibi
1312 5265 1529 5352 pastenare,
1555 5283 1626 5330 non
1649 5265 1783 5334 siamus
1808 5268 1890 5337 inde
1914 5269 2107 5356 culpabiles
2121 5291 2132 5359 3

276 5426 368 5498 etsi
394 5427 524 5494 ibidem
547 5421 854 5514 pastenaberimus
877 5421 920 5488 de
946 5421 1023 5506 ipsa
1045 5418 1287 5505 planctatioue
1317 5437 1380 5505 per
1405 5401 1514 5489 tertia
1538 5419 1613 5488 vice
1638 5426 1673 5490 et
1697 5440 1768 5488 nou
1793 5422 1843 5490 ibi
1868 5423 2049 5514 preserit,
2083 5427 2132 5495 si-

287 5713 728 5724 ———--—-—.-—-—-

317 5901 340 5981 ¹)
363 5896 517 5961 columbrt
539 5895 639 5958 etiam
663 5911 750 5954 nunc
774 5891 860 5974 apud
882 5889 1017 5969 vulgum
1040 5883 1138 5968 primi
1165 5885 1247 5948 licus
1271 5884 1402 5945 fructus
1427 5889 1672 5966 nuncupantur.
