5370 7104
583 541 605 610 ‚p
1217 538 1326 608 niem
1355 539 1409 608 no
1429 517 1716 612 'osoroomuos

586 765 686 838 aione
712 764 955 838 ooll’lddizione
981 764 1015 836 di
1034 763 1195 849 Colonia,
1223 761 1291 834 due
1317 760 1455 858 capitoli
1482 762 1600 859 dippiir
1624 762 1811 854 troniamo,
1838 761 1862 833 il
1889 762 2000 858 primo
2026 763 2101 836 aiod
2126 762 2170 834 ed
2195 763 2221 834 il
2246 773 2393 858 quarto,

587 923 651 995 ohe
678 946 779 996 senza
804 924 855 996 lar
880 930 975 1017 parte
1001 922 1057 995 dal
1082 919 1186 992 Libro
1211 919 1407 994 deuotione
1437 921 1634 1018 Temporum
1661 947 1680 995 o
1706 924 1747 994 da
1777 923 2004 1018 Temporibus,
2033 946 2103 994 non
2130 945 2215 994 sono
2242 920 2306 994 ohe
2325 923 2393 996 dne

588 1083 733 1156 'l'rattati
759 1081 900 1178 speciali
926 1080 1019 1154 dello
1045 1087 1155 1152 stesso
1182 1080 1325 1168 sutore,
1353 1079 1488 1152 inseriti
1515 1079 1570 1151 dal
1597 1079 1735 1176 Copista
1760 1089 1813 1154 tra
1832 1039 2007 1176 i'capiroli
2026 1081 2081 1152 del
2100 1079 2187 1154 libro
2205 1083 2395 1154 duratione

594 1242 804 1336 Temporum:
833 1238 986 1335 perilohe
1012 1261 1080 1310 non
1108 1243 1256 1310 settanta
1281 1261 1337 1308 ma
1362 1238 1581 1310 saltantadue
1608 1262 1693 1310 sono
1720 1239 1754 1309 in
1773 1247 1863 1312 tutto
1881 1240 1892 1308 i
1911 1239 2063 1335 capitoli,
2084 1241 2174 1310 onde
2201 1239 2257 1310 nel
2277 1249 2396 1312 nostro

591 1399 719 1472 Codice
745 1398 774 1469 si
801 1419 969 1493 compone
996 1397 1020 1468 il
1046 1395 1202 1492 predetto
1228 1393 1345 1467 Libro.
1375 1394 1402 1464 ll
1428 1395 1538 1491 primo
1564 1394 1718 1490 Capitolo
1745 1395 1861 1492 paroid
1888 1421 1957 1469 non
1976 1398 2004 1470 si
2024 1399 2122 1494 lagga
2148 1399 2395 1471 nell’Ediaione

588 1557 623 1630 di
651 1554 798 1629 Colonia
824 1557 859 1625 in
886 1551 1139 1650 principio'del
1164 1551 1268 1624 Libro
1294 1553 1493 1626 deuotione
1522 1553 1749 1649 leomarum,
1778 1579 1834 1627 ma
1871 1555 1928 1627 nel
1967 1556 2043 1628 Vol.
2072 1557 2098 1642 l,
2127 1558 2194 1629 ool.
2224 1557 2393 1630 lustro.

590 1717 676 1788 Esso
702 1713 757 1810 poi
785 1673 957 1786 nominoio
990 1711 1047 1784 nel
1081 1719 1199 1782 nostro
1226 1708 1350 1782 Codice
1378 1709 1409 1780 al
1436 1719 1528 1783 sesto
1554 1713 1629 1807 rigo
1656 1714 1711 1784 del
1738 1715 1889 1787 secondo
1915 1713 2021 1809 loglio
2046 1739 2139 1787 uerso
2173 1739 2193 1786 e
2217 1717 2246 1787 si
2272 1716 2394 1790 stende

588 1877 703 1950 insino
729 1877 760 1948 al
787 1876 861 1969 rigo
887 1875 934 1945 ul
960 1870 1014 1944 del
1041 1879 1133 1943 terzo
1160 1868 1266 1962 inglio
1284 1893 1390 1941 uerso.
1419 1868 1445 1939 ll
1464 1893 1528 1941 suo
1545 1869 1645 1941 titolo
1659 1877 1691 1942 d:
1713 1853 1753 1943 do
1770 1871 1919 1968 computo
1937 1873 1987 1943 uel
2004 1874 2135 1967 loquela
2152 1873 2332 1968 dipttorum
2352 1878 2390 1960 ¹).

555 2136 961 2148 ——-.------—-..-—-—-

585 2307 608 2396 ¹)
630 2314 746 2376 Anche
770 2318 886 2392 questo
910 2312 1055 2373 Trattato
1078 2327 1096 2368 e
1120 2307 1232 2385 quello
1254 2307 1293 2367 de
1314 2308 1444 2368 ratione
1464 2308 1643 2368 unciarum
1665 2307 1910 2387 riproduoiamo
1943 2310 1994 2371 eol
2029 2312 2193 2373 riscontro
2228 2310 2396 2373 dell’Edi-

539 2462 632 2526 ziona
656 2459 688 2520 di
713 2457 848 2520 Colonia
871 2462 921 2517 tra
943 2473 1005 2535 per
1028 2451 1058 2513 le
1081 2451 1221 2511 varianti
1245 2450 1307 2512 che
1331 2449 1411 2511 ollre
1436 2449 1459 2510 il
1484 2451 1560 2512 Cod.
1586 2452 1675 2524 Cav„
1701 2471 1718 2514 e
1741 2473 1802 2532 per
1824 2454 1937 2516 talune
1961 2474 2038 2518 cose
2063 2457 2125 2518 che
2142 2474 2303 2520 mancano
2321 2457 2395 2520 nel·
2504 2451 2510 2465 '

537 2605 557 2666 l'
570 2605 661 2667 Ediz.
685 2604 855 2683 predetta:

812 2809 959 2873 CODICE
984 2806 1176 2870 CAVENSE
1708 2808 1900 2870 EDIZIONE
1923 2809 1966 2871 DI
1989 2809 2167 2873 COLONIA

1180 3073 1187 3088 ,
1215 3073 1222 3086 ,
1556 3001 1653 3064 Liber
1674 3002 1719 3066 lte
1741 3004 1872 3084 loquela
1894 3022 1955 3084 per
1978 3013 2107 3085 qustum
2129 3008 2319 3088 diqiturum,

630 3087 659 3148 1.
681 3083 726 3146 lie
749 3087 901 3160 computu
923 3077 979 3143 vel
1002 3075 1133 3157 loquela
1156 3075 1345 3153 drqrtorum.

1737 3161 1770 3218 et
1791 3163 1979 3235 temporum
2000 3157 2142 3222 ratione.

580 3376 626 3437 De
650 3379 835 3453 temporum
858 3369 987 3430 ratione
1012 3366 1144 3430 domino
1168 3365 1304 3428 iubante
1322 3363 1445 3428 dicturi
1523 3349 1570 3410 De
1594 3353 1711 3411 natura
1733 3370 1848 3416 terum
1870 3359 1905 3414 et
1926 3355 2053 3416 ratione
2076 3362 2284 3438 temporum,
2307 3359 2390 3421 duos

541 3522 772 3585 necessarium
794 3521 948 3583 duximus
970 3518 1185 3580 utilissimam
1206 3519 1313 3598 primo
1342 3536 1451 3598 prom·
1485 3500 1648 3580 diffindam
1681 3504 1796 3566 Siti⁰i⁰
1829 3525 1984 3570 Sfltffl⁰¹¹e
2014 3509 2162 3573 Lih0¹¹⁰⁸
2197 3516 2393 3595 composui;

543 3671 796 3753 ptissimamque
808 3674 896 3734 flexu
911 3670 1091 3749 digitorum
1102 3670 1216 3751 paucis
1228 3674 1452 3750 premonstra·
1488 3668 1575 3714 ”⁰¹¹⁰
1596 3651 1759 3732 Pf0li¹i¹¹⁵
1793 3655 1832 3718 de
1858 3659 2058 3739 Temporum
2080 3663 2209 3724 ratione
2232 3665 2392 3745 (Domino

545 3845 582 3886 re
605 3823 804 3898 sollertiam,
827 3831 864 3885 ut
886 3842 962 3886 cum
984 3823 1159 3884 maximam
1176 3821 1388 3904 &mutandi
1406 3823 1452 3884 sa.
1484 3806 1641 3886 juvante)
1663 3807 1787 3870 dicturi
1810 3813 2040 3874 necessarium
2063 3813 2229 3890 duximus,
2254 3819 2396 3882 utilissi-

547 3973 709 4036 uilitatem
722 3972 925 4044 dederimus,
943 3977 1012 4034 tum
1028 3972 1154 4054 paratio
1177 3971 1386 4052 relegentum
1402 3973 1452 4034 in·
1489 3979 1572 4023 mam
1600 3963 1729 4043 primo.
1764 3968 2110 4050 promptissimamque
2144 3975 2248 4036 flexus
2277 3974 2396 4056 digito.

542 4128 641 4207 genio
670 4125 710 4188 ad
733 4103 998 4204 investigandam
1020 4124 1332 4206 dilucidandamque
1363 4145 1450 4188 eorn-
1488 4137 1573 4191 rum,
1596 4120 1713 4200 paucis
1736 4127 2003 4202 praemonstrare
2027 4123 2209 4200 solertiam,
2235 4136 2272 4191 ut
2293 4149 2394 4211 quum

545 4277 689 4359 putando
702 4277 824 4339 seriem
838 4281 1024 4356 temporum
1038 4274 1343 4353 veniamusNeque
1360 4273 1449 4335 enim
1488 4275 1662 4338 maximam
1698 4280 1910 4359 computandi
1940 4281 2138 4347 facilitatem
2175 4287 2392 4364 dederimus,

542 4426 786 4493 contemnenda
806 4423 1078 4507 parvipendenda
1100 4429 1152 4485 est
1184 4423 1328 4502 regula,
1353 4423 1449 4486 cuius
1486 4431 1555 4486 tum
1577 4429 1743 4506 paratiore
1767 4429 1953 4511 legentium
1975 4437 2111 4516 ingenio
2135 4441 2174 4503 ad
2194 4443 2396 4527 investigan-

544 4599 659 4644 omnes
681 4599 767 4662 pane
792 4597 906 4642 sacrae
930 4578 1137 4660 expositores
1160 4579 1359 4660 scripturae,
1386 4596 1450 4639 non
1486 4575 1563 4639 dum
1591 4580 1839 4665 dilucidamque
1862 4594 2080 4670 computando
2112 4598 2239 4661 seriem
2270 4608 2395 4684 tempo·
2446 4607 2451 4614 '

544 4731 654 4792 minus
677 4747 776 4810 quam
797 4726 970 4789 literarum
994 4711 1116 4805 figuras
1139 4730 1365 4790 monstrantur
1387 4745 1452 4790 am·
1487 4749 1560 4792 rum
1582 4733 1766 4797 veniamus.
1789 4739 1906 4817 Neque
1930 4741 2020 4803 enim
2043 4748 2296 4820 contemnenda,
2320 4771 2396 4832 par·

543 4885 646 4966 plexi.
670 4881 822 4960 Denique
847 4879 992 4943 etmulti
1009 4880 1068 4942 alii
1083 4880 1164 4942 alias
1181 4887 1215 4942 et
1230 4881 1300 4961 ipse
1317 4879 1449 4944 divinae
1487 4884 1693 4965 vipendanda
1715 4895 1768 4949 est
1788 4889 1914 4968 regula,
1933 4894 2029 4972 eujus
2046 4915 2161 4960 omnes
2176 4919 2262 4981 pene
2275 4921 2392 4969 sacrae

545 5037 713 5118 interpres
737 5036 902 5115 hystoriae
925 5035 1135 5099 hieronimus
1168 5039 1203 5099 in
1236 5039 1450 5119 evangelicae
1486 5035 1691 5116 expositores
1706 5017 1909 5118 Scripturas,
1934 5060 2000 5102 non
2022 5044 2133 5105 minus
2156 5065 2254 5126 quam
2278 5050 2394 5115 litara-

543 5193 686 5251 traotatu
698 5189 885 5250 sententiae
899 5188 999 5251 huius
1014 5189 1239 5253 adiumentum
1252 5191 1449 5274 disciplinae
1488 5205 1560 5248 rum
1583 5188 1706 5267 figuras
1730 5195 1956 5252 monstrantur
1980 5192 2137 5273 amplexi.

544 5360 609 5403 non
632 5340 795 5404 dubitauit
817 5358 1000 5404 assumere.
1026 5342 1235 5404 centesimus
1266 5343 1383 5422 inquid
1419 5353 1452 5407 et
1526 5342 1689 5407 Permulti
1713 5341 1880 5422 siquidem
1903 5342 1961 5404 alii
1985 5342 2080 5417 elias,
2109 5350 2143 5406 at
2165 5346 2236 5425 ipse
2258 5347 2391 5411 divinae

543 5459 772 5576 sexagesimus
785 5503 820 5560 et
832 5497 1024 5562 tricesimus
1041 5500 1184 5571 fruetus,
1197 5515 1396 5578 quamquam
1412 5499 1451 5562 de
1488 5495 1650 5577 interpres
1673 5495 1832 5557 historiae
1849 5495 2084 5574 Hieronymus,
2110 5497 2145 5557 in
2167 5497 2390 5578 Evangelioae

544 5666 610 5709 una
631 5655 724 5713 terra
745 5657 780 5714 et
801 5651 841 5714 da
876 5670 941 5714 una
972 5655 1121 5714 semente
1154 5649 1315 5727 nascitur,
1336 5641 1450 5714 'tamen
1487 5651 1625 5711 tractatu
1647 5647 1835 5710 sententiaa
1859 5644 1960 5724 hujus
1984 5647 2213 5724 adjumentum
2246 5647 2394 5732 discipli·

543 5797 684 5862 multum
707 5801 819 5865 dillert
840 5803 875 5864 in
898 5821 1051 5866 numero.
1076 5802 1227 5880 Triginta
1253 5803 1450 5866 referuntur
1488 5821 1546 5867 nae
1570 5821 1635 5866 non
1651 5802 1814 5865 dubitavit
1829 5821 2013 5865 assumere.
2032 5801 2243 5866 centesimus
2258 5804 2392 5887 (inquit)
