5370 7104
955 545 1066 616 ltltbt
1096 548 1149 616 ΒΕ
1178 545 1460 620 TEMPOlllllUS
2052 571 2075 634 ἴ»

319 763 419 839 Nello
445 766 561 861 spazio
587 769 650 841 obe
677 769 808 841 rimane
835 777 925 842 sotto
952 767 961 837 i
989 767 1136 862 predetti
1163 767 1210 840 24
1235 765 1349 864 righi,
1378 793 1463 844 sono
1489 772 1524 844 in
1557 798 1641 848 nero
1667 777 1836 875 disegnati
1876 805 1894 854 a
1926 806 2037 880 penna
2064 786 2121 859 sul

318 925 441 998 binnoo
467 925 559 1000 della
585 951 792 1024 pergamena
811 934 947 1021 quattro
974 923 1081 1019 ligure
1109 945 1248 1008 umane,
1277 923 1344 996 due
1371 925 1515 1000 imberbi
1542 954 1560 1002 e
1586 932 1639 1004 eoi
1666 934 1787 1030 capelli
1814 932 1990 1029 annodati,
2011 965 2029 1014 e
2054 942 2122 1016 due

268 1191 605 1199 ——m—-m-o—
611 1191 617 1196 .
622 1189 675 1196 —.-

265 1363 305 1426 ad
328 1363 472 1446 nuptias.
495 1362 579 1426 Nam
602 1367 636 1425 et
652 1363 723 1444 ipsa
739 1361 917 1439 digitorum
932 1355 1123 1421 coniunctio
1139 1357 1173 1413 et
1210 1361 1243 1415 et
1266 1329 1517 1438 sexagesimus,
1554 1371 1588 1427 et
1610 1366 1801 1430 tricesimus
1829 1371 1981 1446 fruetus,
2017 1392 2120 1453 quan-

263 1519 359 1600 quasi
381 1516 474 1580 molli
499 1514 612 1580 osculo
635 1534 671 1578 se
695 1513 920 1594 complectens
951 1515 985 1572 et
1014 1507 1171 1569 lederans
1207 1523 1304 1584 quam
1328 1508 1368 1571 de
1391 1529 1457 1574 una
1479 1520 1591 1589 terra,
1627 1523 1661 1578 et
1682 1518 1722 1580 de
1746 1538 1813 1583 una
1834 1534 1986 1589 semente
2010 1531 2119 1592 nasci-

263 1672 419 1736 maritum
440 1671 549 1754 pingit
570 1676 605 1733 et
626 1669 817 1744 coniungst.
849 1662 1027 1742 Sexaginta
1052 1657 1093 1721 ad
1122 1656 1169 1719 vi·
1210 1666 1272 1730 tur,
1298 1667 1406 1724 tamen
1433 1665 1574 1726 multum
1597 1665 1710 1730 dillert
1731 1669 1765 1730 in
1789 1689 1938 1736 numero.
1966 1675 2118 1754 Triginta
2172 1679 2176 1686 '

263 1825 357 1899 duas,
374 1844 413 1887 eo
429 1825 517 1906 quod
532 1826 566 1885 in
583 1825 737 1903 angustie
753 1828 788 1883 et
801 1820 1016 1884 tribulatione
1033 1817 1101 1878 sint
1118 1833 1173 1894 po·
1209 1817 1402 1879 referuntur
1425 1820 1464 1880 ad
1488 1825 1631 1902 nuptias:
1662 1843 1737 1886 nam
1768 1831 1802 1886 et
1835 1827 1905 1908 ipsa
1935 1829 2117 1908 digitorum

262 1972 358 2034 sitae.
382 1972 476 2036 Unde
500 1979 573 2034 eta
601 1973 768 2054 superiori
803 1973 906 2051 digito
928 1972 1170 2052 reprimuntur.
1208 1969 1408 2044 conjunctio,
1426 1972 1520 2050 quasi
1538 1970 1629 2032 molli
1646 1973 1759 2067 osculo
1775 1992 1811 2035 se
1829 1974 2055 2056 complectens
2080 1981 2115 2036 et

264 2127 457 2205 Quantoque
470 2123 828 2188 maiorestdilticultas
841 2143 881 2186 ex
896 2131 989 2204 parte
1004 2121 1169 2202 quondam
1209 2115 1382 2178 foederans
1405 2119 1561 2180 maritum
1588 2120 1695 2200 pingit
1727 2125 1761 2182 et
1792 2120 1980 2199 conjugem.
2015 2122 2116 2184 Sexa-

262 2277 438 2358 voluptetis
461 2275 634 2338 illecebris
657 2275 839 2348 abstinere,
864 2278 953 2335 tanto
976 2270 1112 2334 maioris
1136 2275 1170 2330 et
1207 2261 1309 2336 tinia,
1333 2264 1373 2324 ad
1396 2266 1523 2330 viduas:
1549 2287 1588 2330 eo
1613 2269 1699 2348 quod
1722 2270 1756 2331 in
1780 2235 1933 2349 angustia
1955 2278 1989 2334 e't
2011 2274 2118 2335 tribn-

261 2433 543 2514 premiumPorro
559 2431 763 2494 centesimus
779 2448 938 2492 numerus
954 2445 1078 2507 quaeso
1095 2425 1171 2486 dili·
1209 2420 1330 2483 latione
1354 2423 1422 2484 sint
1444 2427 1594 2505 positae:
1630 2429 1718 2500 unde
1750 2437 1784 2491 et
1813 2431 1847 2492 in
1871 2433 2046 2513 superiore
2071 2432 2120 2493 di-

262 2590 381 2663 genter
402 2583 508 2646 lector
530 2581 670 2644 adtende
702 2601 720 2643 a
742 2582 880 2643 sinistra
901 2581 1107 2641 transfertur
1132 2576 1169 2636 ad
1207 2572 1273 2648 gito
1296 2571 1539 2654 deprimuntur:
1558 2585 1745 2658 quantoque
1771 2585 1875 2660 major
1897 2587 1949 2644 est
1971 2582 2116 2646 difficul-

262 2735 445 2809 dexteram,
470 2743 504 2798 et
518 2735 649 2797 hisdem
665 2735 800 2814 quidem
823 2734 936 2812 digitis
959 2733 1018 2794 sed
1035 2751 1100 2793 non
1118 2749 1172 2793 ea·
1208 2734 1255 2789 tas
1279 2736 1433 2810 expertae
1455 2729 1619 2809 quondam
1643 2731 1820 2812 uoluptatis
1855 2732 2028 2795 illecebris
2060 2731 2117 2794 ab·

261 2887 336 2952 dem
351 2907 496 2952 manum.
521 2891 646 2965 Quibus
664 2890 698 2950 in
714 2889 786 2950 leve
802 2905 900 2950 manu
922 2892 1021 2968 nupte
1039 2885 1169 2962 signifi·
1207 2887 1347 2961 stinere,
1373 2895 1461 2949 tanto
1485 2887 1591 2967 majus
1616 2894 1649 2950 et
1670 2891 1869 2968 praemium.

261 3048 390 3118 centur,
414 3049 448 3105 et
470 3043 604 3123 nuptiae
628 3042 792 3107 circulum
816 3043 944 3104 faciunt
966 3043 1001 3103 in
1017 3041 1166 3111 dextera,
1249 3043 1354 3114 Quum
1379 3060 1458 3121 ergo
1480 3042 1562 3105 dicit
1584 3045 1717 3117 Unum,
1752 3045 1927 3106 minimum
1959 3047 1993 3106 in
2024 3045 2119 3106 laeva

260 3202 424 3283 exprimat
444 3147 645 3303 virginitatis
662 3177 827 3264 coronam.
846 3201 927 3263 Cum
950 3219 1029 3280 ergo
1053 3200 1137 3263 dieis
1157 3201 1171 3261 I
1208 3195 1348 3272 digitum
1371 3197 1556 3270 inflectens,
1572 3198 1609 3259 in
1626 3199 1772 3260 medium
1794 3198 1922 3280 palmae
1943 3208 2051 3262 artum
2067 3203 2117 3262 in-

260 3355 435 3418 inimieum
457 3356 493 3417 in
515 3355 587 3417 leva
603 3355 743 3433 digitum
765 3357 939 3419 inflectens
963 3357 997 3416 in
1021 3357 1167 3418 medium
1210 3351 1300 3428 figes·
1333 3352 1439 3423 Quum
1471 3350 1555 3413 dicis
1578 3355 1674 3424 Duo.
1713 3351 1898 3416 seeundum
1930 3373 1948 3414 a
1980 3355 2118 3416 minimo

260 3507 368 3590 palme
391 3514 499 3570 artum
522 3511 651 3588 infiges,
677 3511 757 3578 cum
781 3510 866 3573 dicis
889 3511 920 3572 11
942 3510 1127 3573 secundum
1151 3529 1169 3572 a
1206 3503 1338 3575 ssexnm,
1363 3504 1487 3567 ibidem
1510 3507 1672 3586 impones.
1697 3508 1803 3582 Quum
1827 3508 1910 3571 dieis
1934 3509 2022 3582 Tria,
2050 3516 2119 3572 ter·

259 3664 397 3727 minimo
419 3667 552 3738 tlexum,
571 3666 696 3727 ibidem
719 3667 881 3748 impones.
906 3668 987 3730 Cum
1010 3667 1095 3730 diois
1118 3669 1166 3730 III
1209 3657 1288 3719 lium
1320 3659 1479 3720 Similiter
1512 3661 1674 3726 afflectes·
1699 3664 1805 3738 Quum
1829 3663 1913 3728 dicis
1937 3664 2106 3738 Quallwl,

258 3817 396 3879 tertium
412 3817 570 3880 srmnner
585 3822 746 3882 arrectos.
766 3820 846 3882 eum
862 3821 947 3884 areis
963 3821 1025 3882 1111
1041 3820 1166 3883 isicem
1209 3803 1322 3866 itidem
1346 3807 1520 3867 minimum
1544 3805 1683 3868 levabis.
1708 3808 1815 3880 Quum
1839 3807 1922 3868 dicis
1957 3809 2111 3888 Quinque

258 3971 432 4036 minimum
454 3973 596 4036 lebabis.
621 3974 702 4036 Cum
719 3974 803 4037 dicis
818 3975 845 4035 V
861 3973 1080 4038 secunduma
1107 3975 1168 4036 mi·
1204 3952 1388 4017 Secundum
1403 3971 1422 4014 ³
1437 3953 1573 4016 minim
1596 3953 1755 4016 Similiter
1777 3955 1900 4032 elides·
1932 3955 2039 4029 Quum
2061 3954 2111 4017 di·

259 4124 348 4186 nimo
370 4125 529 4188 similiter
551 4127 673 4205 eriges.
699 4128 780 4190 Cum
803 4127 1167 4191 dicisllltertiumni-
1204 4117 1252 4178 cis
1275 4116 1362 4188 Sex,
1395 4113 1533 4175 tertium
1559 4113 1779 4175 nihilOmiffllS
1803 4111 1977 4186 elevabis,
2002 4113 2114 4178 medio

258 4273 483 4337 chilhominus
506 4274 666 4348 elevabis,
683 4274 792 4337 medio
809 4273 977 4335 dumtaxat
991 4271 1061 4333 solo
1079 4287 1163 4350 quae
1203 4265 1370 4326 dumtaxat
1391 4261 1473 4336 solo,
1497 4260 1554 4339 qui
1576 4259 1725 4323 Medicus
1749 4261 1959 4342 appellatur,
1985 4263 2018 4325 in
2043 4283 2113 4327 me·

256 4423 407 4489 medicus
423 4426 620 4510 appellatur,
638 4427 672 4489 in
688 4426 835 4488 medium
846 4423 975 4505 palmae
990 4423 1064 4484 fixo.
1081 4422 1163 4484 Cum
1202 4421 1291 4481 dium
1314 4417 1441 4499 palmae
1465 4413 1541 4477 lixo.
1571 4415 1679 4488 Quum
1705 4413 1789 4474 dicis
1812 4413 1974 4494 Septem,
2012 4416 2112 4477 mini·

256 4579 340 4642 dicis
362 4580 419 4643 VII
441 4581 616 4643 minimum
639 4581 745 4643 solum
769 4579 892 4642 ceteris
915 4579 1052 4640 interim
1076 4576 1165 4640 leva·
1202 4593 1291 4635 mum
1314 4570 1433 4647 solum,
1450 4570 1593 4670 caeteris
1610 4569 1746 4630 interim
1769 4569 1899 4644 levetis,
1922 4589 2024 4651 super
2038 4569 2111 4652 pel-

256 4726 299 4786 tis
322 4742 423 4808 super
443 4726 1159 4809 palmersdieempones.qutaquemcum
1202 4753 1272 4796 mae
1305 4732 1452 4795 radicem
1483 4748 1599 4812 pones.
1623 4731 1719 4791 Juxta
1752 4728 1850 4808 quod.
1879 4729 1986 4803 Quum
2020 4679 2106 4792 dicis

256 4883 341 4945 dieis
363 4881 729 4948 VIIImedicum.Cum
751 4884 835 4949 dicis
857 4885 948 4948 VIlII
972 4887 1163 4968 inpudieem
1200 4887 1304 4959 Octo,
1329 4884 1507 4948 medicum.
1543 4885 1652 4957 Quum
1675 4883 1759 4944 diois
1783 4883 1934 4955 Novem,
1966 4882 2110 4962 impudi-

255 5052 274 5096 e
296 5034 433 5114 regione
455 5054 645 5117 compones.
670 5039 750 5100 Cum
773 5039 858 5102 dieis
883 5041 912 5102 X
934 5058 1079 5118 unguem
1111 5041 1161 5101 in·
1199 5065 1287 5120 cum,
1311 5065 1328 5106 e
1352 5043 1488 5122 regione
1513 5059 1705 5120 compones.
1732 5041 1838 5115 Quum
1860 5041 1946 5103 dicis
1968 5042 2106 5113 Decem,

255 5181 391 5248 dicisin
414 5191 523 5252 medio
546 5197 619 5252 artu
640 5193 784 5273 pollicis.
803 5196 883 5259 Cum
900 5196 983 5261 dicis
998 5199 1057 5261 XX
1072 5217 1162 5261 sum-
1199 5219 1343 5280 unguem
1377 5196 1498 5260 indicis
1532 5196 1567 5256 in
1600 5195 1709 5258 medio
1742 5196 1824 5272 figes
1859 5201 1932 5256 artu
1956 5197 2104 5277 pollicis.

254 5337 404 5406 mitatem
426 5342 558 5424 pollicis
582 5346 670 5408 inter
691 5349 817 5412 medios
841 5349 963 5415 iudicis
987 5357 1022 5411 ct
1055 5351 1160 5432 impu·
1199 5367 1305 5439 Quum
1338 5359 1422 5420 dicis
1444 5356 1595 5435 Viginti,
1630 5358 1855 5418 summitatem
1887 5357 2018 5438 pollicis
2054 5361 2106 5422 in-

252 5488 337 5554 dicis
349 5497 440 5556 artus
457 5495 617 5562 inmittes.
632 5503 714 5565 Cum
729 5504 813 5568 dieis
824 5506 1053 5586 XXXungues
1072 5525 1161 5570 sum·
1199 5527 1249 5579 ter
1271 5513 1397 5577 medios
1419 5511 1540 5572 indicis
1570 5515 1604 5572 et
1626 5507 1786 5588 impudici
1810 5515 1900 5570 artus
1931 5510 2105 5574 immittes.

251 5651 400 5718 mitatem
422 5656 544 5723 indicis
558 5667 592 5723 et
605 5661 737 5743 pollicis
753 5662 873 5727 blando
888 5667 1072 5744 coniunges
1090 5683 1175 5754 amg
1198 5675 1303 5746 Qnum
1326 5665 1411 5727 dicis
1433 5663 1594 5741 Triginta,
1615 5682 1744 5742 ungues
1769 5663 1890 5727 indicis
1913 5669 1947 5726 et
1968 5664 2102 5745 pollicis

252 5801 364 5884 plexu.
388 5808 468 5872 Cum
490 5810 575 5875 dicis
597 5815 651 5878 XL
668 5816 827 5880 interiora
843 5801 975 5899 pollicis
992 5818 1088 5882 lateri
1105 5817 1157 5882 vel
1198 5823 1379 5897 coniunges
1403 5815 1567 5898 amplexu.
1593 5810 1700 5890 Quum
1731 5815 1815 5878 dieis
1849 5816 2098 5897 Quadraginta,
