5466 7106
1241 547 1413 620 CODEX
1446 549 1711 625 GAVENSIS

1275 985 1649 1070 DCCXCVIII.

1311 1250 1366 1324 A.
1394 1246 1444 1324 D.
1474 1244 1602 1327 1028.

582 1491 619 1631 †
642 1544 682 1608 ln
705 1541 849 1609 nomine
873 1537 1007 1608 domini
1031 1538 1169 1606 decimo
1192 1556 1287 1607 anno
1302 1537 1527 1626 principatus
1543 1538 1663 1607 domni
1679 1537 1791 1606 nostri
1806 1537 1987 1626 guaimari
2011 1537 2186 1624 gloriosus
2215 1539 2383 1626 princeps

534 1693 631 1762 filius
653 1691 771 1760 domni
795 1690 992 1781 guaimari,
1017 1708 1138 1759 mense
1162 1688 1316 1778 magius,
1341 1688 1530 1758 undecima
1553 1689 1758 1760 indictione.
1784 1691 1934 1778 Ideoque
1957 1707 2023 1779 ego
2047 1690 2234 1778 iaquintus
2263 1707 2382 1760 comes

534 1842 631 1912 tilius
653 1843 830 1932 quondam
853 1840 1016 1932 gamoni,
1040 1843 1132 1911 sicut
1155 1843 1243 1910 mihi
1268 1859 1467 1930 congruum
1490 1845 1568 1930 est,
1592 1861 1672 1913 mea
1695 1844 1789 1912 bona
1811 1843 1996 1912 boluntats
2021 1861 2085 1930 per
2113 1859 2182 1912 anc
2206 1841 2382 1912 cartulam

536 2002 624 2067 ante
649 1997 843 2085 subscripti
868 1996 1050 2066 nobilibus
1073 1996 1286 2066 venumdedi
1310 1996 1425 2084 adque
1448 1994 1494 2066 ad
1517 2013 1654 2083 semper
1677 1995 1853 2068 abendum
1875 1995 2083 2065 confirmabi
2108 1997 2175 2064 tibi
2197 1995 2326 2066 stefani
2341 1998 2382 2066 ss·

536 2151 584 2220 lio
606 2150 786 2240 quondam
810 2115 965 2221 iohanni⁸
985 2169 1060 2220 una
1083 2153 1185 2238 pecia
1208 2151 1251 2221 de
1273 2155 1370 2222 terra
1396 2169 1476 2220 mea
1498 2152 1643 2238 uacua,
1667 2149 1759 2237 quod
1783 2151 1870 2218 abeo
1894 2151 1992 2218 intus
2016 2167 2084 2218 auc
2120 2119 2382 2220 salernitanam

536 2303 721 2372 cibitatem
744 2303 943 2391 propinquo
965 2301 1117 2372 ecclesia
1140 2303 1254 2372 sancti
1280 2303 1469 2391 salbatori,
1493 2302 1585 2391 quod
1608 2302 1698 2370 mihi
1721 2304 1960 2390 pertinentem
1982 2306 2036 2372 est
2060 2305 2167 2372 abere
2191 2321 2312 2391 apars
2328 2303 2383 2374 al-

535 2458 661 2528 fereda
683 2475 797 2527 uxore
820 2477 914 2547 mea,
938 2463 974 2526 et
998 2461 1052 2528 est
1074 2476 1138 2546 per
1164 2476 1204 2526 ec
1229 2458 1312 2526 finis
1335 2459 1372 2526 et
1394 2459 1605 2526 mensuris:
1632 2476 1655 2525 a
1677 2474 1761 2543 pars
1785 2453 1976 2525 occidentis
1999 2455 2070 2524 tine
2102 2454 2266 2523 anditum
2289 2453 2384 2524 inci-

537 2612 659 2698 piente
683 2609 729 2680 da
752 2611 922 2697 termite‚
947 2610 1040 2696 quod
1064 2608 1196 2678 ibidem
1220 2610 1343 2678 fictum
1367 2615 1444 2698 est,
1477 2614 1512 2680 et
1536 2610 1761 2696 aliquantum
1792 2611 2042 2696 prebaricante
2071 2609 2147 2697 ipso
2170 2611 2314 2678 termite
2344 2609 2385 2678 in

533 2767 638 2850 parte
662 2763 926 2849 septemtrionis
948 2781 1060 2848 usque
1084 2760 1196 2831 alium
1220 2761 1404 2848 anditum,
1440 2765 1502 2848 qui
1526 2769 1579 2830 est
1602 2768 1728 2850 suptus
1752 2763 1830 2850 ipsa
1853 2763 2029 2851 ecclesia,
2053 2769 2089 2833 et
2112 2769 2165 2833 est
2187 2783 2288 2833 secus
2313 2764 2392 2853 ipso

534 2917 697 2985 anditum
721 2915 767 2986 da
789 2935 872 3003 pars
894 2915 1085 2985 occidentis
1108 2915 1212 3002 pedes
1235 2915 1355 2984 decem
1378 2920 1414 2983 et
1430 2917 1555 2984 nobem
1571 2920 1607 2984 et
1622 2916 1807 2984 summisse
1824 2922 1859 2985 et
1875 2917 1980 2986 uncie
1997 2923 2093 2987 tres:
2111 2939 2133 2988 a
2149 2917 2298 2987 meridie
2314 2919 2388 2990 fine

535 3087 629 3156 mea,
647 3069 730 3138 inde
746 3074 830 3137 sunt
845 3069 951 3156 pedes
967 3067 1099 3155 biginti
1124 3070 1280 3155 quinque
1303 3067 1568 3136 et'summisse:
1594 3070 1640 3137 ab
1663 3069 1811 3138 orientis
1835 3073 1919 3138 sunt
1941 3070 2047 3158 pedes
2070 3069 2243 3139 decernet
2260 3071 2388 3140 nobem

535 3225 656 3292 minus
678 3225 784 3291 uncie
807 3225 876 3291 due
892 3245 898 3290 :
925 3243 947 3292 a
970 3221 1233 3309 septemtrionis
1249 3221 1320 3290 fine
1336 3223 1410 3308 ipso
1426 3223 1589 3290 anditum
1606 3223 1668 3309 qui
1684 3226 1808 3311 suptus
1824 3226 1903 3312 ipsa
1918 3223 2067 3293 ecclesia
2082 3223 2193 3314 ducit,
2207 3224 2289 3293 inde
2303 3229 2391 3295 sunt

536 3378 642 3464 pedes
664 3377 795 3466 biginti
819 3378 979 3464 quinque
1002 3382 1037 3446 et
1060 3375 1269 3444 summisse:
1296 3379 1371 3444 tota
1394 3374 1599 3462 supradicta
1623 3377 1807 3446 mensuria
1832 3381 2038 3448 mensurata
2054 3377 2123 3447 t'uit
2139 3379 2184 3448 ad
2200 3379 2309 3448 talem
2325 3400 2390 3468 pe-

537 3531 617 3602 dem
641 3549 789 3601 manum
812 3531 963 3617 homini,
988 3534 1162 3616 quantum
1187 3530 1257 3598 ista
1281 3529 1420 3599 cartula
1435 3529 1474 3600 in
1491 3529 1607 3616 capite
1623 3531 1698 3601 lata
1713 3535 1766 3599 est
1782 3532 1905 3619 pedem
1928 3551 2038 3600 unum
2056 3533 2092 3615 ¹).
2110 3533 2158 3601 Ec
2182 3534 2264 3603 bero
2288 3537 2389 3602 terra

537 3705 600 3775 per
624 3687 828 3774 supradicte
853 3685 934 3753 finis
958 3689 993 3754 et
1017 3688 1198 3754 mensurio
1223 3684 1348 3754 inclita
1373 3683 1474 3754 illam
1497 3685 1563 3754 tibi
1589 3683 1759 3754 iamdicto
1781 3687 1910 3756 stefani
1935 3687 2192 3776 benumdedit‚
2217 3687 2262 3758 ad
2286 3706 2387 3757 seeu-

536 3844 627 3912 riter
650 3847 686 3912 et
709 3841 860 3910 firmiter
885 3841 1007 3910 amodo
1031 3851 1066 3908 et
1089 3857 1225 3927 semper
1249 3846 1289 3907 tu
1311 3838 1503 3906 iamdictus
1526 3839 1685 3908 stefanus
1708 3841 1745 3906 et
1769 3843 1848 3907 tuos
1870 3839 1991 3908 eredes
2017 3839 2144 3909 inclita
2176 3838 2387 3927 supradicta

537 4017 617 4068 mea
641 3997 811 4066 bindictio
835 3996 974 4082 abendi‚
991 3992 1208 4082 possidendi,
1225 3991 1446 4084 dominandi,
1463 3992 1584 4059 omnia
1607 3989 1738 4059 exinde
1762 3990 1917 4060 faciendi
1941 3991 2033 4078 quod
2058 3989 2256 4078 uolueritis,
2274 4009 2387 4079 asque

540 4155 637 4222 omni
663 4173 743 4222 mea
767 4151 821 4220 rel
846 4151 888 4220 de
911 4151 1000 4218 meis
1024 4149 1188 4218 eredibus
1211 4147 1499 4217 contrarietatem
1523 4146 1576 4214 vel
1601 4147 1890 4236 requisitionem;
1915 4148 2009 4216 unde
2024 4167 2089 4236 pro
2105 4145 2388 4218 confirmandam

541 4315 577 4380 et
602 4307 893 4380 stabilisccndam
916 4305 1016 4373 vobis
1041 4323 1110 4374 ane
1133 4323 1211 4372 mea
1234 4301 1432 4388 bindietio,
1456 4319 1526 4369 nuc
1549 4323 1572 4373 a
1594 4301 1768 4389 presentis
1790 4301 1907 4389 recepi
1930 4323 1953 4372 a
1975 4307 2010 4371 te
2044 4301 2212 4373 iamdicto
2245 4303 2382 4373 steiano

539 4467 675 4534 emtore
700 4481 816 4533 meum
844 4464 1015 4532 statutum
1039 4457 1236 4547 pretium,i
1261 4461 1344 4525 sunt
1367 4455 1449 4525 auri
1473 4455 1576 4524 solidi
1600 4456 1737 4526 deteri
1760 4457 1842 4525 boni
1867 4474 2054 4525 numerum
2071 4455 2202 4543 biginti
2226 4455 2387 4544 quinque

540 4639 611 4691 ana
646 4624 799 4707 quatuor
834 4617 906 4686 tari
930 4615 1012 4682 boni
1037 4632 1099 4701 per
1124 4611 1273 4680 solidum
1296 4611 1335 4678 in
1358 4609 1472 4678 omnis
1494 4609 1776 4698 deliberatione,
1800 4609 1893 4677 sicut
1916 4609 2011 4677 inter
2034 4627 2097 4678 nos
2120 4611 2311 4678 combenit.
2338 4610 2385 4678 de

539 4795 612 4864 qua
636 4793 698 4862 per
722 4776 816 4842 bona
841 4769 1102 4840 combenientia
1125 4777 1190 4855 ego
1214 4765 1439 4854 supradictus
1462 4764 1646 4850 iaquintus
1668 4762 1801 4851 guadia
1816 4764 1882 4832 tibi
1898 4761 2065 4831 iamdicto
2089 4763 2218 4834 stefani
2234 4761 2329 4852 dedi,
2345 4767 2385 4832 et

539 4929 771 4999 mediatorem
797 4927 863 4996 tibi
887 4926 1006 5014 posuit
1031 4925 1152 5012 petrus
1177 4938 1292 4989 comes
1314 4923 1475 5006 nepotem
1499 4935 1616 4985 meum
1639 4914 1734 4984 tilius
1757 4915 1930 5003 quondam
1955 4917 2134 5004 areghisi3
2159 4921 2195 4987 et
2216 4937 2279 5005 per
2303 4919 2385 5006 ipsa

539 5087 676 5178 guadia
699 5086 818 5173 obligo
842 5103 899 5152 me
921 5086 958 5150 et
980 5097 1076 5149 meos
1099 5079 1220 5148 eredes
1244 5075 1367 5146 amodo
1390 5077 1426 5144 et
1448 5091 1585 5160 semper
1608 5070 1853 5140 antistandum
1876 5075 1912 5140 et
1934 5070 2188 5141 defensandum
2219 5071 2286 5140 tibi
2311 5071 2384 5139 tui-

539 5261 608 5329 que
624 5239 788 5308 eredibus
812 5238 938 5308 inclita
961 5234 1166 5324 supradicta
1190 5250 1269 5300 mea
1292 5227 1463 5300 biudictio
1486 5245 1566 5296 cum
1590 5225 1667 5294 bice
1690 5227 1733 5296 de
1757 5228 1835 5314 ipsa
1858 5225 2010 5296 handita
2035 5245 2146 5314 usque
2170 5228 2209 5295 in
2233 5227 2294 5297 bia
2317 5245 2384 5314 pu·

543 5394 636 5464 blica
661 5413 683 5463 a
706 5411 785 5480 pars
808 5390 923 5480 ipsius
947 5387 1052 5458 uxori
1078 5405 1154 5454 mee
1178 5389 1213 5453 et
1238 5385 1283 5453 da
1306 5399 1427 5453 omnes
1450 5381 1586 5448 omines
1609 5377 1776 5464 omnique
1796 5377 1973 5465 partibus3
1990 5379 2132 5464 quando
2149 5383 2270 5446 autem
2287 5385 2326 5448 tu
2347 5385 2387 5448 et
2501 5453 2508 5464 ,

581 5867 603 5944 ’)
624 5863 779 5926 Mensura
803 5863 901 5922 buius
927 5863 1060 5924 chartae
1086 5865 1214 5921 constat
1237 5857 1372 5934 triginta
1395 5863 1427 5919 et
1451 5853 1556 5915 tribus
1580 5851 1800 5916 centimetris.
