5414 7098
919 639 922 648 γ
994 525 1391 602 lllPLOdldTlCUS
2031 534 2072 603 ll

265 761 305 825 et
328 751 531 844 regredere,
548 751 594 820 Et
616 749 777 838 quicquit
800 749 945 837 prodam
969 751 1025 820 vel
1049 749 1243 822 sedituram
1267 753 1350 824 inde
1372 756 1497 826 tollere
1519 757 1689 846 potuerit,
1705 775 1827 828 eorum
1851 759 1899 827 sit
1922 757 2124 846 potestatis.

269 909 425 980 ‘Tantum
461 923 525 994 pro
559 922 705 973 censum
740 902 870 974 exinde
904 902 1032 974 darent
1056 903 1094 971 in
1118 923 1201 991 pars
1225 906 1336 994 ipsius
1358 907 1506 977 ecclesie
1529 928 1592 996 per
1616 907 1732 978 omnis
1756 927 1891 980 annum
1915 926 2026 996 usque
2051 907 2128 996 ipso

275 1062 512 1132 constitutum
536 1060 579 1130 de
602 1077 724 1130 mense
748 1063 899 1148 agustus
922 1076 1035 1126 unum
1058 1076 1207 1152 aureum
1231 1060 1302 1129 tari
1327 1063 1483 1149 bonum,
1510 1066 1546 1129 et
1569 1063 1729 1131 stetimus
1765 1061 1908 1130 illorum
1942 1061 2129 1132 defensare

276 1215 441 1304 predicta
462 1213 694 1286 traditionem
718 1215 913 1301 integram,
937 1231 1018 1282 cum
1042 1213 1119 1282 bice
1143 1212 1185 1281 de
1209 1212 1288 1300 ipsa
1311 1211 1433 1282 audita
1460 1217 1495 1280 et
1519 1232 1599 1280 cum
1623 1212 1821 1303 sericidia,
1849 1210 2027 1284 abendum
2051 1213 2131 1302 ipsa

277 1388 364 1442 casa
386 1389 409 1440 a
431 1369 527 1439 foras
551 1369 649 1456 ipsas
671 1318 859 1436 mensuras
881 1363 921 1432 in
944 1363 1023 1452 ipsa
1046 1365 1171 1435 andita
1194 1365 1239 1436 da
1262 1385 1384 1434 omnes
1406 1369 1568 1436 homines
1585 1367 1753 1455 omnique
1776 1370 1952 1455 partibus.
1970 1368 2024 1436 Ad
2048 1387 2131 1437 con-

279 1524 374 1613 plete
409 1523 491 1610 ipso
524 1521 756 1591 constitutum
790 1519 918 1588 inclita
948 1518 1138 1589 medietate
1162 1520 1206 1588 de
1229 1520 1307 1608 ipsa
1331 1540 1416 1591 casa
1439 1524 1589 1594 cirooitu
1614 1523 1714 1591 clusa
1737 1526 1774 1591 et
1800 1495 1991 1610 cohoperta
2014 1526 2131 1612 bona,

275 1695 363 1747 cum
387 1679 463 1746 tcta
486 1676 566 1763 ipsa
588 1679 687 1744 terra
711 1692 774 1763 per
798 1673 988 1744 iamdictas
1004 1690 1189 1742 mensuras
1205 1675 1241 1742 et
1257 1692 1339 1741 cum
1355 1673 1545 1744 medietate
1562 1674 1774 1764 lignaminis
1790 1675 1832 1744 de
1849 1675 1923 1762 ipso
1940 1677 2132 1763 porticum,

275 1831 310 1900 si
336 1829 420 1898 illut
442 1829 582 1916 lecerit,
607 1826 794 1896 remittant
818 1826 857 1893 iu
880 1845 964 1913 pars
988 1825 1102 1912 ipsius
1126 1824 1286 1914 ecclesie,
1311 1829 1347 1893 et
1371 1825 1485 1895 licead
1509 1825 1582 1894 illis
1607 1826 1690 1895 inde
1713 1828 1814 1896 exire
1838 1846 1920 1895 cum
1943 1827 2133 1898 medietate

281 1983 427 2070 reliqua
450 1982 493 2053 de
518 1981 596 2070 ipsa
619 1981 804 2070 lignamen
827 1985 863 2050 et
886 1997 967 2048 cum
998 1980 1118 2049 omnia
1148 1980 1291 2049 illorum
1322 2000 1431 2053 causa
1464 1981 1638 2070 mobilia,
1661 1987 1697 2052 et
1719 1989 1898 2071 pergant,
1932 1983 1994 2052 ubi
2018 1983 2136 2054 volue-

281 2141 371 2210 rint.
405 2141 557 2210 Tantum
588 2138 618 2206 si
652 2138 731 2226 ipsa
756 2137 910 2206 sortione
935 2135 1077 2203 illorum
1101 2135 1144 2204 de
1168 2136 1246 2223 ipsa
1270 2138 1453 2225 lignamen
1477 2138 1697 2208 vindituram
1721 2140 1889 2209 abuerint
1913 2141 1951 2208 in
1975 2159 2058 2228 pars
2082 2140 2135 2229 ip

281 2294 359 2362 sius
384 2291 568 2370 aecclesie,
594 2289 677 2358 illut
699 2289 852 2359 vindant
874 2289 920 2359 ad
943 2287 1037 2358 iusto
1061 2289 1247 2376 pretium,
1285 2291 1375 2358 etsi
1398 2308 1482 2377 pars
1506 2289 1617 2377 ipsius
1641 2289 1789 2359 ecclesie
1816 2291 1898 2360 illut
1928 2310 2045 2360 emere
2077 2310 2140 2360 no-

285 2447 397 2516 luerit
421 2446 468 2516 ad
491 2447 583 2514 iusto
606 2443 778 2532 pretium,
804 2442 919 2513 licead
943 2442 1017 2510 illis
1040 2460 1100 2508 cos
1123 2439 1209 2510 dare
1232 2439 1292 2508 cui
1316 2440 1509 2510 voluerint.
1533 2441 1633 2510 Unde
1658 2443 1696 2510 in
1720 2460 1760 2510 eo
1783 2443 1932 2512 hordine
1960 2462 2023 2532 per
2046 2462 2140 2513 com-

291 2599 514 2670 benientiam
530 2597 666 2686 guadia
681 2597 783 2664 nobis
799 2595 896 2664 dedit
912 2593 987 2681 ipse
1012 2594 1184 2662 iohannes
1207 2555 1382 2682 presbiter
1398 2598 1436 2663 et
1450 2595 1682 2664 mediatorem
1699 2597 1802 2664 nobis
1817 2597 1934 2684 posuit
1950 2616 1987 2666 se
2004 2597 2137 2685 ipsum,

288 2759 328 2824 ut
351 2751 383 2822 si
406 2752 531 2824 taliter
555 2749 676 2820 omnia
699 2749 944 2836 suprascripta
968 2747 1007 2814 in
1030 2765 1115 2834 pars
1139 2745 1251 2834 ipsius
1275 2745 1421 2816 ecclesie
1448 2765 1521 2815 non
1545 2747 1819 2834 adimpleberint
1843 2753 1879 2818 et
1902 2749 2034 2837 aliquit
2056 2747 2140 2818 inde

288 2907 596 2994 contradixerint,
614 2923 677 2992 per
693 2903 772 2990 ipsa
787 2898 922 2989 guadia
936 2916 1144 2986 componere
1161 2899 1336 2988 obligavit
1353 2919 1390 2972 se
1414 2902 1489 2989 ipse
1513 2903 1687 2972 iohannes
1710 2903 1883 2990 presbiter
1906 2907 1942 2973 et
1964 2904 2038 2972 suis
2062 2922 2139 2974 cre·

288 3062 396 3132 dibus
420 3057 510 3128 mihi
534 3057 674 3144 meique
697 3054 982 3140 successoribus,
1007 3051 1063 3120 vel
1087 3051 1125 3119 in
1148 3069 1233 3137 pars
1259 3049 1371 3139 ipsius
1394 3053 1555 3142 ecclesie,
1581 3053 1713 3141 biginti
1738 3055 1821 3123 auri
1845 3053 1950 3122 solidi
1975 3059 2144 3125 constan-

290 3213 372 3283 tini.
396 3211 497 3289 Quod
520 3209 648 3298 scripsi
672 3224 737 3295 ego
760 3205 944 3295 predictus
966 3201 1162 3290 myrandus
1188 3199 1362 3272 notarius.

337 3339 367 3456 †
392 3369 467 3455 Ego
491 3361 650 3436 ademari
673 3361 836 3430 notarius
859 3375 915 3426 me
938 3343 1132 3444 subscripsi

340 3488 371 3606 †
395 3519 471 3605 Ego
494 3516 659 3588 radechis
681 3512 846 3583 notarius
869 3529 925 3581 me
948 3508 1155 3596 subscripsi.

1023 3757 1428 3772 ——-—-----····-·--··

1112 4060 1334 4144 DCGLI.

1070 4323 1125 4401 A.
1153 4321 1204 4399 D.
1232 4318 1360 4403 1023.

340 4574 377 4714 †
402 4627 442 4693 ln
459 4621 603 4694 nomine
619 4619 754 4692 domini
770 4616 949 4688 tricesimo
965 4617 1091 4703 quinto
1107 4631 1202 4684 anno
1219 4612 1443 4701 principatus
1460 4609 1580 4680 domni
1597 4607 1710 4678 nostri
1727 4605 1940 4693 Guaimarii,
1957 4608 2002 4674 Et
2018 4606 2148 4694 quinto

296 4797 397 4852 anno
432 4780 657 4868 principatus
692 4774 812 4844 domni
835 4770 1031 4862 guaimarii
1056 4770 1133 4839 eius
1156 4767 1238 4855 filii,
1261 4767 1408 4854 gloriosi
1432 4763 1677 4852 principibus,
1701 4779 1821 4829 mense
1844 4765 2020 4849 agustus,
2043 4764 2150 4830 sexta

300 4933 510 5005 indictione.
536 4927 824 5000 Memoratorium
847 4925 945 4994 sactu
968 4943 991 4992 a
1013 4921 1116 4989 nobis
1140 4920 1195 4990 leo
1217 4923 1254 4989 et
1285 4920 1458 4988 iohannes
1480 4914 1645 5004 germani
1680 4914 1746 4981 filii
1781 4913 1960 5000 quondam
1994 4913 2146 4982 iohanni

295 5086 359 5174 qui
385 5083 653 5174 cognominabit
675 5080 893 5166 sarracinus,
909 5081 945 5146 et
961 5076 1121 5147 stefanus
1143 5073 1217 5143 filio
1240 5071 1417 5162 quondam
1440 5069 1590 5138 iohanni
1613 5068 1676 5156 qui
1692 5065 1959 5154 cognominabit
1974 5066 2151 5154 caprella,

301 5242 352 5308 Eo
377 5237 471 5327 quod
507 5239 591 5305 ante
614 5232 804 5321 subscripti
828 5230 974 5318 ydoneis
996 5227 1199 5296 hominibus
1223 5244 1286 5312 per
1310 5219 1595 5291 conbenientiam
1620 5215 1770 5286 tradidit
1800 5217 1903 5286 nobis
1927 5217 2021 5286 Maio
2045 5237 2152 5286 vene-

300 5393 416 5464 rabile
442 5393 555 5462 abbas
578 5390 726 5459 ecclesie
749 5386 864 5458 sancti
888 5381 1052 5471 maximi,
1076 5399 1255 5452 unacum
1279 5397 1319 5448 eo
1342 5376 1479 5447 adesset
1501 5371 1688 5443 mirandus
1712 5374 1876 5441 notarius
1900 5372 2149 5444 advocatorem

293 5567 419 5636 suum,
442 5547 486 5615 de
508 5547 615 5614 rebus
637 5542 877 5631 pertinentem
900 5537 1014 5626 ipsius
1037 5534 1197 5621 ecclesie,
1214 5551 1283 5621 que
1306 5549 1383 5602 esse
1405 5529 1548 5600 videtur
1572 5531 1611 5599 in
1634 5529 1723 5597 fines
1747 5529 1907 5616 nucerie,
1925 5527 1988 5598 ubi
2003 5528 2049 5598 ad
2065 5547 2147 5599 var-

298 5699 521 5772 bacianuum
543 5695 678 5768 dicitur
702 5699 738 5765 et
760 5692 903 5782 proprio
927 5690 974 5761 ad
997 5692 1143 5759 arbusto
1167 5688 1216 5756 ibi
1240 5686 1472 5774 nominatur,
1497 5684 1590 5773 quod
1613 5699 1695 5750 urso
1718 5681 1893 5769 presbiter
1917 5685 1954 5750 et
1978 5681 2155 5753 iohannes

297 5855 456 5927 clericus
491 5855 529 5925 in
553 5853 767 5926 beneficium
791 5850 955 5921 retinunt
979 5865 1001 5918 a
1024 5865 1114 5936 pars
1132 5845 1244 5935 ipsius
1267 5842 1437 5927 ecclesie;
1463 5842 1545 5911 abet
1568 5839 1663 5907 enim
1689 5838 1795 5905 rebus
1819 5835 1896 5923 ipsa
1921 5854 1962 5906 as
1994 5839 2083 5907 fines
2119 5841 2156 5906 et
