5466 7106
612 557 659 626 88
1250 558 1420 628 tbbllx
1462 558 1727 630 callensis

565 709 642 836 ipse
666 750 886 838 grimoaldus
909 751 1067 819 residere
1091 751 1129 818 in
1154 753 1233 836 ipsa
1256 753 1375 836 rebus,
1399 751 1492 818 sicut
1516 749 1590 837 ipso
1615 753 1757 819 brebem
1782 751 1951 818 continet:
1977 751 2054 836 ipse
2077 749 2302 838 grimoaldus
2326 753 2420 822 dice·

514 913 523 922 ·
563 904 645 991 vad,
671 908 711 971 ut
736 903 774 970 in
800 903 879 991 ipsa
902 906 1009 971 rebus
1032 903 1155 971 sedere
1178 905 1214 970 et
1238 905 1379 971 abitare
1402 907 1438 972 et
1462 907 1569 973 abere
1594 922 1665 972 non
1681 903 1812 992 bolere3
1838 908 1873 972 et
1887 923 1949 990 per
1965 921 2057 972 vona
2069 905 2331 974 combenientia
2347 922 2415 974 sua

563 1073 656 1126 vona
680 1058 867 1126 voluntate
892 1056 1031 1124 remisit
1054 1061 1089 1124 et
1113 1055 1262 1125 tradidit
1285 1057 1331 1125 ad
1355 1061 1527 1144 potestate
1551 1059 1661 1145 ipsius
1685 1017 1841 1144 iaquinti
1867 1077 1931 1146 pro
1946 1076 2031 1145 pars
2050 1057 2162 1144 ipsius
2179 1057 2326 1127 ecclesie
2342 1045 2439 1146 ipsa'

563 1209 722 1278 sortione
746 1210 859 1296 ipsius
883 1209 1088 1298 grimoaldi,
1112 1211 1206 1296 quod
1230 1210 1273 1277 de
1297 1211 1374 1296 ipsa
1398 1213 1504 1279 rebus
1528 1212 1603 1297 ipse
1636 1211 1855 1298 grimoaldus
1889 1216 2012 1280 tenere
2047 1211 2209 1280 debuerit
2243 1230 2307 1298 per
2341 1211 2420 1298 ipso

565 1365 734 1450 brebem,
749 1367 784 1430 et
808 1381 870 1447 per
893 1380 987 1430 vona
1011 1362 1273 1431 combenientia
1296 1363 1432 1449 guadia
1457 1363 1532 1448 ipse
1555 1363 1774 1450 grimoaldus
1798 1383 1860 1450 pro
1882 1383 1967 1451 pars
1991 1363 2102 1450 ipsius
2127 1366 2277 1434 ecclesie
2302 1364 2417 1453 ipsius

566 1517 723 1604 iaquinti
748 1515 887 1584 diaconi
912 1516 1021 1603 dedit,
1046 1521 1082 1584 et
1105 1517 1335 1586 mediatorem
1358 1517 1391 1584 ei
1417 1516 1533 1602 posuit
1555 1517 1735 1602 seipsum,
1760 1522 1796 1584 et
1818 1535 1882 1603 per
1915 1517 1992 1604 ipsa
2023 1518 2158 1605 guadia
2181 1522 2244 1588 eto.
2270 1521 2419 1588 Statato

564 1671 700 1738 inoleta
726 1671 883 1756 triptota
907 1672 992 1736 ouri
1017 1672 1209 1740 solidorum
1227 1671 1468 1738 Constantini.
1488 1671 1532 1737 Et
1549 1670 1668 1738 taliter
1685 1673 1840 1741 scribere
1856 1671 2003 1741 fecimus
2028 1678 2062 1742 te
2079 1675 2243 1744 ademari
2260 1677 2413 1746 notarie.

610 1795 641 1911 †
667 1825 741 1910 Ego
764 1822 823 1910 qui
850 1842 958 1910 supra
982 1823 1265 1910 ragemprandus
1289 1825 1410 1892 iudex.

1290 2083 1695 2093 -—--———------—-——-

1346 2383 1620 2464 DCCLXI.

1342 2651 1396 2724 A.
1425 2647 1475 2723 D.
1504 2646 1633 2727 1025.

611 2856 648 2996 †
673 2911 712 2975 ln
730 2909 872 2977 nomine
896 2909 1031 2977 domini
1055 2911 1235 2981 tricesimo
1251 2918 1351 2980 sexto
1367 2889 1463 2981 anno
1477 2914 1700 3000 principatus
1717 2911 1836 2980 domni
1854 2913 1968 2980 nostri
1984 2911 2180 2999 guaimari,
2197 2913 2233 2980 et
2256 2909 2410 2998 septimo

563 3079 662 3131 anno
686 3063 806 3131 domni
831 3065 1014 3151 guaimari
1039 3064 1116 3132 eius
1140 3066 1227 3154 filio,
1251 3067 1395 3154 gloriosi
1413 3066 1649 3152 principibus,
1665 3083 1785 3132 mense
1803 3063 2016 3148 februarius,
2034 3065 2185 3132 hoctaba
2201 3063 2413 3134 indictione.

562 3220 853 3288 Memoratorium
877 3221 974 3287 sactu
998 3239 1019 3288 a
1043 3237 1098 3285 me
1123 3218 1307 3306 iaquintus
1329 3219 1479 3288 diacono
1502 3225 1537 3287 et
1560 3219 1776 3308 primicerio,
1800 3237 1840 3286 eo
1864 3217 1955 3304 quod
1980 3223 2064 3286 ante
2088 3219 2273 3304 presentia
2290 3217 2412 3285 domni

563 3369 699 3437 maioni
726 3371 922 3439 venerabili
947 3371 1073 3464 abbati·
1093 3371 1241 3438 ecclesia
1265 3371 1379 3439 sancti
1405 3371 1569 3458 maximi,
1602 3375 1663 3458 qui
1697 3373 1806 3440 situm
1829 3377 1884 3440 est
1908 3373 2006 3440 intus
2024 3371 2292 3440 salernitanam
2322 3371 2417 3439 cibi·

565 3524 688 3595 tatem‚
716 3523 835 3610 ibique
859 3527 951 3591 esset
975 3523 1166 3610 subscripti
1191 3527 1311 3609 testeS,
1336 3542 1398 3610 per
1422 3525 1514 3592 bona
1537 3512 1799 3593 combenientia
1822 3543 1885 3611 pro
1908 3542 1992 3611 pars
2008 3523 2166 3612 predicte
2181 3523 2331 3592 ecclesie
2348 3543 2413 3610 per

564 3674 842 3746 demandatione
869 3679 980 3764 ipsius
1002 3677 1120 3746 domni
1148 3679 1268 3746 abbati
1293 3679 1338 3747 ad
1361 3677 1552 3746 tenendum
1583 3686 1619 3747 et
1647 3678 1881 3748 laborandum
1906 3677 2054 3746 tradidit
2085 3695 2152 3764 ego
2186 3676 2343 3763 iaquinti
2376 3682 2415 3745 et

565 3831 710 3919 stefani,
735 3835 797 3919 qui
821 3839 905 3902 sunt
928 3834 1091 3922 germani
1115 3838 1151 3902 et
1175 3833 1239 3901 filii
1266 3835 1430 3919 iohanni,
1455 3833 1514 3919 qui
1540 3837 1624 3900 sunt
1648 3831 1819 3900 abitatori
1844 3833 1881 3899 in
1907 3829 2020 3896 locum
2044 3831 2214 3917 nuceria,
2238 3831 2281 3899 de
2306 3833 2416 3899 rebus

562 3986 803 4071 pertinentem
828 3986 939 4072 ipsius
962 3986 1132 4072 ecclesie,
1158 3986 1249 4072 quod
1273 3989 1354 4054 abet
1377 3985 1414 4051 in
1441 3986 1516 4071 ipso
1541 3985 1657 4052 locum
1681 3983 1839 4071 nucerie,
1870 3983 1931 4050 ubi
1956 3983 2001 4053 ad
2025 4003 2092 4070 pao
2115 3983 2249 4052 dicitur
2274 3985 2412 4053 finibus

561 4098 804 4227 salernitane,
828 4140 890 4227 qui
914 4143 999 4208 sunt
1021 4141 1120 4226 pecie
1143 4140 1235 4224 due3
1260 4157 1334 4206 una
1357 4137 1418 4224 qui
1444 4143 1497 4206 est
1519 4143 1616 4207 terra
1639 4155 1719 4204 oum
1743 4139 1914 4223 arbust0,
1942 4141 1978 4204 et
2001 4136 2076 4205 alia
2099 4137 2160 4222 qui
2187 4142 2286 4207 terra
2323 4158 2406 4206 cum

564 4291 832 4360 abellanietum.
866 4295 944 4380 Ipsa
967 4293 1067 4381 pecia
1090 4293 1133 4360 de
1155 4297 1255 4360 terra
1278 4311 1358 4360 cum
1383 4292 1635 4360 abellanietum
1658 4310 1721 4378 per
1744 4307 1784 4356 ec
1806 4290 1890 4358 finis
1914 4292 1949 4357 et
1975 4288 2178 4356 mensurie:
2204 4292 2249 4358 ab
2274 4291 2409 4360 orienti

564 4447 637 4514 fine
661 4447 776 4533 ipsius
799 4448 959 4535 ecclesie,
978 4446 1059 4515 inde
1075 4451 1159 4514 sunt
1182 4446 1277 4534 passi
1293 4446 1513 4532 octuaginta:
1529 4463 1551 4512 a
1566 4462 1647 4531 pars
1663 4441 1812 4511 meridie
1828 4443 1898 4509 fine
1916 4442 2029 4528 ipsius
2044 4442 2208 4529 ecclesie,
2226 4442 2308 4513 inde
2325 4450 2413 4514 sunt

562 4600 659 4686 passi
684 4599 814 4688 biginti
832 4619 956 4668 unum:
975 4619 1096 4688 apars
1114 4597 1308 4668 occidentis
1325 4599 1396 4667 tine
1412 4597 1524 4686 ipsius
1541 4595 1701 4683 ecclesie,
1719 4595 1802 4664 inde
1820 4600 1904 4664 sunt
1917 4595 2012 4683 passi
2033 4598 2264 4685 septuaginta
2280 4617 2406 4668 unum:

563 4772 584 4819 a
610 4754 871 4841 septemtrionis
894 4753 965 4822 fine
989 4753 1049 4822 bia
1074 4753 1252 4842 plublica,
1277 4753 1359 4821 inde
1382 4755 1466 4818 sunt
1488 4752 1583 4837 passi
1607 4751 1739 4838 biginti
1772 4768 1882 4818 unum
1911 4755 1947 4820 et
1969 4753 2134 4840 gubitum
2167 4771 2292 4821 unum.
2327 4755 2409 4842 Ipsa

561 4904 663 4992 pecia
686 4907 850 4974 deterre
873 4925 953 4973 oum
977 4907 1126 4974 arbusta
1149 4925 1212 4992 per
1235 4924 1275 4972 ec
1297 4902 1378 4971 finis
1401 4907 1437 4972 et
1460 4901 1662 4970 mensurie:
1692 4921 1715 4970 a
1741 4921 1825 4988 pars
1848 4901 2040 4972 occidentis
2063 4905 2135 4974 fine
2159 4906 2272 4993 ipsius
2295 4908 2410 4978 eccle·

563 5059 629 5145 sie,
654 5059 737 5127 inde
761 5065 845 5127 sunt
867 5058 963 5146 passi
986 5059 1164 5146 triginta,
1193 5061 1229 5127 et
1252 5057 1335 5124 inde
1359 5055 1562 5124 rebolbente
1585 5055 1624 5122 in
1647 5073 1732 5142 pars
1755 5056 1905 5125 meridie
1928 5077 1990 5144 per
2014 5059 2085 5127 fine
2111 5059 2226 5147 ipsius
2255 5061 2404 5130 ecclesie

562 5213 659 5300 passi
683 5214 837 5300 triginta
860 5213 954 5301 duo;
979 5219 1015 5284 et
1037 5217 1082 5284 ab
1105 5215 1189 5284 inde
1212 5213 1415 5292 rebolbente
1445 5213 1484 5280 in
1507 5229 1591 5298 pars
1615 5210 1809 5279 occidentis
1832 5230 1894 5297 per
1918 5210 1989 5279 line
2012 5214 2124 5301 ipsius
2147 5215 2296 5285 ecclesie
2321 5216 2405 5285 inde

561 5371 647 5436 sunt
670 5366 766 5454 passi
790 5367 922 5457 biginti
946 5374 1100 5455 septem:
1127 5388 1150 5438 a
1173 5366 1437 5454 septemtrionis
1459 5366 1530 5433 flue
1553 5365 1667 5452 ipsius
1690 5362 1865 5452 ecclesie,
1890 5365 1974 5434 inde
1996 5371 2082 5435 sunt
2104 5371 2200 5456 passi
2235 5375 2379 5440 centum
2403 5392 2414 5436 ε

560 5523 607 5590 ab
632 5521 783 5590 orientis
806 5521 877 5588 fine
900 5521 1012 5607 ipsius
1034 5521 1195 5606 ecclesie,
1220 5519 1303 5588 inde
1326 5523 1411 5586 sunt
1433 5518 1527 5606 passi
1551 5516 1744 5605 sexaginta
1768 5516 1948 5606 quinque,
1972 5523 2008 5589 et
2030 5522 2236 5589 rebolbente
2260 5521 2299 5589 in
2323 5541 2413 5611 pars

562 5673 711 5744 meridie
742 5693 805 5763 per
835 5674 906 5743 dne
929 5673 1041 5760 ipsius
1071 5671 1219 5740 ecclesie
1246 5671 1330 5738 inde
1358 5673 1443 5739 sunt
1470 5669 1562 5756 passi
1591 5673 1782 5761 sexaginta
1810 5677 1916 5744 octo:
1950 5678 2027 5745 tota
2056 5676 2171 5746 omnis
2201 5665 2414 5767 supradicta

458 5824 463 5832 '
559 5845 731 5899 mensura
754 5831 962 5896 mensurata
986 5827 1054 5896 fuit
1069 5827 1115 5895 ad
1135 5827 1227 5894 iusto
1251 5843 1392 5912 passum
1416 5825 1589 5916 ominum3
1614 5847 1676 5917 per
1694 5831 1769 5917 ipse
1784 5829 1868 5899 finis
1891 5835 1927 5900 et
1942 5833 2134 5922 mensurie,
2158 5833 2253 5903 sicut
2274 5833 2414 5902 dietum
