5422 7102
580 505 647 622 isi
1210 543 1380 618 cooEx
1415 542 1682 614 cavensis

526 773 750 860 monasterii,
768 777 809 841 ut
825 773 971 841 missum
995 775 1155 839 nostrum
1172 769 1256 838 illuc
1273 768 1447 857 dirigant,
1463 766 1584 836 stillis
1600 768 1757 837 arbustis
1775 765 1861 852 ipsis
1877 783 1941 833 suo
1958 770 2116 852 tempore
2133 765 2372 852 vindemiare,

529 931 573 994 et»
589 929 705 996 omnis
730 927 855 996 vinum
879 925 1007 996 exinde
1033 925 1154 1011 ibique
1178 924 1223 991 ad
1245 923 1480 1009 palmentum,
1502 923 1538 988 et
1561 921 1591 988 si
1615 937 1720 1007 poma
1743 918 1876 986 ibidem
1899 919 2024 1005 suerit,
2048 921 2161 986 totum
2186 917 2308 1004 ibique
2325 919 2380 986 di·

528 1078 698 1149 videmus
721 1099 785 1167 per
807 1079 1044 1147 medietatem:
1070 1093 1154 1162 pars
1178 1075 1290 1163 ipsius
1312 1074 1521 1144 monasterii
1538 1073 1668 1144 exinde
1684 1071 1922 1159 medietatem,
1942 1075 1979 1139 et
1996 1070 2069 1138 illis
2082 1071 2323 1156 medietatem3
2341 1075 2377 1140 et

534 1230 564 1298 si
589 1231 668 1318 ipsa
691 1230 879 1298 medietate
902 1228 1013 1316 ipsius
1036 1227 1245 1296 monasterii
1269 1227 1312 1294 de
1336 1226 1412 1313 ipso
1435 1227 1561 1293 vinum
1584 1228 1621 1292 et
1643 1242 1706 1311 per
1731 1242 1866 1292 annum
1891 1223 1963 1291 illis
1980 1227 2125 1311 portare
2140 1222 2292 1292 debeant
2307 1224 2377 1290 sal-

525 1386 589 1451 bos
613 1401 724 1470 usque
747 1381 792 1451 ad
817 1381 1004 1450 cellarium
1028 1379 1071 1447 de
1095 1379 1171 1466 ipso
1194 1377 1309 1445 locum
1325 1379 1437 1464 ipsius
1453 1376 1675 1462 monasterii,
1693 1381 1728 1444 et
1744 1377 1889 1446 mittant
1906 1375 1987 1444 illut
2003 1378 2078 1463 ipso
2093 1375 2218 1443 vinum
2233 1372 2373 1442 salbum

527 1539 567 1604 in
592 1553 788 1624 organeum
813 1535 924 1622 ipsius
935 1532 1155 1642 ’monasterii
1178 1550 1241 1618 per
1265 1530 1337 1598 iilis
1361 1533 1492 1598 bonum
1516 1529 1718 1599 conciatum
1742 1531 1778 1597 et
1802 1529 2027 1616 studiatum,
2060 1529 2153 1596 sicut
2179 1527 2376 1614 meruerit,

528 1687 581 1758 ita
606 1690 660 1776 ut,
686 1687 716 1753 si
740 1685 916 1774 placuerit
940 1685 985 1754 ad
1008 1702 1093 1772 pars
1116 1684 1229 1771 ipsius
1252 1681 1471 1768 monasterii,
1489 1699 1551 1769 por
1567 1699 1667 1750 annu
1682 1681 1758 1767 ipso
1774 1681 1896 1748 vinum
1920 1681 2075 1748 sortione
2090 1683 2215 1748 nostra
2230 1678 2303 1746 illis
2321 1696 2374 1744 re-

526 1858 661 1929 ponere
686 1839 839 1908 debeant
862 1839 982 1924 ibique
1006 1839 1045 1905 in
1068 1853 1151 1906 casa
1175 1835 1318 1904 illorum
1342 1836 1380 1902 in
1403 1853 1561 1922 organea
1584 1837 1721 1932 nostra,
1750 1853 1812 1920 per
1837 1831 1910 1900 illis
1933 1835 2027 1900 bona
2047 1833 2213 1902 conciata
2239 1838 2276 1902 et
2301 1837 2375 1900 stu·

529 1991 647 2080 diata,
672 1993 765 2062 sicut
787 1991 971 2076 meruerit,
996 1995 1032 2059 et
1054 1988 1192 2058 saciant
1214 1988 1285 2056 illis
1310 1989 1384 2075 ipso
1407 1990 1531 2056 vinum
1556 1989 1707 2076 salbum,
1731 1989 1815 2056 dum
1839 1988 1920 2056 illut
1942 1985 2025 2054 inde
2049 1986 2217 2056 tollamus
2239 1989 2373 2072 absque

530 2147 811 2235 degeneratione
835 2149 870 2214 et
893 2147 1017 2231 ingne:
1044 2144 1190 2210 missum
1215 2147 1387 2230 nostrum,
1412 2143 1496 2209 dum
1512 2161 1574 2229 pro
1598 2143 1672 2229 ipse
1689 2141 1867 2210 vindemie
1883 2139 2014 2208 ibidem
2030 2141 2186 2229 steterit,
2204 2139 2277 2208 illis
2293 2161 2374 2209 cum

530 2301 668 2372 nutrire
692 2299 884 2369 secundum
909 2297 1054 2366 illorum
1077 2296 1324 2384 possivilitate,
1348 2300 1384 2364 et
1408 2314 1470 2382 per
1493 2295 1608 2362 omnis
1628 2313 1768 2364 annum
1791 2295 1900 2364 deant
1924 2294 1996 2361 illis
2013 2294 2059 2364 ad
2075 2312 2160 2381 pars
2177 2295 2288 2380 ipsius
2306 2312 2374 2360 mo-

525 2455 678 2526 nasterii
702 2454 975 2542 palmentateca:
1001 2452 1043 2520 de
1068 2470 1135 2538 que
1158 2469 1221 2538 per
1245 2468 1380 2519 annum
1408 2452 1447 2518 in
1473 2452 1551 2536 ipsa
1574 2451 1680 2516 rebus
1705 2447 1777 2514 illis
1801 2447 2046 2534 seminaverit,
2078 2447 2187 2517 deant
2222 2448 2266 2516 ad
2294 2468 2378 2534 pars

527 2609 641 2696 ipsius
665 2605 875 2674 monasterii
898 2604 1111 2674 terraticum
1134 2603 1329 2672 secundum
1353 2602 1566 2669 consuetudo
1596 2600 1639 2670 de
1663 2601 1738 2688 ipso
1765 2600 1890 2668 locum.
1917 2605 2051 2687 preter,
2075 2600 2182 2686 quale
2217 2606 2376 2688 tempore

531 2765 639 2833 rebus
664 2763 742 2847 ipsa
766 2759 838 2827 illis
862 2758 916 2827 vel
940 2777 1021 2826 suos
1045 2757 1167 2826 eredes
1190 2762 1312 2825 tenere
1335 2759 1371 2824 et
1393 2758 1558 2825 laborare
1581 2755 1737 2822 noluerit
1760 2757 1799 2823 in
1815 2755 2024 2841 supradicta
2038 2754 2191 2840 ratione,
2206 2755 2372 2823 inclitum

526 2912 613 2980 illut
636 2913 767 2979 bonum
792 2911 1006 2995 laboratum,
1030 2913 1065 2977 et
1088 2909 1275 2994 cultatum,
1300 2913 1335 2976 et
1358 2891 1577 2995 studiatum,
1602 2915 1661 2993 et,
1686 2909 1747 2975 ubi
1771 2911 1958 2994 meruerit,
1982 2907 2120 2977 clusum
2143 2912 2306 2978 rebertar
2329 2910 2374 2978 ad

527 3069 704 3151 potestate
728 3065 842 3150 ipsius
866 3059 1087 3142 monasterii,
1113 3058 1316 3127 faciendum
1339 3059 1420 3128 inde
1443 3060 1536 3146 quod
1559 3060 1724 3148 boluerit,
1749 3019 1785 3129 et
1808 3061 1880 3128 illis
1904 3062 1961 3128 vel
1984 3061 2126 3130 illorum
2142 3063 2265 3132 eredes
2289 3063 2373 3132 inde

526 3215 628 3286 exire
652 3235 732 3283 cum
756 3214 870 3280 omnis
894 3231 959 3280 sua
981 3229 1091 3280 causa
1114 3211 1243 3296 etire,
1267 3211 1327 3277 ubi
1352 3213 1517 3280 boluerit.
1536 3211 1578 3279 de
1595 3232 1666 3298 qua
1681 3231 1745 3300 per
1761 3231 1853 3281 vona
1866 3215 2115 3285 convenientia
2129 3171 2265 3304 guadia
2282 3217 2372 3284 mihi

526 3372 595 3460 ipsi
619 3369 785 3458 germani
809 3369 1007 3454 dederunt,
1032 3372 1068 3436 et
1091 3366 1304 3434 mediatores
1326 3366 1416 3433 mihi
1442 3371 1634 3452 posuerunt
1656 3385 1693 3434 se
1717 3369 1830 3454 ipsis;
1855 3374 1892 3436 et
1925 3387 1988 3456 per
2025 3368 2102 3456 ipsa
2137 3370 2272 3457 guadia
2307 3376 2377 3440 otc.

527 3527 676 3595 Stotnto
699 3526 833 3593 mirera
854 3523 986 3608 cipinti
1010 3523 1098 3587 oriri
1121 3520 1318 3588 solidorum
1344 3519 1585 3588 Constantini.
1611 3524 1647 3589 et
1670 3523 1765 3590 hunc
1789 3526 1933 3593 brebem
1968 3525 2094 3612 scripsi
2124 3541 2190 3611 ego
2214 3525 2378 3592 ademari

526 3676 702 3746 notarius.
1602 3649 1603 3652 '

571 3802 602 3918 †
628 3830 703 3916 Ego
726 3827 919 3895 roderisius

572 3955 604 4072 †
628 3984 703 4068 Ego
726 3981 901 4050 iohannes
925 3978 1087 4048 notarius
1110 3997 1165 4046 me
1191 3978 1398 4064 subscripsi.

1255 4267 1299 4274 ιο...

1307 4624 1588 4706 DCCXXI·

1303 4919 1357 4993 A.
1385 4917 1434 4992 D.
1464 4913 1593 4996 1029.

573 5217 846 5286 summarium:

570 5318 608 5460 †
629 5369 821 5440 Undecimo
845 5385 940 5439 anno
962 5365 1182 5456 principatus
1204 5363 1402 5432 Guaimarii
1427 5362 1493 5430 filii
1517 5361 1715 5432 Guaimarii
1740 5363 1925 5452 principis,
1943 5384 2063 5435 mense
2068 5417 2382 5438 ...........

523 5523 734 5595 duodecima
756 5523 966 5591 indictione.

571 5679 712 5766 Emptio
735 5677 925 5762 castaneti,
949 5679 986 5745 et
1010 5674 1131 5761 sylvae
1154 5669 1350 5756 Nuceriae,
1376 5669 1437 5737 ubi
1462 5669 1509 5738 ad
1532 5671 1724 5738 Preturum
1746 5669 1892 5761 dicitur,
1916 5673 2013 5744 sacta
2037 5693 2100 5762 per
2123 5675 2292 5746 Ioannem
2317 5677 2383 5745 Er·

524 5831 621 5900 berti
648 5830 762 5899 fllium
786 5829 910 5898 Ioanni
934 5826 1008 5896 filio
1031 5823 1165 5893 Rotrid.
