<?xml version="1.0" encoding="UTF-8"?>
<!DOCTYPE html PUBLIC "-//W3C//DTD XHTML 1.0 Transitional//EN"
    "http://www.w3.org/TR/xhtml1/DTD/xhtml1-transitional.dtd">
<html xmlns="http://www.w3.org/1999/xhtml" xml:lang="en" lang="en">
 <head>
  <title>
</title>
<meta http-equiv="Content-Type" content="text/html;charset=utf-8" />
  <meta name='ocr-system' content='tesseract 3.04.00' />
  <meta name='ocr-capabilities' content='ocr_page ocr_carea ocr_par ocr_line ocrx_word'/>
</head>
<body>
  <div class='ocr_page' id='page_1' title='image "./codexdiplomatic03aragoog_0272.png"; bbox 0 0 5422 7102; ppageno 0'>
   <div class='ocr_carea' id='block_1_1' title="bbox 631 510 1750 586">
    <p class='ocr_par' dir='ltr' id='par_1_1' title="bbox 631 510 1750 586">
     <span class='ocr_line' id='line_1_1' title="bbox 631 510 1750 586; baseline 0.001 -4"><span class='ocrx_word' id='word_1_1' title='bbox 631 510 701 582; x_wconf 71' lang='lat'><strong>2⁶28</strong></span> <span class='ocrx_word' id='word_1_2' title='bbox 1275 510 1444 586; x_wconf 70' lang='lat' dir='ltr'><strong>donax</strong></span> <span class='ocrx_word' id='word_1_3' title='bbox 1480 510 1750 583; x_wconf 64' lang='lat' dir='ltr'><strong>Cll&#39;ltNSlS</strong></span> 
     </span>
    </p>
   </div>
   <div class='ocr_carea' id='block_1_2' title="bbox 560 737 2455 5116">
    <p class='ocr_par' dir='ltr' id='par_1_2' title="bbox 560 737 2455 5116">
     <span class='ocr_line' id='line_1_2' title="bbox 580 737 2437 830; baseline 0.006 -27"><span class='ocrx_word' id='word_1_4' title='bbox 580 737 664 805; x_wconf 90' lang='lat' dir='ltr'><strong>iude</strong></span> <span class='ocrx_word' id='word_1_5' title='bbox 688 739 953 808; x_wconf 88' lang='lat' dir='ltr'><strong>continentem:</strong></span> <span class='ocrx_word' id='word_1_6' title='bbox 979 757 1045 827; x_wconf 80' lang='lat' dir='ltr'><strong>ego</strong></span> <span class='ocrx_word' id='word_1_7' title='bbox 1067 739 1295 826; x_wconf 89' lang='lat' dir='ltr'><strong>supradictus</strong></span> <span class='ocrx_word' id='word_1_8' title='bbox 1319 737 1492 808; x_wconf 87' lang='lat' dir='ltr'><strong>iohannes</strong></span> <span class='ocrx_word' id='word_1_9' title='bbox 1517 737 1585 806; x_wconf 91' lang='lat' dir='ltr'><strong>tivi</strong></span> <span class='ocrx_word' id='word_1_10' title='bbox 1610 738 1778 808; x_wconf 87' lang='lat' dir='ltr'><strong>iamdicto</strong></span> <span class='ocrx_word' id='word_1_11' title='bbox 1802 741 1896 827; x_wconf 90' lang='lat' dir='ltr'><strong>petri</strong></span> <span class='ocrx_word' id='word_1_12' title='bbox 1921 742 2130 812; x_wconf 88' lang='lat' dir='ltr'><strong>benumdedi</strong></span> <span class='ocrx_word' id='word_1_13' title='bbox 2149 761 2212 830; x_wconf 91' lang='lat' dir='ltr'><strong>pro</strong></span> <span class='ocrx_word' id='word_1_14' title='bbox 2228 744 2306 812; x_wconf 89' lang='lat' dir='ltr'><strong>vice</strong></span> <span class='ocrx_word' id='word_1_15' title='bbox 2323 749 2386 814; x_wconf 90' lang='lat' dir='ltr'><strong>tua</strong></span> <span class='ocrx_word' id='word_1_16' title='bbox 2400 751 2437 815; x_wconf 90' lang='lat' dir='ltr'><strong>et</strong></span> 
     </span>
     <span class='ocr_line' id='line_1_3' title="bbox 580 859 2435 988; baseline 0.007 -33"><span class='ocrx_word' id='word_1_17' title='bbox 580 859 642 977; x_wconf 84' lang='lat' dir='ltr'><strong>pro</strong></span> <span class='ocrx_word' id='word_1_18' title='bbox 667 890 742 959; x_wconf 87' lang='lat' dir='ltr'><strong>vice</strong></span> <span class='ocrx_word' id='word_1_19' title='bbox 766 892 809 959; x_wconf 93' lang='lat' dir='ltr'><strong>de</strong></span> <span class='ocrx_word' id='word_1_20' title='bbox 833 893 911 980; x_wconf 89' lang='lat' dir='ltr'><strong>ipsa</strong></span> <span class='ocrx_word' id='word_1_21' title='bbox 934 910 1045 961; x_wconf 86' lang='lat' dir='ltr'><strong>uxore</strong></span> <span class='ocrx_word' id='word_1_22' title='bbox 1068 897 1146 978; x_wconf 86' lang='lat' dir='ltr'><strong>tua,</strong></span> <span class='ocrx_word' id='word_1_23' title='bbox 1171 899 1207 962; x_wconf 88' lang='lat' dir='ltr'><strong>ct</strong></span> <span class='ocrx_word' id='word_1_24' title='bbox 1228 911 1294 982; x_wconf 84' lang='lat' dir='ltr'><strong>ego</strong></span> <span class='ocrx_word' id='word_1_25' title='bbox 1319 893 1488 962; x_wconf 89' lang='lat' dir='ltr'><strong>iamdicta</strong></span> <span class='ocrx_word' id='word_1_26' title='bbox 1512 892 1635 964; x_wconf 89' lang='lat' dir='ltr'><strong>aloara</strong></span> <span class='ocrx_word' id='word_1_27' title='bbox 1652 896 1863 965; x_wconf 90' lang='lat' dir='ltr'><strong>benumdedi</strong></span> <span class='ocrx_word' id='word_1_28' title='bbox 1880 895 1945 964; x_wconf 88' lang='lat' dir='ltr'><strong>tivi</strong></span> <span class='ocrx_word' id='word_1_29' title='bbox 1963 896 2123 966; x_wconf 89' lang='lat' dir='ltr'><strong>iamdicti</strong></span> <span class='ocrx_word' id='word_1_30' title='bbox 2141 899 2234 985; x_wconf 90' lang='lat' dir='ltr'><strong>petri</strong></span> <span class='ocrx_word' id='word_1_31' title='bbox 2251 916 2316 986; x_wconf 90' lang='lat' dir='ltr'><strong>pro</strong></span> <span class='ocrx_word' id='word_1_32' title='bbox 2332 905 2435 988; x_wconf 88' lang='lat' dir='ltr'><strong>parte</strong></span> 
     </span>
     <span class='ocr_line' id='line_1_4' title="bbox 581 1045 2455 1141; baseline 0.005 -26"><span class='ocrx_word' id='word_1_33' title='bbox 581 1055 644 1116; x_wconf 88' lang='lat' dir='ltr'><strong>tua</strong></span> <span class='ocrx_word' id='word_1_34' title='bbox 668 1049 769 1116; x_wconf 90' lang='lat' dir='ltr'><strong>etde</strong></span> <span class='ocrx_word' id='word_1_35' title='bbox 793 1051 872 1137; x_wconf 85' lang='lat' dir='ltr'><strong>ipsa</strong></span> <span class='ocrx_word' id='word_1_36' title='bbox 896 1069 1007 1119; x_wconf 88' lang='lat' dir='ltr'><strong>uxore</strong></span> <span class='ocrx_word' id='word_1_37' title='bbox 1029 1055 1095 1119; x_wconf 89' lang='lat' dir='ltr'><strong>tua</strong></span> <span class='ocrx_word' id='word_1_38' title='bbox 1118 1053 1194 1119; x_wconf 90' lang='lat' dir='ltr'><strong>tota</strong></span> <span class='ocrx_word' id='word_1_39' title='bbox 1217 1054 1252 1118; x_wconf 90' lang='lat' dir='ltr'><strong>ct</strong></span> <span class='ocrx_word' id='word_1_40' title='bbox 1276 1049 1405 1118; x_wconf 91' lang='lat' dir='ltr'><strong>inclita</strong></span> <span class='ocrx_word' id='word_1_41' title='bbox 1428 1048 1619 1118; x_wconf 82' lang='lat' dir='ltr'><strong>medietate</strong></span> <span class='ocrx_word' id='word_1_42' title='bbox 1643 1051 1721 1136; x_wconf 91' lang='lat' dir='ltr'><strong>ipsa</strong></span> <span class='ocrx_word' id='word_1_43' title='bbox 1745 1057 1876 1136; x_wconf 88' lang='lat' dir='ltr'><strong>quarta</strong></span> <span class='ocrx_word' id='word_1_44' title='bbox 1901 1053 2046 1121; x_wconf 80' lang='lat' dir='ltr'><strong>meede</strong></span> <span class='ocrx_word' id='word_1_45' title='bbox 2072 1055 2150 1141; x_wconf 90' lang='lat' dir='ltr'><strong>ipsa</strong></span> <span class='ocrx_word' id='word_1_46' title='bbox 2175 1073 2254 1122; x_wconf 88' lang='lat' dir='ltr'><strong>mea</strong></span> <span class='ocrx_word' id='word_1_47' title='bbox 2286 1045 2455 1140; x_wconf 82' lang='lat' dir='ltr'><strong>quarta,¹</strong></span> 
     </span>
     <span class='ocr_line' id='line_1_5' title="bbox 581 1201 2434 1291; baseline 0.003 -23"><span class='ocrx_word' id='word_1_48' title='bbox 581 1201 737 1288; x_wconf 77' lang='lat' dir='ltr'><strong>qualiter</strong></span> <span class='ocrx_word' id='word_1_49' title='bbox 761 1201 851 1271; x_wconf 92' lang='lat' dir='ltr'><strong>mihi</strong></span> <span class='ocrx_word' id='word_1_50' title='bbox 873 1201 1032 1291; x_wconf 78' lang='lat' dir='ltr'><strong>pertinet</strong></span> <span class='ocrx_word' id='word_1_51' title='bbox 1054 1221 1117 1290; x_wconf 86' lang='lat' dir='ltr'><strong>per</strong></span> <span class='ocrx_word' id='word_1_52' title='bbox 1142 1205 1260 1290; x_wconf 89' lang='lat' dir='ltr'><strong>ipsum</strong></span> <span class='ocrx_word' id='word_1_53' title='bbox 1283 1221 1401 1271; x_wconf 91' lang='lat' dir='ltr'><strong>meum</strong></span> <span class='ocrx_word' id='word_1_54' title='bbox 1426 1201 1597 1289; x_wconf 90' lang='lat' dir='ltr'><strong>scriptum</strong></span> <span class='ocrx_word' id='word_1_55' title='bbox 1622 1201 1831 1290; x_wconf 82' lang='lat' dir='ltr'><strong>morgincap</strong></span> <span class='ocrx_word' id='word_1_56' title='bbox 1848 1253 1858 1289; x_wconf 85' lang='lat'>‚</span> <span class='ocrx_word' id='word_1_57' title='bbox 1882 1205 1974 1289; x_wconf 91' lang='lat' dir='ltr'><strong>quod</strong></span> <span class='ocrx_word' id='word_1_58' title='bbox 2006 1203 2082 1291; x_wconf 85' lang='lat' dir='ltr'><strong>ipse</strong></span> <span class='ocrx_word' id='word_1_59' title='bbox 2116 1207 2173 1274; x_wconf 87' lang='lat' dir='ltr'><strong>vir</strong></span> <span class='ocrx_word' id='word_1_60' title='bbox 2209 1223 2309 1274; x_wconf 87' lang='lat' dir='ltr'><strong>meus</strong></span> <span class='ocrx_word' id='word_1_61' title='bbox 2345 1206 2434 1276; x_wconf 91' lang='lat' dir='ltr'><strong>mihi</strong></span> 
     </span>
     <span class='ocr_line' id='line_1_6' title="bbox 581 1353 2436 1446; baseline 0.002 -24"><span class='ocrx_word' id='word_1_62' title='bbox 581 1354 664 1423; x_wconf 90' lang='lat' dir='ltr'><strong>inde</strong></span> <span class='ocrx_word' id='word_1_63' title='bbox 686 1355 806 1424; x_wconf 89' lang='lat' dir='ltr'><strong>emisit</strong></span> <span class='ocrx_word' id='word_1_64' title='bbox 823 1355 862 1422; x_wconf 89' lang='lat' dir='ltr'><strong>in</strong></span> <span class='ocrx_word' id='word_1_65' title='bbox 878 1354 938 1425; x_wconf 89' lang='lat' dir='ltr'><strong>die</strong></span> <span class='ocrx_word' id='word_1_66' title='bbox 955 1361 1077 1425; x_wconf 88' lang='lat' dir='ltr'><strong>nostre</strong></span> <span class='ocrx_word' id='word_1_67' title='bbox 1093 1356 1341 1443; x_wconf 85' lang='lat' dir='ltr'><strong>copulationis,</strong></span> <span class='ocrx_word' id='word_1_68' title='bbox 1361 1353 1488 1422; x_wconf 91' lang='lat' dir='ltr'><strong>inclita</strong></span> <span class='ocrx_word' id='word_1_69' title='bbox 1505 1354 1734 1423; x_wconf 85' lang='lat' dir='ltr'><strong>medietatem</strong></span> <span class='ocrx_word' id='word_1_70' title='bbox 1750 1354 1880 1422; x_wconf 86' lang='lat' dir='ltr'><strong>exinde</strong></span> <span class='ocrx_word' id='word_1_71' title='bbox 1897 1357 1962 1424; x_wconf 90' lang='lat' dir='ltr'><strong>tivi</strong></span> <span class='ocrx_word' id='word_1_72' title='bbox 1981 1356 2159 1427; x_wconf 90' lang='lat' dir='ltr'><strong>nominati</strong></span> <span class='ocrx_word' id='word_1_73' title='bbox 2176 1361 2270 1446; x_wconf 89' lang='lat' dir='ltr'><strong>petri</strong></span> <span class='ocrx_word' id='word_1_74' title='bbox 2287 1361 2436 1426; x_wconf 84' lang='lat' dir='ltr'><strong>benum·</strong></span> 
     </span>
     <span class='ocr_line' id='line_1_7' title="bbox 579 1507 2433 1614; baseline 0.003 -40"><span class='ocrx_word' id='word_1_75' title='bbox 579 1507 659 1576; x_wconf 89' lang='lat' dir='ltr'><strong>dedi</strong></span> <span class='ocrx_word' id='word_1_76' title='bbox 683 1525 746 1594; x_wconf 91' lang='lat' dir='ltr'><strong>pro</strong></span> <span class='ocrx_word' id='word_1_77' title='bbox 769 1508 847 1577; x_wconf 89' lang='lat' dir='ltr'><strong>vicc</strong></span> <span class='ocrx_word' id='word_1_78' title='bbox 871 1511 934 1614; x_wconf 88' lang='lat' dir='ltr'><strong>tua</strong></span> <span class='ocrx_word' id='word_1_79' title='bbox 957 1517 994 1578; x_wconf 87' lang='lat' dir='ltr'><strong>ct</strong></span> <span class='ocrx_word' id='word_1_80' title='bbox 1016 1509 1059 1577; x_wconf 91' lang='lat' dir='ltr'><strong>de</strong></span> <span class='ocrx_word' id='word_1_81' title='bbox 1083 1509 1162 1596; x_wconf 89' lang='lat' dir='ltr'><strong>ipsa</strong></span> <span class='ocrx_word' id='word_1_82' title='bbox 1186 1526 1297 1577; x_wconf 88' lang='lat' dir='ltr'><strong>uxore</strong></span> <span class='ocrx_word' id='word_1_83' title='bbox 1322 1511 1400 1594; x_wconf 88' lang='lat' dir='ltr'><strong>tua,</strong></span> <span class='ocrx_word' id='word_1_84' title='bbox 1424 1526 1506 1575; x_wconf 89' lang='lat' dir='ltr'><strong>cum</strong></span> <span class='ocrx_word' id='word_1_85' title='bbox 1529 1507 1650 1577; x_wconf 90' lang='lat' dir='ltr'><strong>omnia</strong></span> <span class='ocrx_word' id='word_1_86' title='bbox 1667 1507 1765 1576; x_wconf 89' lang='lat' dir='ltr'><strong>intro</strong></span> <span class='ocrx_word' id='word_1_87' title='bbox 1781 1527 1819 1576; x_wconf 90' lang='lat' dir='ltr'><strong>se</strong></span> <span class='ocrx_word' id='word_1_88' title='bbox 1835 1509 2026 1578; x_wconf 88' lang='lat' dir='ltr'><strong>abentibus</strong></span> <span class='ocrx_word' id='word_1_89' title='bbox 2042 1516 2078 1578; x_wconf 97' lang='lat' dir='ltr'><strong>et</strong></span> <span class='ocrx_word' id='word_1_90' title='bbox 2095 1513 2170 1579; x_wconf 85' lang='lat' dir='ltr'><strong>suis</strong></span> <span class='ocrx_word' id='word_1_91' title='bbox 2186 1512 2433 1599; x_wconf 88' lang='lat' dir='ltr'><strong>pertinentiis,</strong></span> 
     </span>
     <span class='ocr_line' id='line_1_8' title="bbox 578 1658 2430 1748; baseline 0.001 -22"><span class='ocrx_word' id='word_1_92' title='bbox 578 1666 614 1728; x_wconf 89' lang='lat' dir='ltr'><strong>et</strong></span> <span class='ocrx_word' id='word_1_93' title='bbox 637 1679 719 1730; x_wconf 91' lang='lat' dir='ltr'><strong>cum</strong></span> <span class='ocrx_word' id='word_1_94' title='bbox 742 1664 819 1732; x_wconf 89' lang='lat' dir='ltr'><strong>vice</strong></span> <span class='ocrx_word' id='word_1_95' title='bbox 842 1663 885 1731; x_wconf 90' lang='lat' dir='ltr'><strong>de</strong></span> <span class='ocrx_word' id='word_1_96' title='bbox 910 1664 967 1730; x_wconf 88' lang='lat' dir='ltr'><strong>bie</strong></span> <span class='ocrx_word' id='word_1_97' title='bbox 991 1668 1027 1732; x_wconf 94' lang='lat' dir='ltr'><strong>et</strong></span> <span class='ocrx_word' id='word_1_98' title='bbox 1050 1663 1175 1732; x_wconf 88' lang='lat' dir='ltr'><strong>andita</strong></span> <span class='ocrx_word' id='word_1_99' title='bbox 1198 1680 1277 1748; x_wconf 90' lang='lat' dir='ltr'><strong>sua,</strong></span> <span class='ocrx_word' id='word_1_100' title='bbox 1301 1667 1337 1730; x_wconf 89' lang='lat' dir='ltr'><strong>et</strong></span> <span class='ocrx_word' id='word_1_101' title='bbox 1361 1679 1440 1728; x_wconf 89' lang='lat' dir='ltr'><strong>cum</strong></span> <span class='ocrx_word' id='word_1_102' title='bbox 1467 1660 1692 1729; x_wconf 89' lang='lat' dir='ltr'><strong>medietatem</strong></span> <span class='ocrx_word' id='word_1_103' title='bbox 1716 1658 1760 1726; x_wconf 89' lang='lat' dir='ltr'><strong>de</strong></span> <span class='ocrx_word' id='word_1_104' title='bbox 1783 1659 1964 1726; x_wconf 89' lang='lat' dir='ltr'><strong>monimen</strong></span> <span class='ocrx_word' id='word_1_105' title='bbox 1980 1677 2059 1728; x_wconf 89' lang='lat' dir='ltr'><strong>mea</strong></span> <span class='ocrx_word' id='word_1_106' title='bbox 2076 1660 2159 1729; x_wconf 88' lang='lat' dir='ltr'><strong>inde</strong></span> <span class='ocrx_word' id='word_1_107' title='bbox 2176 1663 2430 1732; x_wconf 88' lang='lat' dir='ltr'><strong>continentem.</strong></span> 
     </span>
     <span class='ocr_line' id='line_1_9' title="bbox 578 1812 2428 1904; baseline 0.001 -21"><span class='ocrx_word' id='word_1_108' title='bbox 578 1819 646 1883; x_wconf 79' lang='lat' dir='ltr'><strong>Nos</strong></span> <span class='ocrx_word' id='word_1_109' title='bbox 670 1817 866 1904; x_wconf 81' lang='lat' dir='ltr'><strong>supradicti</strong></span> <span class='ocrx_word' id='word_1_110' title='bbox 893 1818 1064 1887; x_wconf 89' lang='lat' dir='ltr'><strong>iohannes</strong></span> <span class='ocrx_word' id='word_1_111' title='bbox 1092 1823 1127 1886; x_wconf 90' lang='lat' dir='ltr'><strong>et</strong></span> <span class='ocrx_word' id='word_1_112' title='bbox 1150 1817 1289 1903; x_wconf 86' lang='lat' dir='ltr'><strong>aloara,</strong></span> <span class='ocrx_word' id='word_1_113' title='bbox 1313 1817 1407 1885; x_wconf 91' lang='lat' dir='ltr'><strong>sicut</strong></span> <span class='ocrx_word' id='word_1_114' title='bbox 1431 1814 1569 1882; x_wconf 90' lang='lat' dir='ltr'><strong>dictum</strong></span> <span class='ocrx_word' id='word_1_115' title='bbox 1593 1817 1672 1898; x_wconf 87' lang='lat' dir='ltr'><strong>est,</strong></span> <span class='ocrx_word' id='word_1_116' title='bbox 1696 1813 1762 1880; x_wconf 91' lang='lat' dir='ltr'><strong>tivi</strong></span> <span class='ocrx_word' id='word_1_117' title='bbox 1787 1812 1963 1882; x_wconf 90' lang='lat' dir='ltr'><strong>nominati</strong></span> <span class='ocrx_word' id='word_1_118' title='bbox 1989 1813 2082 1900; x_wconf 88' lang='lat' dir='ltr'><strong>petri</strong></span> <span class='ocrx_word' id='word_1_119' title='bbox 2107 1815 2428 1904; x_wconf 75' lang='lat' dir='ltr'><strong>benumdedimuS,</strong></span> 
     </span>
     <span class='ocr_line' id='line_1_10' title="bbox 578 1965 2429 2058; baseline -0.001 -20"><span class='ocrx_word' id='word_1_120' title='bbox 578 1971 624 2039; x_wconf 89' lang='lat' dir='ltr'><strong>ad</strong></span> <span class='ocrx_word' id='word_1_121' title='bbox 648 1971 821 2039; x_wconf 86' lang='lat' dir='ltr'><strong>securiter</strong></span> <span class='ocrx_word' id='word_1_122' title='bbox 843 1973 880 2038; x_wconf 86' lang='lat' dir='ltr'><strong>et</strong></span> <span class='ocrx_word' id='word_1_123' title='bbox 903 1969 1055 2039; x_wconf 85' lang='lat' dir='ltr'><strong>firmiter</strong></span> <span class='ocrx_word' id='word_1_124' title='bbox 1078 1969 1203 2038; x_wconf 90' lang='lat' dir='ltr'><strong>amodo</strong></span> <span class='ocrx_word' id='word_1_125' title='bbox 1225 1972 1261 2035; x_wconf 89' lang='lat' dir='ltr'><strong>et</strong></span> <span class='ocrx_word' id='word_1_126' title='bbox 1283 1985 1422 2054; x_wconf 87' lang='lat' dir='ltr'><strong>semper</strong></span> <span class='ocrx_word' id='word_1_127' title='bbox 1447 1983 1506 2033; x_wconf 89' lang='lat' dir='ltr'><strong>vos</strong></span> <span class='ocrx_word' id='word_1_128' title='bbox 1529 1965 1725 2051; x_wconf 84' lang='lat' dir='ltr'><strong>supradicti</strong></span> <span class='ocrx_word' id='word_1_129' title='bbox 1749 1969 1872 2052; x_wconf 88' lang='lat' dir='ltr'><strong>petrus</strong></span> <span class='ocrx_word' id='word_1_130' title='bbox 1894 1971 1930 2035; x_wconf 89' lang='lat' dir='ltr'><strong>et</strong></span> <span class='ocrx_word' id='word_1_131' title='bbox 1945 1966 2174 2054; x_wconf 82' lang='lat' dir='ltr'><strong>rodelgrima‚</strong></span> <span class='ocrx_word' id='word_1_132' title='bbox 2191 1967 2248 2034; x_wconf 90' lang='lat' dir='ltr'><strong>vir</strong></span> <span class='ocrx_word' id='word_1_133' title='bbox 2269 1973 2305 2037; x_wconf 92' lang='lat' dir='ltr'><strong>et</strong></span> <span class='ocrx_word' id='word_1_134' title='bbox 2323 1989 2429 2058; x_wconf 87' lang='lat' dir='ltr'><strong>uxor,</strong></span> 
     </span>
     <span class='ocr_line' id='line_1_11' title="bbox 584 2117 2428 2209; baseline 0.001 -21"><span class='ocrx_word' id='word_1_135' title='bbox 584 2127 620 2189; x_wconf 90' lang='lat' dir='ltr'><strong>et</strong></span> <span class='ocrx_word' id='word_1_136' title='bbox 643 2123 773 2192; x_wconf 87' lang='lat' dir='ltr'><strong>vestris</strong></span> <span class='ocrx_word' id='word_1_137' title='bbox 796 2123 959 2192; x_wconf 90' lang='lat' dir='ltr'><strong>eredibus</strong></span> <span class='ocrx_word' id='word_1_138' title='bbox 983 2129 1091 2191; x_wconf 89' lang='lat' dir='ltr'><strong>cunta</strong></span> <span class='ocrx_word' id='word_1_139' title='bbox 1114 2121 1321 2209; x_wconf 90' lang='lat' dir='ltr'><strong>supradicta</strong></span> <span class='ocrx_word' id='word_1_140' title='bbox 1355 2123 1478 2188; x_wconf 88' lang='lat' dir='ltr'><strong>nostra</strong></span> <span class='ocrx_word' id='word_1_141' title='bbox 1513 2117 1736 2204; x_wconf 87' lang='lat' dir='ltr'><strong>blnditione‚</strong></span> <span class='ocrx_word' id='word_1_142' title='bbox 1767 2118 1922 2204; x_wconf 86' lang='lat' dir='ltr'><strong>qualiter</strong></span> <span class='ocrx_word' id='word_1_143' title='bbox 1946 2121 2110 2207; x_wconf 89' lang='lat' dir='ltr'><strong>superius</strong></span> <span class='ocrx_word' id='word_1_144' title='bbox 2141 2120 2303 2208; x_wconf 77' lang='lat' dir='ltr'><strong>legitur,</strong></span> <span class='ocrx_word' id='word_1_145' title='bbox 2330 2124 2428 2190; x_wconf 88' lang='lat' dir='ltr'><strong>vobis</strong></span> 
     </span>
     <span class='ocr_line' id='line_1_12' title="bbox 579 2270 2424 2362; baseline 0.001 -19"><span class='ocrx_word' id='word_1_146' title='bbox 579 2276 784 2362; x_wconf 87' lang='lat' dir='ltr'><strong>abendum,</strong></span> <span class='ocrx_word' id='word_1_147' title='bbox 807 2276 1085 2362; x_wconf 87' lang='lat' dir='ltr'><strong>dominandum,</strong></span> <span class='ocrx_word' id='word_1_148' title='bbox 1119 2274 1364 2361; x_wconf 90' lang='lat' dir='ltr'><strong>possidendum</strong></span> <span class='ocrx_word' id='word_1_149' title='bbox 1389 2276 1425 2340; x_wconf 90' lang='lat' dir='ltr'><strong>et</strong></span> <span class='ocrx_word' id='word_1_150' title='bbox 1448 2270 1568 2340; x_wconf 89' lang='lat' dir='ltr'><strong>omnia</strong></span> <span class='ocrx_word' id='word_1_151' title='bbox 1590 2272 1721 2341; x_wconf 84' lang='lat' dir='ltr'><strong>exinde</strong></span> <span class='ocrx_word' id='word_1_152' title='bbox 1745 2273 1949 2340; x_wconf 81' lang='lat' dir='ltr'><strong>iaciendum</strong></span> <span class='ocrx_word' id='word_1_153' title='bbox 1974 2275 2067 2360; x_wconf 90' lang='lat' dir='ltr'><strong>quod</strong></span> <span class='ocrx_word' id='word_1_154' title='bbox 2098 2276 2300 2362; x_wconf 80' lang='lat' dir='ltr'><strong>bolueritis3</strong></span> <span class='ocrx_word' id='word_1_155' title='bbox 2332 2277 2424 2345; x_wconf 91' lang='lat' dir='ltr'><strong>unde</strong></span> 
     </span>
     <span class='ocr_line' id='line_1_13' title="bbox 576 2422 2425 2512; baseline 0 -18"><span class='ocrx_word' id='word_1_156' title='bbox 576 2445 639 2512; x_wconf 90' lang='lat' dir='ltr'><strong>pro</strong></span> <span class='ocrx_word' id='word_1_157' title='bbox 661 2429 940 2497; x_wconf 86' lang='lat' dir='ltr'><strong>confirmandam</strong></span> <span class='ocrx_word' id='word_1_158' title='bbox 964 2431 1001 2496; x_wconf 91' lang='lat' dir='ltr'><strong>et</strong></span> <span class='ocrx_word' id='word_1_159' title='bbox 1024 2427 1310 2496; x_wconf 88' lang='lat' dir='ltr'><strong>staviliscendam</strong></span> <span class='ocrx_word' id='word_1_160' title='bbox 1335 2427 1434 2492; x_wconf 85' lang='lat' dir='ltr'><strong>vobis</strong></span> <span class='ocrx_word' id='word_1_161' title='bbox 1458 2423 1666 2509; x_wconf 87' lang='lat' dir='ltr'><strong>supradicta</strong></span> <span class='ocrx_word' id='word_1_162' title='bbox 1690 2427 1814 2491; x_wconf 92' lang='lat' dir='ltr'><strong>nostra</strong></span> <span class='ocrx_word' id='word_1_163' title='bbox 1846 2422 2069 2509; x_wconf 84' lang='lat' dir='ltr'><strong>binditione,</strong></span> <span class='ocrx_word' id='word_1_164' title='bbox 2094 2443 2190 2492; x_wconf 90' lang='lat' dir='ltr'><strong>nunc</strong></span> <span class='ocrx_word' id='word_1_165' title='bbox 2224 2446 2247 2493; x_wconf 91' lang='lat' dir='ltr'><strong>a</strong></span> <span class='ocrx_word' id='word_1_166' title='bbox 2284 2427 2425 2512; x_wconf 85' lang='lat' dir='ltr'><strong>prentis</strong></span> 
     </span>
     <span class='ocr_line' id='line_1_14' title="bbox 575 2575 2419 2668; baseline -0.002 -20"><span class='ocrx_word' id='word_1_167' title='bbox 575 2583 771 2668; x_wconf 87' lang='lat' dir='ltr'><strong>recepimus</strong></span> <span class='ocrx_word' id='word_1_168' title='bbox 794 2579 924 2651; x_wconf 79' lang='lat' dir='ltr'><strong>exinde</strong></span> <span class='ocrx_word' id='word_1_169' title='bbox 948 2602 969 2648; x_wconf 90' lang='lat' dir='ltr'><strong>a</strong></span> <span class='ocrx_word' id='word_1_170' title='bbox 993 2585 1027 2647; x_wconf 87' lang='lat' dir='ltr'><strong>te</strong></span> <span class='ocrx_word' id='word_1_171' title='bbox 1050 2577 1275 2664; x_wconf 87' lang='lat' dir='ltr'><strong>supradictus</strong></span> <span class='ocrx_word' id='word_1_172' title='bbox 1299 2581 1421 2662; x_wconf 89' lang='lat' dir='ltr'><strong>petrus</strong></span> <span class='ocrx_word' id='word_1_173' title='bbox 1445 2580 1620 2644; x_wconf 89' lang='lat' dir='ltr'><strong>statutum</strong></span> <span class='ocrx_word' id='word_1_174' title='bbox 1644 2575 1800 2660; x_wconf 88' lang='lat' dir='ltr'><strong>pretium</strong></span> <span class='ocrx_word' id='word_1_175' title='bbox 1824 2575 1906 2643; x_wconf 89' lang='lat' dir='ltr'><strong>auri</strong></span> <span class='ocrx_word' id='word_1_176' title='bbox 1932 2575 2060 2644; x_wconf 89' lang='lat' dir='ltr'><strong>solidos</strong></span> <span class='ocrx_word' id='word_1_177' title='bbox 2083 2577 2126 2644; x_wconf 91' lang='lat' dir='ltr'><strong>de</strong></span> <span class='ocrx_word' id='word_1_178' title='bbox 2149 2578 2220 2646; x_wconf 92' lang='lat' dir='ltr'><strong>tari</strong></span> <span class='ocrx_word' id='word_1_179' title='bbox 2245 2577 2328 2645; x_wconf 89' lang='lat' dir='ltr'><strong>boni</strong></span> <span class='ocrx_word' id='word_1_180' title='bbox 2352 2598 2419 2647; x_wconf 89' lang='lat' dir='ltr'><strong>nu-</strong></span> 
     </span>
     <span class='ocr_line' id='line_1_15' title="bbox 575 2729 2422 2822; baseline 0 -21"><span class='ocrx_word' id='word_1_181' title='bbox 575 2754 713 2803; x_wconf 90' lang='lat' dir='ltr'><strong>merum</strong></span> <span class='ocrx_word' id='word_1_182' title='bbox 737 2741 880 2804; x_wconf 90' lang='lat' dir='ltr'><strong>centum</strong></span> <span class='ocrx_word' id='word_1_183' title='bbox 905 2754 976 2804; x_wconf 90' lang='lat' dir='ltr'><strong>ana</strong></span> <span class='ocrx_word' id='word_1_184' title='bbox 999 2733 1175 2822; x_wconf 89' lang='lat' dir='ltr'><strong>quadtuor</strong></span> <span class='ocrx_word' id='word_1_185' title='bbox 1199 2733 1279 2801; x_wconf 89' lang='lat' dir='ltr'><strong>auri</strong></span> <span class='ocrx_word' id='word_1_186' title='bbox 1305 2732 1376 2801; x_wconf 88' lang='lat' dir='ltr'><strong>tari</strong></span> <span class='ocrx_word' id='word_1_187' title='bbox 1402 2731 1486 2798; x_wconf 92' lang='lat' dir='ltr'><strong>boni</strong></span> <span class='ocrx_word' id='word_1_188' title='bbox 1512 2751 1575 2817; x_wconf 91' lang='lat' dir='ltr'><strong>per</strong></span> <span class='ocrx_word' id='word_1_189' title='bbox 1591 2731 1733 2816; x_wconf 91' lang='lat' dir='ltr'><strong>solidos,</strong></span> <span class='ocrx_word' id='word_1_190' title='bbox 1751 2729 1923 2815; x_wconf 87' lang='lat' dir='ltr'><strong>finitoque</strong></span> <span class='ocrx_word' id='word_1_191' title='bbox 1938 2729 2095 2816; x_wconf 89' lang='lat' dir='ltr'><strong>prelium</strong></span> <span class='ocrx_word' id='word_1_192' title='bbox 2110 2730 2225 2818; x_wconf 90' lang='lat' dir='ltr'><strong>ipsum</strong></span> <span class='ocrx_word' id='word_1_193' title='bbox 2243 2739 2331 2819; x_wconf 90' lang='lat' dir='ltr'><strong>aput</strong></span> <span class='ocrx_word' id='word_1_194' title='bbox 2347 2751 2422 2821; x_wconf 85' lang='lat' dir='ltr'><strong>nos,</strong></span> 
     </span>
     <span class='ocr_line' id='line_1_16' title="bbox 572 2883 2422 2977; baseline -0.002 -20"><span class='ocrx_word' id='word_1_195' title='bbox 572 2891 615 2958; x_wconf 90' lang='lat' dir='ltr'><strong>de</strong></span> <span class='ocrx_word' id='word_1_196' title='bbox 639 2910 711 2977; x_wconf 89' lang='lat' dir='ltr'><strong>qua</strong></span> <span class='ocrx_word' id='word_1_197' title='bbox 735 2907 799 2956; x_wconf 90' lang='lat' dir='ltr'><strong>nos</strong></span> <span class='ocrx_word' id='word_1_198' title='bbox 821 2889 1017 2977; x_wconf 86' lang='lat' dir='ltr'><strong>supradicti</strong></span> <span class='ocrx_word' id='word_1_199' title='bbox 1042 2891 1156 2956; x_wconf 88' lang='lat' dir='ltr'><strong>mater</strong></span> <span class='ocrx_word' id='word_1_200' title='bbox 1180 2890 1216 2953; x_wconf 90' lang='lat' dir='ltr'><strong>et</strong></span> <span class='ocrx_word' id='word_1_201' title='bbox 1240 2885 1336 2955; x_wconf 87' lang='lat' dir='ltr'><strong>filius</strong></span> <span class='ocrx_word' id='word_1_202' title='bbox 1360 2883 1493 2972; x_wconf 80' lang='lat' dir='ltr'><strong>guadia</strong></span> <span class='ocrx_word' id='word_1_203' title='bbox 1516 2883 1582 2953; x_wconf 91' lang='lat' dir='ltr'><strong>tivi</strong></span> <span class='ocrx_word' id='word_1_204' title='bbox 1608 2883 1813 2970; x_wconf 87' lang='lat' dir='ltr'><strong>supradicto</strong></span> <span class='ocrx_word' id='word_1_205' title='bbox 1836 2886 1928 2971; x_wconf 91' lang='lat' dir='ltr'><strong>petri</strong></span> <span class='ocrx_word' id='word_1_206' title='bbox 1953 2884 2052 2951; x_wconf 89' lang='lat' dir='ltr'><strong>dedit</strong></span> <span class='ocrx_word' id='word_1_207' title='bbox 2079 2889 2115 2951; x_wconf 90' lang='lat' dir='ltr'><strong>et</strong></span> <span class='ocrx_word' id='word_1_208' title='bbox 2138 2885 2331 2955; x_wconf 85' lang='lat' dir='ltr'><strong>mediatore</strong></span> <span class='ocrx_word' id='word_1_209' title='bbox 2355 2886 2422 2955; x_wconf 89' lang='lat' dir='ltr'><strong>tivi</strong></span> 
     </span>
     <span class='ocr_line' id='line_1_17' title="bbox 571 3036 2421 3130; baseline 0.001 -21"><span class='ocrx_word' id='word_1_210' title='bbox 571 3046 754 3130; x_wconf 90' lang='lat' dir='ltr'><strong>posuimus</strong></span> <span class='ocrx_word' id='word_1_211' title='bbox 777 3042 998 3112; x_wconf 85' lang='lat' dir='ltr'><strong>landenollus</strong></span> <span class='ocrx_word' id='word_1_212' title='bbox 1022 3059 1138 3108; x_wconf 90' lang='lat' dir='ltr'><strong>comes</strong></span> <span class='ocrx_word' id='word_1_213' title='bbox 1160 3040 1258 3106; x_wconf 88' lang='lat' dir='ltr'><strong>filius</strong></span> <span class='ocrx_word' id='word_1_214' title='bbox 1281 3039 1459 3124; x_wconf 89' lang='lat' dir='ltr'><strong>quondam</strong></span> <span class='ocrx_word' id='word_1_215' title='bbox 1493 3036 1700 3124; x_wconf 83' lang='lat' dir='ltr'><strong>rodelgrimi</strong></span> <span class='ocrx_word' id='word_1_216' title='bbox 1735 3037 1856 3104; x_wconf 89' lang='lat' dir='ltr'><strong>comiti</strong></span> <span class='ocrx_word' id='word_1_217' title='bbox 1876 3057 1885 3122; x_wconf 91' lang='lat'>;</span> <span class='ocrx_word' id='word_1_218' title='bbox 1910 3040 1946 3104; x_wconf 91' lang='lat' dir='ltr'><strong>et</strong></span> <span class='ocrx_word' id='word_1_219' title='bbox 1977 3056 2039 3123; x_wconf 87' lang='lat' dir='ltr'><strong>per</strong></span> <span class='ocrx_word' id='word_1_220' title='bbox 2064 3039 2142 3123; x_wconf 91' lang='lat' dir='ltr'><strong>ipsa</strong></span> <span class='ocrx_word' id='word_1_221' title='bbox 2166 3039 2307 3125; x_wconf 88' lang='lat' dir='ltr'><strong>guadia·</strong></span> <span class='ocrx_word' id='word_1_222' title='bbox 2329 3041 2421 3110; x_wconf 91' lang='lat' dir='ltr'><strong>obli-</strong></span> 
     </span>
     <span class='ocr_line' id='line_1_18' title="bbox 569 3189 2416 3282; baseline -0.002 -18"><span class='ocrx_word' id='word_1_223' title='bbox 569 3215 696 3282; x_wconf 82' lang='lat' dir='ltr'><strong>gamus</strong></span> <span class='ocrx_word' id='word_1_224' title='bbox 718 3213 782 3263; x_wconf 91' lang='lat' dir='ltr'><strong>nos</strong></span> <span class='ocrx_word' id='word_1_225' title='bbox 806 3201 842 3264; x_wconf 88' lang='lat' dir='ltr'><strong>et</strong></span> <span class='ocrx_word' id='word_1_226' title='bbox 865 3197 996 3262; x_wconf 91' lang='lat' dir='ltr'><strong>nostris</strong></span> <span class='ocrx_word' id='word_1_227' title='bbox 1021 3191 1185 3262; x_wconf 84' lang='lat' dir='ltr'><strong>eredibus</strong></span> <span class='ocrx_word' id='word_1_228' title='bbox 1210 3193 1333 3260; x_wconf 90' lang='lat' dir='ltr'><strong>amodo</strong></span> <span class='ocrx_word' id='word_1_229' title='bbox 1357 3195 1392 3258; x_wconf 89' lang='lat' dir='ltr'><strong>et</strong></span> <span class='ocrx_word' id='word_1_230' title='bbox 1414 3209 1552 3276; x_wconf 89' lang='lat' dir='ltr'><strong>semper</strong></span> <span class='ocrx_word' id='word_1_231' title='bbox 1575 3189 1828 3258; x_wconf 81' lang='lat' dir='ltr'><strong>defensandum</strong></span> <span class='ocrx_word' id='word_1_232' title='bbox 1851 3191 1950 3258; x_wconf 84' lang='lat' dir='ltr'><strong>vobis</strong></span> <span class='ocrx_word' id='word_1_233' title='bbox 1975 3191 2171 3276; x_wconf 84' lang='lat' dir='ltr'><strong>supradicti</strong></span> <span class='ocrx_word' id='word_1_234' title='bbox 2189 3195 2281 3277; x_wconf 86' lang='lat' dir='ltr'><strong>petri</strong></span> <span class='ocrx_word' id='word_1_235' title='bbox 2307 3199 2343 3262; x_wconf 87' lang='lat' dir='ltr'><strong>et</strong></span> <span class='ocrx_word' id='word_1_236' title='bbox 2359 3214 2416 3261; x_wconf 92' lang='lat' dir='ltr'><strong>ro-</strong></span> 
     </span>
     <span class='ocr_line' id='line_1_19' title="bbox 572 3347 2416 3438; baseline 0.001 -20"><span class='ocrx_word' id='word_1_237' title='bbox 572 3352 772 3438; x_wconf 83' lang='lat' dir='ltr'><strong>delgrime,</strong></span> <span class='ocrx_word' id='word_1_238' title='bbox 797 3351 852 3418; x_wconf 87' lang='lat' dir='ltr'><strong>vir</strong></span> <span class='ocrx_word' id='word_1_239' title='bbox 875 3355 910 3418; x_wconf 88' lang='lat' dir='ltr'><strong>et</strong></span> <span class='ocrx_word' id='word_1_240' title='bbox 934 3368 1052 3437; x_wconf 84' lang='lat' dir='ltr'><strong>uxor,</strong></span> <span class='ocrx_word' id='word_1_241' title='bbox 1076 3353 1112 3416; x_wconf 91' lang='lat' dir='ltr'><strong>et</strong></span> <span class='ocrx_word' id='word_1_242' title='bbox 1135 3348 1265 3417; x_wconf 88' lang='lat' dir='ltr'><strong>vestris</strong></span> <span class='ocrx_word' id='word_1_243' title='bbox 1288 3348 1454 3415; x_wconf 88' lang='lat' dir='ltr'><strong>eredibus</strong></span> <span class='ocrx_word' id='word_1_244' title='bbox 1477 3350 1589 3414; x_wconf 91' lang='lat' dir='ltr'><strong>cunta</strong></span> <span class='ocrx_word' id='word_1_245' title='bbox 1612 3347 1820 3433; x_wconf 88' lang='lat' dir='ltr'><strong>supradicta</strong></span> <span class='ocrx_word' id='word_1_246' title='bbox 1845 3352 1967 3416; x_wconf 88' lang='lat' dir='ltr'><strong>nostra</strong></span> <span class='ocrx_word' id='word_1_247' title='bbox 1998 3350 2198 3418; x_wconf 82' lang='lat' dir='ltr'><strong>blnditione</strong></span> <span class='ocrx_word' id='word_1_248' title='bbox 2223 3353 2268 3420; x_wconf 92' lang='lat' dir='ltr'><strong>da</strong></span> <span class='ocrx_word' id='word_1_249' title='bbox 2292 3369 2416 3421; x_wconf 89' lang='lat' dir='ltr'><strong>omnes</strong></span> 
     </span>
     <span class='ocr_line' id='line_1_20' title="bbox 568 3497 2411 3592; baseline -0.003 -18"><span class='ocrx_word' id='word_1_250' title='bbox 568 3507 728 3574; x_wconf 90' lang='lat' dir='ltr'><strong>homines</strong></span> <span class='ocrx_word' id='word_1_251' title='bbox 753 3506 919 3592; x_wconf 86' lang='lat' dir='ltr'><strong>omnique</strong></span> <span class='ocrx_word' id='word_1_252' title='bbox 942 3505 1130 3591; x_wconf 86' lang='lat' dir='ltr'><strong>partibus:</strong></span> <span class='ocrx_word' id='word_1_253' title='bbox 1156 3507 1302 3589; x_wconf 83' lang='lat' dir='ltr'><strong>preter,</strong></span> <span class='ocrx_word' id='word_1_254' title='bbox 1334 3501 1475 3587; x_wconf 89' lang='lat' dir='ltr'><strong>quando</strong></span> <span class='ocrx_word' id='word_1_255' title='bbox 1500 3519 1563 3585; x_wconf 89' lang='lat' dir='ltr'><strong>per</strong></span> <span class='ocrx_word' id='word_1_256' title='bbox 1588 3517 1647 3565; x_wconf 83' lang='lat' dir='ltr'><strong>ros</strong></span> <span class='ocrx_word' id='word_1_257' title='bbox 1672 3498 1758 3584; x_wconf 87' lang='lat' dir='ltr'><strong>ipsis</strong></span> <span class='ocrx_word' id='word_1_258' title='bbox 1784 3497 1966 3565; x_wconf 87' lang='lat' dir='ltr'><strong>bolueritis</strong></span> <span class='ocrx_word' id='word_1_259' title='bbox 1998 3498 2080 3566; x_wconf 85' lang='lat' dir='ltr'><strong>inde</strong></span> <span class='ocrx_word' id='word_1_260' title='bbox 2104 3505 2268 3568; x_wconf 88' lang='lat' dir='ltr'><strong>auctores</strong></span> <span class='ocrx_word' id='word_1_261' title='bbox 2294 3502 2411 3586; x_wconf 86' lang='lat' dir='ltr'><strong>fieret,</strong></span> 
     </span>
     <span class='ocr_line' id='line_1_21' title="bbox 566 3652 2407 3745; baseline -0.001 -21"><span class='ocrx_word' id='word_1_262' title='bbox 566 3664 683 3728; x_wconf 89' lang='lat' dir='ltr'><strong>vestre</strong></span> <span class='ocrx_word' id='word_1_263' title='bbox 705 3659 753 3728; x_wconf 90' lang='lat' dir='ltr'><strong>sit</strong></span> <span class='ocrx_word' id='word_1_264' title='bbox 777 3657 975 3745; x_wconf 85' lang='lat' dir='ltr'><strong>potestatis,</strong></span> <span class='ocrx_word' id='word_1_265' title='bbox 1000 3657 1155 3744; x_wconf 87' lang='lat' dir='ltr'><strong>qualiter</strong></span> <span class='ocrx_word' id='word_1_266' title='bbox 1180 3653 1365 3722; x_wconf 88' lang='lat' dir='ltr'><strong>boluerilis</strong></span> <span class='ocrx_word' id='word_1_267' title='bbox 1389 3673 1449 3720; x_wconf 88' lang='lat' dir='ltr'><strong>vos</strong></span> <span class='ocrx_word' id='word_1_268' title='bbox 1473 3659 1509 3721; x_wconf 90' lang='lat' dir='ltr'><strong>et</strong></span> <span class='ocrx_word' id='word_1_269' title='bbox 1532 3653 1658 3719; x_wconf 90' lang='lat' dir='ltr'><strong>vestris</strong></span> <span class='ocrx_word' id='word_1_270' title='bbox 1682 3652 1875 3737; x_wconf 85' lang='lat' dir='ltr'><strong>eredibus,</strong></span> <span class='ocrx_word' id='word_1_271' title='bbox 1906 3671 1988 3718; x_wconf 89' lang='lat' dir='ltr'><strong>cum</strong></span> <span class='ocrx_word' id='word_1_272' title='bbox 2023 3653 2129 3739; x_wconf 88' lang='lat' dir='ltr'><strong>quale</strong></span> <span class='ocrx_word' id='word_1_273' title='bbox 2164 3654 2344 3722; x_wconf 90' lang='lat' dir='ltr'><strong>monimen</strong></span> <span class='ocrx_word' id='word_1_274' title='bbox 2373 3663 2407 3723; x_wconf 89' lang='lat' dir='ltr'><strong>et</strong></span> 
     </span>
     <span class='ocr_line' id='line_1_22' title="bbox 566 3787 2409 3896; baseline -0.003 -17"><span class='ocrx_word' id='word_1_275' title='bbox 566 3812 704 3879; x_wconf 88' lang='lat' dir='ltr'><strong>ratione</strong></span> <span class='ocrx_word' id='word_1_276' title='bbox 729 3811 811 3879; x_wconf 88' lang='lat' dir='ltr'><strong>inde</strong></span> <span class='ocrx_word' id='word_1_277' title='bbox 835 3811 1021 3896; x_wconf 88' lang='lat' dir='ltr'><strong>abueritis‚</strong></span> <span class='ocrx_word' id='word_1_278' title='bbox 1046 3815 1082 3876; x_wconf 90' lang='lat' dir='ltr'><strong>et</strong></span> <span class='ocrx_word' id='word_1_279' title='bbox 1105 3827 1167 3894; x_wconf 84' lang='lat' dir='ltr'><strong>per</strong></span> <span class='ocrx_word' id='word_1_280' title='bbox 1192 3825 1251 3873; x_wconf 90' lang='lat' dir='ltr'><strong>vos</strong></span> <span class='ocrx_word' id='word_1_281' title='bbox 1276 3805 1362 3892; x_wconf 90' lang='lat' dir='ltr'><strong>ipsis</strong></span> <span class='ocrx_word' id='word_1_282' title='bbox 1387 3804 1468 3873; x_wconf 91' lang='lat' dir='ltr'><strong>illut</strong></span> <span class='ocrx_word' id='word_1_283' title='bbox 1493 3787 1593 3872; x_wconf 87' lang='lat' dir='ltr'><strong>vobis</strong></span> <span class='ocrx_word' id='word_1_284' title='bbox 1616 3805 1820 3874; x_wconf 87' lang='lat' dir='ltr'><strong>defensetis.</strong></span> <span class='ocrx_word' id='word_1_285' title='bbox 1839 3809 1943 3892; x_wconf 87' lang='lat' dir='ltr'><strong>Nam,</strong></span> <span class='ocrx_word' id='word_1_286' title='bbox 1960 3807 2101 3892; x_wconf 91' lang='lat' dir='ltr'><strong>quando</strong></span> <span class='ocrx_word' id='word_1_287' title='bbox 2118 3825 2181 3873; x_wconf 93' lang='lat' dir='ltr'><strong>nos</strong></span> <span class='ocrx_word' id='word_1_288' title='bbox 2201 3807 2255 3874; x_wconf 92' lang='lat' dir='ltr'><strong>vel</strong></span> <span class='ocrx_word' id='word_1_289' title='bbox 2272 3811 2409 3876; x_wconf 89' lang='lat' dir='ltr'><strong>nostros</strong></span> 
     </span>
     <span class='ocr_line' id='line_1_23' title="bbox 566 3958 2407 4048; baseline -0.002 -17"><span class='ocrx_word' id='word_1_290' title='bbox 566 3963 689 4031; x_wconf 89' lang='lat' dir='ltr'><strong>eredes</strong></span> <span class='ocrx_word' id='word_1_291' title='bbox 713 3962 797 4030; x_wconf 89' lang='lat' dir='ltr'><strong>inde</strong></span> <span class='ocrx_word' id='word_1_292' title='bbox 819 3965 982 4030; x_wconf 88' lang='lat' dir='ltr'><strong>auctores</strong></span> <span class='ocrx_word' id='word_1_293' title='bbox 1005 3961 1211 4048; x_wconf 88' lang='lat' dir='ltr'><strong>quesieritis</strong></span> <span class='ocrx_word' id='word_1_294' title='bbox 1235 3961 1354 4045; x_wconf 82' lang='lat' dir='ltr'><strong>abere,</strong></span> <span class='ocrx_word' id='word_1_295' title='bbox 1381 3975 1444 4026; x_wconf 90' lang='lat' dir='ltr'><strong>nos</strong></span> <span class='ocrx_word' id='word_1_296' title='bbox 1467 3963 1588 4026; x_wconf 87' lang='lat' dir='ltr'><strong>autem</strong></span> <span class='ocrx_word' id='word_1_297' title='bbox 1612 3963 1647 4026; x_wconf 90' lang='lat' dir='ltr'><strong>et</strong></span> <span class='ocrx_word' id='word_1_298' title='bbox 1671 3960 1803 4026; x_wconf 85' lang='lat' dir='ltr'><strong>nostris</strong></span> <span class='ocrx_word' id='word_1_299' title='bbox 1827 3958 1991 4028; x_wconf 87' lang='lat' dir='ltr'><strong>eredibus</strong></span> <span class='ocrx_word' id='word_1_300' title='bbox 2010 3961 2182 4028; x_wconf 89' lang='lat' dir='ltr'><strong>iamdicta</strong></span> <span class='ocrx_word' id='word_1_301' title='bbox 2209 3961 2407 4028; x_wconf 85' lang='lat' dir='ltr'><strong>binditione</strong></span> 
     </span>
     <span class='ocr_line' id='line_1_24' title="bbox 566 4110 2407 4200; baseline 0.003 -26"><span class='ocrx_word' id='word_1_302' title='bbox 566 4112 664 4179; x_wconf 86' lang='lat' dir='ltr'><strong>vobis</strong></span> <span class='ocrx_word' id='word_1_303' title='bbox 688 4113 886 4200; x_wconf 85' lang='lat' dir='ltr'><strong>vestrisque</strong></span> <span class='ocrx_word' id='word_1_304' title='bbox 908 4114 1072 4181; x_wconf 89' lang='lat' dir='ltr'><strong>eredibus</strong></span> <span class='ocrx_word' id='word_1_305' title='bbox 1095 4112 1329 4197; x_wconf 62' lang='lat' dir='ltr'><strong>defensemus</strong></span> <span class='ocrx_word' id='word_1_306' title='bbox 1353 4112 1447 4178; x_wconf 85' lang='lat' dir='ltr'><strong>sicut</strong></span> <span class='ocrx_word' id='word_1_307' title='bbox 1471 4110 1635 4195; x_wconf 86' lang='lat' dir='ltr'><strong>superius</strong></span> <span class='ocrx_word' id='word_1_308' title='bbox 1660 4111 1804 4199; x_wconf 82' lang='lat' dir='ltr'><strong>legitur.</strong></span> <span class='ocrx_word' id='word_1_309' title='bbox 1832 4111 1876 4179; x_wconf 86' lang='lat' dir='ltr'><strong>Et</strong></span> <span class='ocrx_word' id='word_1_310' title='bbox 1899 4113 1929 4178; x_wconf 92' lang='lat' dir='ltr'><strong>si</strong></span> <span class='ocrx_word' id='word_1_311' title='bbox 1954 4111 2076 4178; x_wconf 86' lang='lat' dir='ltr'><strong>taliter</strong></span> <span class='ocrx_word' id='word_1_312' title='bbox 2103 4111 2185 4179; x_wconf 91' lang='lat' dir='ltr'><strong>illut</strong></span> <span class='ocrx_word' id='word_1_313' title='bbox 2209 4111 2307 4179; x_wconf 91' lang='lat' dir='ltr'><strong>vobis</strong></span> <span class='ocrx_word' id='word_1_314' title='bbox 2333 4132 2407 4181; x_wconf 90' lang='lat' dir='ltr'><strong>non</strong></span> 
     </span>
     <span class='ocr_line' id='line_1_25' title="bbox 564 4263 2435 4354; baseline 0.002 -24"><span class='ocrx_word' id='word_1_315' title='bbox 564 4265 882 4354; x_wconf 82' lang='lat' dir='ltr'><strong>defensaberimus‚</strong></span> <span class='ocrx_word' id='word_1_316' title='bbox 907 4272 971 4336; x_wconf 90' lang='lat' dir='ltr'><strong>aut</strong></span> <span class='ocrx_word' id='word_1_317' title='bbox 993 4267 1024 4334; x_wconf 90' lang='lat' dir='ltr'><strong>si</strong></span> <span class='ocrx_word' id='word_1_318' title='bbox 1049 4283 1113 4332; x_wconf 90' lang='lat' dir='ltr'><strong>nos</strong></span> <span class='ocrx_word' id='word_1_319' title='bbox 1136 4265 1190 4332; x_wconf 91' lang='lat' dir='ltr'><strong>vel</strong></span> <span class='ocrx_word' id='word_1_320' title='bbox 1214 4266 1346 4332; x_wconf 89' lang='lat' dir='ltr'><strong>nostris</strong></span> <span class='ocrx_word' id='word_1_321' title='bbox 1370 4263 1535 4332; x_wconf 88' lang='lat' dir='ltr'><strong>eredibus</strong></span> <span class='ocrx_word' id='word_1_322' title='bbox 1559 4263 1882 4349; x_wconf 90' lang='lat' dir='ltr'><strong>quomodocumque</strong></span> <span class='ocrx_word' id='word_1_323' title='bbox 1908 4283 1969 4349; x_wconf 91' lang='lat' dir='ltr'><strong>per</strong></span> <span class='ocrx_word' id='word_1_324' title='bbox 1993 4263 2250 4351; x_wconf 89' lang='lat' dir='ltr'><strong>qualecumque</strong></span> <span class='ocrx_word' id='word_1_325' title='bbox 2266 4267 2407 4335; x_wconf 88' lang='lat' dir='ltr'><strong>ratione</strong></span> <span class='ocrx_word' id='word_1_326' title='bbox 2432 4309 2435 4312; x_wconf 95' lang='lat'>-</span> 
     </span>
     <span class='ocr_line' id='line_1_26' title="bbox 564 4411 2413 4501; baseline -0.001 -17"><span class='ocrx_word' id='word_1_327' title='bbox 564 4417 803 4501; x_wconf 89' lang='lat' dir='ltr'><strong>quesierimus</strong></span> <span class='ocrx_word' id='word_1_328' title='bbox 829 4417 910 4486; x_wconf 92' lang='lat' dir='ltr'><strong>illut</strong></span> <span class='ocrx_word' id='word_1_329' title='bbox 934 4417 988 4486; x_wconf 88' lang='lat' dir='ltr'><strong>vel</strong></span> <span class='ocrx_word' id='word_1_330' title='bbox 1012 4417 1143 4486; x_wconf 88' lang='lat' dir='ltr'><strong>exinde</strong></span> <span class='ocrx_word' id='word_1_331' title='bbox 1159 4418 1260 4484; x_wconf 91' lang='lat' dir='ltr'><strong>vobis</strong></span> <span class='ocrx_word' id='word_1_332' title='bbox 1275 4415 1398 4484; x_wconf 91' lang='lat' dir='ltr'><strong>tollere</strong></span> <span class='ocrx_word' id='word_1_333' title='bbox 1416 4417 1480 4482; x_wconf 90' lang='lat' dir='ltr'><strong>aut</strong></span> <span class='ocrx_word' id='word_1_334' title='bbox 1496 4415 1676 4497; x_wconf 80' lang='lat' dir='ltr'><strong>contram,</strong></span> <span class='ocrx_word' id='word_1_335' title='bbox 1703 4412 1758 4478; x_wconf 85' lang='lat' dir='ltr'><strong>uel</strong></span> <span class='ocrx_word' id='word_1_336' title='bbox 1773 4411 1931 4498; x_wconf 82' lang='lat' dir='ltr'><strong>qualivet</strong></span> <span class='ocrx_word' id='word_1_337' title='bbox 1952 4415 2179 4481; x_wconf 86' lang='lat' dir='ltr'><strong>causationes</strong></span> <span class='ocrx_word' id='word_1_338' title='bbox 2205 4415 2287 4483; x_wconf 90' lang='lat' dir='ltr'><strong>inde</strong></span> <span class='ocrx_word' id='word_1_339' title='bbox 2313 4416 2413 4484; x_wconf 81' lang='lat' dir='ltr'><strong>uobis</strong></span> 
     </span>
     <span class='ocr_line' id='line_1_27' title="bbox 564 4563 2415 4658; baseline 0 -24"><span class='ocrx_word' id='word_1_340' title='bbox 564 4571 852 4656; x_wconf 77' lang='lat' dir='ltr'><strong>proposuerimus</strong></span> <span class='ocrx_word' id='word_1_341' title='bbox 871 4621 880 4656; x_wconf 89' lang='lat'><em>,</em></span> <span class='ocrx_word' id='word_1_342' title='bbox 915 4575 951 4638; x_wconf 88' lang='lat' dir='ltr'><strong>et</strong></span> <span class='ocrx_word' id='word_1_343' title='bbox 987 4569 1232 4658; x_wconf 89' lang='lat' dir='ltr'><strong>suprascripta</strong></span> <span class='ocrx_word' id='word_1_344' title='bbox 1256 4569 1312 4636; x_wconf 92' lang='lat' dir='ltr'><strong>vel</strong></span> <span class='ocrx_word' id='word_1_345' title='bbox 1335 4567 1467 4636; x_wconf 84' lang='lat' dir='ltr'><strong>exinde</strong></span> <span class='ocrx_word' id='word_1_346' title='bbox 1492 4563 1846 4649; x_wconf 86' lang='lat' dir='ltr'><strong>contradixerimus,</strong></span> <span class='ocrx_word' id='word_1_347' title='bbox 1869 4567 1955 4632; x_wconf 89' lang='lat' dir='ltr'><strong>tunc</strong></span> <span class='ocrx_word' id='word_1_348' title='bbox 1977 4583 2039 4650; x_wconf 87' lang='lat' dir='ltr'><strong>per</strong></span> <span class='ocrx_word' id='word_1_349' title='bbox 2064 4566 2142 4651; x_wconf 87' lang='lat' dir='ltr'><strong>ipsa</strong></span> <span class='ocrx_word' id='word_1_350' title='bbox 2164 4567 2299 4652; x_wconf 83' lang='lat' dir='ltr'><strong>guadia</strong></span> <span class='ocrx_word' id='word_1_351' title='bbox 2322 4587 2415 4635; x_wconf 87' lang='lat' dir='ltr'><strong>com-</strong></span> 
     </span>
     <span class='ocr_line' id='line_1_28' title="bbox 564 4721 2404 4810; baseline 0.002 -21"><span class='ocrx_word' id='word_1_352' title='bbox 564 4742 694 4810; x_wconf 89' lang='lat' dir='ltr'><strong>ponere</strong></span> <span class='ocrx_word' id='word_1_353' title='bbox 717 4725 916 4810; x_wconf 83' lang='lat' dir='ltr'><strong>obligamus</strong></span> <span class='ocrx_word' id='word_1_354' title='bbox 941 4742 1006 4791; x_wconf 91' lang='lat' dir='ltr'><strong>nos</strong></span> <span class='ocrx_word' id='word_1_355' title='bbox 1029 4729 1064 4792; x_wconf 90' lang='lat' dir='ltr'><strong>et</strong></span> <span class='ocrx_word' id='word_1_356' title='bbox 1088 4727 1219 4791; x_wconf 88' lang='lat' dir='ltr'><strong>nostris</strong></span> <span class='ocrx_word' id='word_1_357' title='bbox 1242 4722 1408 4789; x_wconf 90' lang='lat' dir='ltr'><strong>eredibus</strong></span> <span class='ocrx_word' id='word_1_358' title='bbox 1433 4723 1532 4788; x_wconf 90' lang='lat' dir='ltr'><strong>vobis</strong></span> <span class='ocrx_word' id='word_1_359' title='bbox 1555 4721 1753 4807; x_wconf 91' lang='lat' dir='ltr'><strong>vestrisque</strong></span> <span class='ocrx_word' id='word_1_360' title='bbox 1776 4721 1940 4789; x_wconf 86' lang='lat' dir='ltr'><strong>eredibus</strong></span> <span class='ocrx_word' id='word_1_361' title='bbox 1962 4722 2152 4790; x_wconf 90' lang='lat' dir='ltr'><strong>duocentos</strong></span> <span class='ocrx_word' id='word_1_362' title='bbox 2177 4725 2259 4792; x_wconf 88' lang='lat' dir='ltr'><strong>auri</strong></span> <span class='ocrx_word' id='word_1_363' title='bbox 2275 4725 2404 4793; x_wconf 90' lang='lat' dir='ltr'><strong>solidos</strong></span> 
     </span>
     <span class='ocr_line' id='line_1_29' title="bbox 561 4873 2404 4961; baseline 0.002 -19"><span class='ocrx_word' id='word_1_364' title='bbox 561 4876 806 4945; x_wconf 86' lang='lat' dir='ltr'><strong>constantinos</strong></span> <span class='ocrx_word' id='word_1_365' title='bbox 829 4881 877 4961; x_wconf 90' lang='lat' dir='ltr'><strong>et,</strong></span> <span class='ocrx_word' id='word_1_366' title='bbox 901 4876 994 4943; x_wconf 89' lang='lat' dir='ltr'><strong>sicut</strong></span> <span class='ocrx_word' id='word_1_367' title='bbox 1017 4875 1152 4942; x_wconf 90' lang='lat' dir='ltr'><strong>dictum</strong></span> <span class='ocrx_word' id='word_1_368' title='bbox 1175 4881 1241 4961; x_wconf 85' lang='lat' dir='ltr'><strong>est,</strong></span> <span class='ocrx_word' id='word_1_369' title='bbox 1266 4873 1348 4941; x_wconf 92' lang='lat' dir='ltr'><strong>illut</strong></span> <span class='ocrx_word' id='word_1_370' title='bbox 1373 4873 1472 4942; x_wconf 86' lang='lat' dir='ltr'><strong>vobis</strong></span> <span class='ocrx_word' id='word_1_371' title='bbox 1494 4873 1734 4958; x_wconf 78' lang='lat' dir='ltr'><strong>defensemuS,</strong></span> <span class='ocrx_word' id='word_1_372' title='bbox 1757 4877 1793 4941; x_wconf 90' lang='lat' dir='ltr'><strong>et</strong></span> <span class='ocrx_word' id='word_1_373' title='bbox 1816 4873 1951 4959; x_wconf 90' lang='lat' dir='ltr'><strong>questio</strong></span> <span class='ocrx_word' id='word_1_374' title='bbox 1974 4879 2011 4941; x_wconf 93' lang='lat' dir='ltr'><strong>et</strong></span> <span class='ocrx_word' id='word_1_375' title='bbox 2034 4878 2195 4945; x_wconf 86' lang='lat' dir='ltr'><strong>causatio</strong></span> <span class='ocrx_word' id='word_1_376' title='bbox 2219 4883 2343 4947; x_wconf 88' lang='lat' dir='ltr'><strong>nostra</strong></span> <span class='ocrx_word' id='word_1_377' title='bbox 2367 4883 2404 4946; x_wconf 89' lang='lat' dir='ltr'><strong>et</strong></span> 
     </span>
     <span class='ocr_line' id='line_1_30' title="bbox 560 5026 2404 5116; baseline 0.001 -20"><span class='ocrx_word' id='word_1_378' title='bbox 560 5030 603 5096; x_wconf 89' lang='lat' dir='ltr'><strong>de</strong></span> <span class='ocrx_word' id='word_1_379' title='bbox 626 5031 758 5097; x_wconf 88' lang='lat' dir='ltr'><strong>nostris</strong></span> <span class='ocrx_word' id='word_1_380' title='bbox 783 5029 949 5098; x_wconf 90' lang='lat' dir='ltr'><strong>eredibus</strong></span> <span class='ocrx_word' id='word_1_381' title='bbox 972 5026 1142 5096; x_wconf 88' lang='lat' dir='ltr'><strong>adversus</strong></span> <span class='ocrx_word' id='word_1_382' title='bbox 1166 5043 1225 5093; x_wconf 90' lang='lat' dir='ltr'><strong>vos</strong></span> <span class='ocrx_word' id='word_1_383' title='bbox 1248 5030 1285 5093; x_wconf 94' lang='lat' dir='ltr'><strong>et</strong></span> <span class='ocrx_word' id='word_1_384' title='bbox 1307 5026 1434 5095; x_wconf 86' lang='lat' dir='ltr'><strong>vestris</strong></span> <span class='ocrx_word' id='word_1_385' title='bbox 1457 5027 1622 5094; x_wconf 88' lang='lat' dir='ltr'><strong>eredibus</strong></span> <span class='ocrx_word' id='word_1_386' title='bbox 1645 5045 1782 5114; x_wconf 90' lang='lat' dir='ltr'><strong>semper</strong></span> <span class='ocrx_word' id='word_1_387' title='bbox 1805 5027 1852 5094; x_wconf 89' lang='lat' dir='ltr'><strong>sit</strong></span> <span class='ocrx_word' id='word_1_388' title='bbox 1877 5027 1958 5095; x_wconf 90' lang='lat' dir='ltr'><strong>inde</strong></span> <span class='ocrx_word' id='word_1_389' title='bbox 1982 5029 2093 5097; x_wconf 90' lang='lat' dir='ltr'><strong>tacita</strong></span> <span class='ocrx_word' id='word_1_390' title='bbox 2116 5034 2152 5096; x_wconf 90' lang='lat' dir='ltr'><strong>ct</strong></span> <span class='ocrx_word' id='word_1_391' title='bbox 2177 5032 2312 5116; x_wconf 81' lang='lat' dir='ltr'><strong>bacua3</strong></span> <span class='ocrx_word' id='word_1_392' title='bbox 2339 5035 2404 5099; x_wconf 87' lang='lat' dir='ltr'><strong>hec</strong></span> 
     </span>
    </p>
   </div>
   <div class='ocr_carea' id='block_1_3' title="bbox 561 5176 2402 5270">
    <p class='ocr_par' dir='ltr' id='par_1_3' title="bbox 561 5176 2402 5270">
     <span class='ocr_line' id='line_1_31' title="bbox 561 5176 2402 5270; baseline 0.004 -24"><span class='ocrx_word' id='word_1_393' title='bbox 561 5186 681 5248; x_wconf 89' lang='lat' dir='ltr'><strong>autem</strong></span> <span class='ocrx_word' id='word_1_394' title='bbox 705 5181 913 5266; x_wconf 89' lang='lat' dir='ltr'><strong>supradicta</strong></span> <span class='ocrx_word' id='word_1_395' title='bbox 936 5179 1133 5248; x_wconf 89' lang='lat' dir='ltr'><strong>vinditione</strong></span> <span class='ocrx_word' id='word_1_396' title='bbox 1156 5176 1381 5245; x_wconf 88' lang='lat' dir='ltr'><strong>medietatem</strong></span> <span class='ocrx_word' id='word_1_397' title='bbox 1405 5179 1543 5246; x_wconf 89' lang='lat' dir='ltr'><strong>abeatis</strong></span> <span class='ocrx_word' id='word_1_398' title='bbox 1567 5183 1607 5245; x_wconf 93' lang='lat' dir='ltr'><strong>tu</strong></span> <span class='ocrx_word' id='word_1_399' title='bbox 1630 5179 1858 5264; x_wconf 89' lang='lat' dir='ltr'><strong>supradictus</strong></span> <span class='ocrx_word' id='word_1_400' title='bbox 1882 5183 2004 5267; x_wconf 89' lang='lat' dir='ltr'><strong>petrus</strong></span> <span class='ocrx_word' id='word_1_401' title='bbox 2031 5185 2066 5248; x_wconf 87' lang='lat' dir='ltr'><strong>et</strong></span> <span class='ocrx_word' id='word_1_402' title='bbox 2089 5185 2166 5248; x_wconf 89' lang='lat' dir='ltr'><strong>tuos</strong></span> <span class='ocrx_word' id='word_1_403' title='bbox 2189 5183 2324 5270; x_wconf 88' lang='lat' dir='ltr'><strong>eredes,</strong></span> <span class='ocrx_word' id='word_1_404' title='bbox 2349 5185 2402 5254; x_wconf 85' lang='lat' dir='ltr'><strong>fa-</strong></span> 
     </span>
    </p>
   </div>
   <div class='ocr_carea' id='block_1_4' title="bbox 560 5293 2402 5422">
    <p class='ocr_par' dir='ltr' id='par_1_4' title="bbox 560 5293 2402 5422">
     <span class='ocr_line' id='line_1_32' title="bbox 560 5293 2402 5422; baseline 0.002 -22"><span class='ocrx_word' id='word_1_405' title='bbox 560 5335 723 5401; x_wconf 87' lang='lat' dir='ltr'><strong>ciendum</strong></span> <span class='ocrx_word' id='word_1_406' title='bbox 747 5333 839 5420; x_wconf 89' lang='lat' dir='ltr'><strong>quod</strong></span> <span class='ocrx_word' id='word_1_407' title='bbox 861 5331 1075 5418; x_wconf 72' lang='lat' dir='ltr'><strong>timueritis,</strong></span> <span class='ocrx_word' id='word_1_408' title='bbox 1098 5333 1135 5397; x_wconf 90' lang='lat' dir='ltr'><strong>et</strong></span> <span class='ocrx_word' id='word_1_409' title='bbox 1159 5293 1233 5398; x_wconf 87' lang='lat' dir='ltr'><strong>alia</strong></span> <span class='ocrx_word' id='word_1_410' title='bbox 1256 5329 1480 5397; x_wconf 86' lang='lat' dir='ltr'><strong>medietatem</strong></span> <span class='ocrx_word' id='word_1_411' title='bbox 1515 5329 1648 5396; x_wconf 88' lang='lat' dir='ltr'><strong>exinde</strong></span> <span class='ocrx_word' id='word_1_412' title='bbox 1672 5323 1810 5398; x_wconf 85' lang='lat' dir='ltr'><strong>abeatis</strong></span> <span class='ocrx_word' id='word_1_413' title='bbox 1845 5339 1886 5398; x_wconf 90' lang='lat' dir='ltr'><strong>tu</strong></span> <span class='ocrx_word' id='word_1_414' title='bbox 1920 5332 2092 5400; x_wconf 88' lang='lat' dir='ltr'><strong>iamdicta</strong></span> <span class='ocrx_word' id='word_1_415' title='bbox 2121 5334 2337 5422; x_wconf 83' lang='lat' dir='ltr'><strong>rodelgrima</strong></span> <span class='ocrx_word' id='word_1_416' title='bbox 2366 5342 2402 5404; x_wconf 90' lang='lat' dir='ltr'><strong>et</strong></span> 
     </span>
    </p>
   </div>
   <div class='ocr_carea' id='block_1_5' title="bbox 559 5480 2403 5737">
    <p class='ocr_par' dir='ltr' id='par_1_5' title="bbox 559 5480 2403 5737">
     <span class='ocr_line' id='line_1_33' title="bbox 559 5480 2403 5573; baseline 0.003 -21"><span class='ocrx_word' id='word_1_417' title='bbox 559 5491 640 5553; x_wconf 89' lang='lat' dir='ltr'><strong>tuos</strong></span> <span class='ocrx_word' id='word_1_418' title='bbox 662 5485 795 5554; x_wconf 90' lang='lat' dir='ltr'><strong>eredes:</strong></span> <span class='ocrx_word' id='word_1_419' title='bbox 819 5488 960 5554; x_wconf 89' lang='lat' dir='ltr'><strong>tantum</strong></span> <span class='ocrx_word' id='word_1_420' title='bbox 984 5485 1063 5570; x_wconf 86' lang='lat' dir='ltr'><strong>ipsa</strong></span> <span class='ocrx_word' id='word_1_421' title='bbox 1086 5481 1313 5551; x_wconf 88' lang='lat' dir='ltr'><strong>medietatem</strong></span> <span class='ocrx_word' id='word_1_422' title='bbox 1335 5480 1379 5549; x_wconf 90' lang='lat' dir='ltr'><strong>de</strong></span> <span class='ocrx_word' id='word_1_423' title='bbox 1402 5481 1478 5567; x_wconf 88' lang='lat' dir='ltr'><strong>ipsa</strong></span> <span class='ocrx_word' id='word_1_424' title='bbox 1502 5485 1632 5566; x_wconf 85' lang='lat' dir='ltr'><strong>quarta</strong></span> <span class='ocrx_word' id='word_1_425' title='bbox 1655 5501 1745 5568; x_wconf 88' lang='lat' dir='ltr'><strong>quas</strong></span> <span class='ocrx_word' id='word_1_426' title='bbox 1768 5483 1933 5570; x_wconf 88' lang='lat' dir='ltr'><strong>superius</strong></span> <span class='ocrx_word' id='word_1_427' title='bbox 1957 5503 2022 5571; x_wconf 82' lang='lat' dir='ltr'><strong>ego</strong></span> <span class='ocrx_word' id='word_1_428' title='bbox 2047 5487 2254 5573; x_wconf 88' lang='lat' dir='ltr'><strong>supradicta</strong></span> <span class='ocrx_word' id='word_1_429' title='bbox 2279 5488 2403 5558; x_wconf 87' lang='lat' dir='ltr'><strong>aloara</strong></span> 
     </span>
     <span class='ocr_line' id='line_1_34' title="bbox 559 5634 2402 5737; baseline 0.004 -33"><span class='ocrx_word' id='word_1_430' title='bbox 559 5641 657 5707; x_wconf 85' lang='lat' dir='ltr'><strong>vobis</strong></span> <span class='ocrx_word' id='word_1_431' title='bbox 681 5638 905 5727; x_wconf 88' lang='lat' dir='ltr'><strong>benumdedi,</strong></span> <span class='ocrx_word' id='word_1_432' title='bbox 928 5639 1052 5708; x_wconf 87' lang='lat' dir='ltr'><strong>diebus</strong></span> <span class='ocrx_word' id='word_1_433' title='bbox 1077 5636 1149 5704; x_wconf 87' lang='lat' dir='ltr'><strong>bite</strong></span> <span class='ocrx_word' id='word_1_434' title='bbox 1172 5653 1248 5704; x_wconf 90' lang='lat' dir='ltr'><strong>mee</strong></span> <span class='ocrx_word' id='word_1_435' title='bbox 1271 5635 1452 5737; x_wconf 73' lang='lat' dir='ltr'><strong>reserbavi</strong></span> <span class='ocrx_word' id='word_1_436' title='bbox 1476 5634 1521 5703; x_wconf 89' lang='lat' dir='ltr'><strong>ad</strong></span> <span class='ocrx_word' id='word_1_437' title='bbox 1545 5655 1623 5704; x_wconf 89' lang='lat' dir='ltr'><strong>mea</strong></span> <span class='ocrx_word' id='word_1_438' title='bbox 1646 5640 1885 5724; x_wconf 86' lang='lat' dir='ltr'><strong>potestatem,</strong></span> <span class='ocrx_word' id='word_1_439' title='bbox 1910 5639 1956 5708; x_wconf 91' lang='lat' dir='ltr'><strong>ad</strong></span> <span class='ocrx_word' id='word_1_440' title='bbox 1979 5639 2209 5710; x_wconf 89' lang='lat' dir='ltr'><strong>srudiandum</strong></span> <span class='ocrx_word' id='word_1_441' title='bbox 2244 5644 2402 5732; x_wconf 88' lang='lat' dir='ltr'><strong>nomine,</strong></span> 
     </span>
    </p>
   </div>
   <div class='ocr_carea' id='block_1_6' title="bbox 560 5788 2405 5880">
    <p class='ocr_par' dir='ltr' id='par_1_6' title="bbox 560 5788 2405 5880">
     <span class='ocr_line' id='line_1_35' title="bbox 560 5788 2405 5880; baseline 0.003 -21"><span class='ocrx_word' id='word_1_442' title='bbox 560 5799 594 5859; x_wconf 87' lang='lat' dir='ltr'><strong>te</strong></span> <span class='ocrx_word' id='word_1_443' title='bbox 617 5794 660 5860; x_wconf 90' lang='lat' dir='ltr'><strong>de</strong></span> <span class='ocrx_word' id='word_1_444' title='bbox 684 5794 760 5880; x_wconf 89' lang='lat' dir='ltr'><strong>ipso</strong></span> <span class='ocrx_word' id='word_1_445' title='bbox 783 5793 938 5862; x_wconf 84' lang='lat' dir='ltr'><strong>trudium</strong></span> <span class='ocrx_word' id='word_1_446' title='bbox 963 5791 1082 5858; x_wconf 90' lang='lat' dir='ltr'><strong>omnia</strong></span> <span class='ocrx_word' id='word_1_447' title='bbox 1107 5790 1221 5857; x_wconf 86' lang='lat' dir='ltr'><strong>lacere</strong></span> <span class='ocrx_word' id='word_1_448' title='bbox 1246 5788 1336 5873; x_wconf 92' lang='lat' dir='ltr'><strong>quod</strong></span> <span class='ocrx_word' id='word_1_449' title='bbox 1361 5789 1531 5874; x_wconf 90' lang='lat' dir='ltr'><strong>boluero;</strong></span> <span class='ocrx_word' id='word_1_450' title='bbox 1558 5807 1642 5858; x_wconf 88' lang='lat' dir='ltr'><strong>nam</strong></span> <span class='ocrx_word' id='word_1_451' title='bbox 1677 5809 1748 5856; x_wconf 88' lang='lat' dir='ltr'><strong>nou</strong></span> <span class='ocrx_word' id='word_1_452' title='bbox 1782 5795 1820 5860; x_wconf 90' lang='lat' dir='ltr'><strong>in</strong></span> <span class='ocrx_word' id='word_1_453' title='bbox 1843 5811 2063 5878; x_wconf 89' lang='lat' dir='ltr'><strong>quacumque</strong></span> <span class='ocrx_word' id='word_1_454' title='bbox 2095 5794 2167 5862; x_wconf 95' lang='lat' dir='ltr'><strong>alia</strong></span> <span class='ocrx_word' id='word_1_455' title='bbox 2195 5801 2296 5880; x_wconf 87' lang='lat' dir='ltr'><strong>parte</strong></span> <span class='ocrx_word' id='word_1_456' title='bbox 2321 5797 2405 5865; x_wconf 83' lang='lat' dir='ltr'><strong>illut</strong></span> 
     </span>
    </p>
   </div>
   <div class='ocr_carea' id='block_1_7' title="bbox 0 0 2716 7101">
    <p class='ocr_par' dir='ltr' id='par_1_7' title="bbox 0 0 2716 7101">
     <span class='ocr_line' id='line_1_36' title="bbox 0 0 2716 7101; baseline 0 0"><span class='ocrx_word' id='word_1_457' title='bbox 0 0 2716 7101; x_wconf 95' lang='lat' dir='ltr'><strong> </strong></span> 
     </span>
    </p>
   </div>
  </div>
 </body>
</html>
