5422 7102
648 513 717 638 eoa
1314 564 1494 638 oooux
1528 529 1799 638 'cavensis

591 807 671 858 cum
696 792 813 877 bobes,
839 795 873 858 et
897 791 970 859 illis
994 792 1100 861 liceat
1122 791 1205 859 inde
1228 793 1328 860 exire
1352 769 1433 857 cum'
1453 793 1568 859 omnis
1591 791 1735 858 illorum
1757 808 1866 860 causa
1888 793 1925 857 et
1954 789 2072 858 iacere
2103 786 2237 856 exinde
2262 785 2354 872 quod
2378 787 2437 851 bo·

593 941 712 1010 luerit.
737 942 835 1010 Unde
859 963 921 1030 per
945 943 1192 1012 conbenientia
1215 942 1349 1031 guadia
1372 941 1481 1012 michi
1507 943 1776 1029 ipse·iohannes
1799 939 1909 1027 dedit,
1927 945 1963 1009 et
1983 939 2217 1008 mediatorem
2242 937 2353 1004 michi
2377 954 2439 1024 po·

592 1095 665 1162 suit
688 1095 783 1163 citru
806 1096 903 1164 tilius
927 1096 1105 1182 quondam
1129 1096 1222 1182 petri
1247 1096 1451 1182 presbiteri,
1476 1097 1512 1161 et
1535 1113 1597 1180 per
1622 1094 1700 1180 ipsa
1723 1091 1860 1181 guadia
1884 1095 1947 1162 etc.
1975 1093 2124 1160 Stntnto
2150 1092 2286 1158 mulcta
2308 1091 2439 1175 otptntt

594 1252 681 1315 anri
704 1251 899 1317 solidorum
924 1251 1164 1318 Constantini.
1191 1249 1283 1336 quod
1308 1248 1435 1336 scripsi
1459 1265 1525 1335 ego
1549 1245 1706 1316 ademari
1734 1244 1910 1313 notarius

637 1373 667 1488 †
695 1401 769 1488 Ego
792 1404 967 1469 Iohannes
990 1399 1154 1469 notarius
1177 1418 1232 1467 me
1258 1399 1451 1486 subscripsi

636 1524 666 1640 †
692 1555 766 1640 Ego
789 1553 951 1622 ademari
974 1555 1136 1623 notarius
1159 1571 1215 1621 me
1237 1550 1442 1637 subscripsi.

1309 1801 1724 1813 ——..-..——..-—----

1303 2053 1735 2173 mcccxxxrx.

1367 2353 1418 2426 Α.
1447 2349 1496 2425 D.
1526 2347 1648 2428 1031.

614 2591 679 2733 †
702 2647 742 2710 ln
767 2645 910 2711 nomine
926 2643 1059 2710 domini
1084 2641 1347 2726 quartodecimo
1370 2657 1465 2708 anno
1487 2637 1709 2724 principatus
1733 2637 1851 2704 domni
1876 2636 1990 2703 nostri
2014 2634 2209 2722 guaimarii
2232 2634 2297 2702 filii
2313 2653 2425 2720 quon·

590 2795 672 2864 darn
698 2795 817 2862 domni
841 2791 1034 2880 guaimarii
1060 2791 1181 2878 magni
1206 2790 1391 2876 principis,
1417 2807 1535 2856 mense
1559 2791 1729 2870 octuber,
1753 2787 2021 2874 quintadecima
2045 2787 2253 2854 indictione.
2280 2787 2431 2874 Ideoque

589 2962 655 3032 ego
679 2944 808 3012 mulier
830 2943 974 3012 nomine
997 2943 1083 3010 mila
1106 2941 1183 3008 filia
1206 2941 1383 3026 quondam
1409 2939 1568 3014 iohanni,
1590 2942 1626 3004 et
1643 2955 1734 3006 uxor
1751 2957 1829 3004 sum
1846 2937 1956 3006 astilli
1971 2937 2037 3004 tilii
2057 2937 2235 3022 quondam
2252 2937 2357 3024 leoni,
2375 2938 2419 3008 de

589 3096 686 3164 claro
709 3096 800 3162 mihi
826 3096 1046 3180 pertinentes
1070 3110 1145 3159 esse
1169 3109 1243 3157 una
1268 3089 1395 3158 sedilia
1418 3089 1460 3157 de
1484 3109 1567 3158 casa
1592 3089 1689 3157 intus
1712 3089 1855 3157 castello
1881 3093 1987 3175 caput
2009 3090 2124 3174 aquis,
2142 3089 2204 3156 ubi
2228 3089 2370 3175 proprio
2387 3089 2433 3159 ad

590 3248 668 3333 ipsa
692 3247 786 3314 sassa
809 3244 953 3330 dicitur,
977 3263 1000 3312 a
1024 3261 1129 3328 super
1151 3246 1187 3310 et
1210 3243 1408 3327 propinquo
1431 3242 1509 3328 ipsa
1532 3242 1612 3328 ripa
1629 3241 1719 3307 mihi
1736 3241 1954 3327 pertinentes
1969 3260 1991 3308 a
2007 3240 2209 3326 supradicto
2226 3241 2425 3327 genitorem

593 3415 711 3464 meum
734 3401 769 3464 et
790 3399 843 3462 est
866 3395 1057 3462 coniuncta
1079 3411 1160 3462 cum
1184 3393 1261 3478 ipsa
1284 3411 1368 3461 casa
1390 3392 1434 3458 de
1457 3397 1578 3479 petrus
1603 3392 1754 3460 clericus
1777 3393 1872 3460 tilius
1888 3391 2066 3478 quondam
2082 3392 2269 3478 teuderici,
2288 3397 2324 3461 et
2344 3411 2427 3460 con-

590 3567 721 3636 gruum
746 3550 800 3614 est
823 3547 909 3614 mihi
936 3549 1011 3614 tota
1034 3549 1070 3612 et
1094 3543 1220 3612 inclita
1243 3545 1321 3630 ipsa
1345 3542 1471 3612 sedilia
1494 3544 1538 3610 de
1560 3562 1668 3630 casa,
1694 3544 1847 3630 qualiter
1870 3545 2033 3612 conciata
2065 3544 2121 3612 vel
2152 3544 2319 3614 edificata
2345 3551 2422 3631 est,

589 3695 668 3761 illos
690 3694 824 3762 donare
847 3694 892 3762 ad
917 3695 1109 3762 remedium
1135 3695 1247 3761 fllium
1273 3695 1450 3780 quondam
1474 3694 1606 3763 andree
1630 3699 1665 3762 et
1688 3695 1733 3764 ad
1751 3695 1934 3764 beraldum
1958 3716 2131 3784 generum
2146 3716 2249 3765 suum
2264 3701 2299 3765 et
2315 3697 2427 3766 tilium

588 3846 765 3931 quondam
790 3846 868 3932 biti,
885 3851 933 3931 et,
953 3849 992 3912 ut
1008 3845 1162 3931 pleniter
1178 3845 1370 3915 secundnm
1394 3845 1466 3934 lex,
1492 3865 1557 3934 ego
1581 3848 1766 3916 nominata
1783 3848 1909 3916 mulier
1934 3849 2017 3916 fecit
2040 3849 2170 3916 exinde
2194 3849 2361 3918 notitiam
2384 3849 2430 3918 ad

586 3999 746 4086 predicto
769 3999 846 4064 viro
871 4015 972 4064 meus
995 3997 1056 4084 qui
1089 3999 1144 4066 est
1174 3999 1358 4066 mundoalt
1380 4015 1512 4086 meum,
1535 4001 1572 4066 et
1596 4018 1771 4068 unacum
1795 4000 1870 4086 ipso
1893 3999 1969 4066 viro
1993 4018 2092 4067 meus
2115 4001 2251 4085 pariter
2267 4004 2441 4087 perrexi.

586 4168 666 4217 mus
689 4149 786 4217 intus
809 4153 915 4235 caput
938 4150 1041 4234 aquis
1069 4152 1151 4218 ante
1182 4147 1375 4236 subscripti
1398 4155 1504 4218 testes
1527 4169 1590 4235 per
1615 4151 1707 4218 bona
1731 4149 1982 4222 conbenientia
2005 4168 2069 4236 per
2092 4168 2162 4220 ano
2177 4169 2316 4238 quoqne
2333 4151 2429 4220 vide-

589 4300 861 4378 licetcartulam
878 4304 971 4370 bona
986 4301 1120 4370 etenim
1137 4305 1260 4370 nostra
1277 4299 1472 4370 bolumtate
1495 4300 1668 4383 donamus
1691 4302 1805 4387 adque
1828 4301 1873 4371 ad
1896 4319 2034 4386 semper
2057 4301 2434 4373 abendumcontirma-

586 4471 667 4520 mus
692 4455 791 4520 vobis
815 4451 994 4520 iamdictis
1022 4451 1167 4519 remedii
1193 4457 1230 4518 et
1253 4451 1398 4520 beraldo
1415 4455 1487 4520 tota
1508 4456 1544 4520 et
1567 4451 1693 4521 inclita
1716 4451 1794 4540 ipsa
1818 4452 1986 4521 iamdicta
2008 4451 2135 4521 sedilia
2158 4453 2200 4521 de
2216 4471 2299 4522 casa
2314 4454 2358 4522 de
2372 4455 2428 4521 in·

585 4609 643 4672 tus
665 4604 824 4690 predicto
847 4601 991 4671 castello
1014 4622 1082 4689 que
1106 4604 1188 4670 abet
1210 4619 1250 4668 ec
1266 4602 1348 4668 finis
1371 4607 1406 4668 et
1430 4601 1639 4670 mensurias
1665 4605 1695 4669 Α
1718 4620 1800 4688 pars
1823 4603 1971 4669 orientis
1993 4605 2077 4669 sunt
2099 4601 2203 4687 pedes
2225 4601 2425 4692 quadtnor‚

587 4759 626 4822 et
642 4756 786 4822 semisse
801 4773 890 4840 unu,
906 4758 943 4822 et
959 4753 1083 4840 planta
1100 4771 1184 4839 una,
1201 4757 1237 4820 et
1254 4751 1357 4820 untia
1384 4771 1468 4819 una:
1488 4771 1510 4819 a
1525 4769 1609 4837 pars
1632 4750 1893 4838 septemtrionis
1916 4755 2000 4818 sunt
2023 4753 2128 4839 pedes
2149 4753 2269 4821 decern
2285 4759 2322 4821 et
2337 4759 2428 4843 octo,

449 4946 451 4956 ,
586 4913 623 4976 et
648 4906 793 4975 semisse
815 4925 940 4993 unum,
965 4909 1002 4974 et
1026 4905 1126 4973 untie
1150 4909 1276 4974 trema
1299 4921 1383 4991 pars
1406 4903 1597 4970 occidentis
1620 4907 1704 4970 sunt
1723 4902 1827 4988 pedes
1849 4901 2038 4988 quadtnor‚
2063 4908 2099 4970 et
2115 4905 2260 4973 semisse
2285 4924 2370 4992 unu,
2393 4913 2429 4977 ct

585 5058 688 5126 untie
712 5057 898 5142 quadtnor:
923 5076 947 5126 a
968 5076 1053 5145 pars
1076 5054 1223 5124 meridie
1247 5059 1333 5122 sunt
1355 5055 1460 5140 pedes
1483 5054 1603 5121 decem
1626 5059 1661 5120 et
1683 5059 1772 5138 octo,
1789 5057 1825 5122 et
1846 5055 1990 5122 semisse
2014 5074 2136 5142 unum,
2152 5061 2188 5124 et
2211 5059 2316 5126 uncie
2339 5063 2427 5147 tres,

583 5217 695 5278 totum
719 5215 927 5278 mensurato
952 5209 997 5278 ad
1012 5209 1103 5276 iusto
1126 5207 1230 5294 pedes
1245 5225 1372 5275 manus
1387 5207 1527 5282 ominis3
1553 5208 1618 5273 hec
1642 5223 1724 5272 vero
1750 5207 1919 5274 iamdicta
1941 5207 2069 5274 sedilia
2091 5208 2134 5276 de
2156 5227 2255 5296 casa,
2272 5209 2427 5296 qualiter

582 5363 767 5431 mensuria
791 5361 868 5448 ipsa
891 5361 1101 5446 circundat,
1125 5359 1176 5426 sic
1201 5362 1276 5426 tota
1299 5361 1334 5424 et
1358 5357 1485 5426 inclita
1508 5356 1589 5424 illut
1612 5357 1709 5424 vobis
1733 5357 1880 5426 remedii
1904 5363 1940 5426 et
1954 5359 2087 5428 veraldi
2105 5360 2330 5447 donabimus,
2345 5381 2427 5429 cum

582 5515 733 5583 introitu
756 5517 860 5583 exitu
884 5518 920 5581 et
942 5513 1017 5580 vice
1040 5513 1083 5581 de
1106 5513 1166 5580 bia
1189 5530 1267 5595 sna,
1292 5517 1425 5579 etcum
1449 5509 1569 5577 omnia
1592 5509 1689 5577 intro
1711 5528 1748 5577 se
1772 5510 1962 5578 abentibus
1985 5511 2216 5598 omnibusque
2240 5513 2324 5583 inde
2346 5531 2425 5600 per·

582 5670 752 5753 timentes,
777 5665 1050 5753 ingrediendum
1067 5670 1103 5732 et
1118 5663 1390 5750 regrediendum
1415 5682 1437 5732 a
1453 5681 1558 5749 super
1574 5663 1612 5730 in
1629 5663 1704 5749 ipso
1727 5665 1869 5751 solerie,
1885 5684 1992 5751 quam
2016 5670 2051 5734 et
2066 5667 2195 5754 inipso
2210 5667 2426 5738 catoiucum

580 5821 701 5885 omnia
724 5821 843 5885 vestra
867 5815 1020 5883 utilitate
1036 5832 1099 5900 per
1123 5814 1200 5899 ipsa
1216 5815 1316 5899 regia
1331 5813 1373 5881 de
1396 5812 1471 5900 ipso
1494 5814 1626 5901 catoiu,
1650 5815 1742 5901 quod
1765 5833 1949 5885 commune
1967 5817 2131 5887 abuimus
2146 5838 2228 5887 cum
2242 5813 2424 5907 predictus
