5370 7104
985 603 1098 678 osas
1124 603 1179 675 oo
1206 565 1484 677 ro‘uoomoos
2061 609 2102 682 or

358 833 482 902 oiroum
508 853 625 902 uersus
651 831 830 920 aureliam,
859 828 901 901 alr
926 833 1061 902 orientis
1082 825 1419 936 parte-Umbriam
1445 829 1484 900 In
1509 827 1572 900 lae
1592 833 1778 925 prouincia,
1806 829 1911 904 Roma
1940 834 1978 928 ι),
2007 855 2068 927 pue
2093 833 2157 906 ali-

355 989 487 1082 quando
512 993 613 1060 totius
640 989 758 1062 mnndi
784 988 892 1086 Caput
917 991 1027 1062 estitit
1041 1029 1092 1096 .-
1107 989 1144 1058 in
1168 986 1302 1086 umbria
1322 987 1510 1080 parensium
1538 993 1569 1055 et
1594 986 1705 1057 laeum
1729 987 1894 1060 olitorium
1919 1013 1963 1062 aa
1979 992 2156 1086 spoletium

351 1149 602 1218 eousistunt-
619 1145 745 1235 Quinta
766 1150 952 1242 provincia,
982 1145 1193 1240 Campania,
1223 1144 1264 1215 ab
1293 1141 1378 1214 Urbe
1403 1141 1507 1214 llomo
1532 1144 1707 1252 usqaencl
1728 1142 1819 1230 ¹Siler
1843 1147 1881 1242 ²),
1910 1118 2057 1220 insanie
2089 1151 2156 1244 llu-

352 1306 443 1375 nium
468 1307 673 1390 extenditur,
702 1309 738 1376 in
763 1327 830 1401 qua
855 1303 1104 1398 opulentissime
1129 1302 1241 1386 urbes,
1271 1301 1411 1397 Capua,
1439 1299 1636 1396 Neapolim,
1666 1313 1696 1374 et
1723 1303 1902 1377 Salernum
1926 1307 1952 1400 ³)
1979 1311 2156 1382 constitute

357 1475 447 1537 sunt.
478 1465 585 1538 Semta
606 1469 779 1562 provincia
802 1465 954 1537 Lucania
979 1464 1112 1536 inoleat
1138 1487 1160 1534 a
1182 1465 1285 1559 (turio
1312 1463 1416 1534 Silere
1442 1463 1764 1558 comminansque
1782 1463 1972 1558 adsuetum
1990 1466 2152 1553 Siculum,

354 1646 416 1718 per
433 1646 494 1695 ora
511 1627 616 1696 maris
633 1628 776 1718 tyrreni,
796 1626 882 1695 siout
898 1631 929 1693 et
945 1622 1033 1693 duae
1050 1625 1238 1718 superiores
1259 1626 1426 1716 provincie
1452 1621 1611 1693 eleutrum
1635 1623 1750 1694 italiae
1774 1646 1914 1698 eorunm
1940 1635 2055 1700 tenens
2076 1650 2156 1721 per-

357 1785 454 1876 tinpit
479 1785 517 1854 iu
541 1804 609 1878 quo
630 1785 735 1875 posite
762 1789 842 1854 sunt
866 1783 1026 1862 ciuitates,
1054 1779 1150 1863 idest,
1179 1777 1300 1850 Pastas
1317 1779 1355 1873 ⁸),
1384 1779 1521 1858 Loiuus,
1551 1801 1727 1864 rossanus,
1755 1785 1911 1865 cosentia,
1932 1787 2102 1870 nutritus,
2123 1795 2154 1856 rt

321 2025 324 2032 Ι
360 1944 501 2035 repium.
530 1940 677 2037 Septimo
702 1943 884 2036 prouineia,
913 1943 951 2010 in
977 1941 1153 2033 apenninis
1179 1939 1309 2032 alpibus
1333 1948 1557 2032 compotator,
1586 1963 1670 2034 qaae
1697 1940 1781 2011 inde.
1798 1945 1958 2037 oriplnem
1983 1950 2150 2040 eupiunt,

358 2099 415 2170 ubi
433 2101 524 2194 alpes
540 2101 645 2171 cotiae
661 2099 843 2190 finiuntur,
864 2099 926 2169 lae
944 2097 1034 2192 alpes
1053 2099 1240 2191 apenninoe
1254 2116 1316 2190 per
1333 2096 1476 2166 mediam
1495 2096 1626 2166 italiam
1639 2107 1824 2190 perpentes,
1843 2102 1950 2170 tassia
1975 2101 2015 2170 ab
2041 2104 2155 2174 emilia

360 2267 391 2330 et
415 2258 574 2342 umbria,
604 2282 625 2328 a
648 2261 842 2352 flamminea
867 2255 1089 2340 diuiduntur,
1117 2259 1154 2326 in
1179 2281 1245 2352 qua
1268 2267 1349 2327 ssent
1373 2261 1547 2340 ciuitates,
1576 2257 1803 2330 Feronianum
1834 2269 1864 2330 et
1895 2259 2152 2346 Mantelellium,

359 2418 489 2489 lobium
514 2427 545 2488 et
570 2417 736 2501 orimum,
763 2437 823 2487 neo
847 2438 916 2488 nou
941 2425 972 2487 et
997 2414 1154 2508 oppidum
1179 2415 1265 2510 quod
1289 2421 1413 2486 nerana
1440 2417 1640 2510 appellatur.
1675 2417 1802 2488 Oetaba
1814 2421 2000 2512 provincia,
2025 2423 2150 2504 emilia·

357 2579 515 2672 incipiens
541 2600 564 2647 a
588 2575 726 2669 liparia
746 2575 931 2668 prouincia,
959 2576 1046 2644 inter
1072 2574 1161 2666 alpes
1188 2577 1374 2668 apenninas
1401 2585 1444 2647 et.
1467 2631 1474 2644 .
1498 2631 1506 2646 .
1532 2598 1658 2659 .-;e
1685 2599 1749 2649 oon
1777 2587 1897 2670 questo
1925 2578 2153 2650 monosillabo

358 2735 386 2806 si
414 2733 539 2805 ohiude
566 2731 598 2803 la
625 2730 785 2802 scrittori
811 2731 867 2802 del
886 2728 1011 2801 Codioe
1037 2727 1189 2800 Cavense
1216 2732 1269 2800 n.⁰
1286 2730 1320 2813 3,
1351 2740 1546 2824 maneantur,
1575 2756 1673 2806 come
1692 2732 1757 2803 ben
1777 2733 1805 2803 si
1832 2755 1966 2827 sumgar,
1987 2732 2078 2844 degli
2098 2732 2151 2805 ul-

354 2892 431 2966 timi
457 2890 554 2988 fogli.

352 3337 375 3416 Ι)
398 3335 558 3396 Roma—
574 3337 657 3393 tutto
681 3329 713 3391 le
737 3333 866 3408 quattro
888 3327 1009 3388 lettere
1033 3326 1213 3388 maiuscula
1237 3327 1268 3388 di
1293 3329 1382 3390 color
1405 3348 1508 3391 rosso.

251 3547 253 3551 ,
350 3485 374 3564 ²)
394 3481 672 3546 Siler-lettere
697 3480 780 3540 tuito
804 3475 996 3548 maiusoale;
1021 3473 1052 3536 la
1074 3475 1181 3555 prima
1204 3493 1296 3544 nera,
1322 3475 1351 3536 le
1375 3475 1458 3536 altre
1482 3480 1611 3555 quattro
1635 3475 1667 3536 di
1691 3476 1782 3540 color
1803 3493 1909 3540 rosso.

350 3628 373 3708 ⁸)
394 3627 623 3691 Salernum-
639 3624 758 3685 lettere
782 3627 865 3682 tutte
889 3618 1082 3690 maiuscula,
1108 3637 1127 3678 a
1149 3620 1289 3680 visenda
1312 3638 1403 3680 rosso
1428 3640 1445 3680 e
1469 3638 1562 3681 nere.

348 3771 374 3852 ⁸)
394 3771 510 3836 Pestus
523 3807 565 3818 -
580 3773 676 3834 Tulle
701 3771 751 3830 sei
774 3768 892 3830 lettere
916 3765 1108 3836 maiusoole;
1134 3763 1165 3825 le
1188 3767 1294 3846 prime
1318 3783 1422 3838 rosso,
1441 3765 1472 3825 la
1488 3772 1604 3844 quarta
1620 3786 1638 3828 e
1653 3769 1767 3845 quinta
1783 3786 1876 3841 nera,
1894 3769 2034 3832 l’ultima
2051 3789 2160 3838 rossa.
