5466 7106
1019 524 1420 604 DIPLOMATICUS
2030 546 2097 615 157

293 731 492 804 cessoribus
515 736 646 824 viginti
671 739 752 809 auri
777 741 879 811 solidi
904 748 1145 838 constantini,
1181 757 1217 821 et
1252 773 1322 821 unc
1359 757 1500 825 brebem
1536 757 1662 846 scripsi
1697 779 1762 848 ego
1796 763 1942 834 alderisi
1967 763 2151 836 notarius.

343 862 375 979 †
400 892 476 979 Ego
499 891 673 962 iohannes
695 897 860 965 notarius
884 917 939 967 me
963 901 1156 989 subscripsi

342 1013 374 1130 †
399 1047 474 1130 Ego
496 1043 583 1114 sico.

1119 1573 1321 1654 DCCV.

1075 1832 1129 1907 A.
1159 1830 1208 1908 D.
1239 1829 1366 1911 1028.

344 2073 380 2215 †
405 2127 445 2190 in
470 2124 615 2194 nomine
637 2125 774 2194 domini
798 2123 985 2192 undecimo
1000 2140 1095 2194 anno
1112 2124 1337 2211 principatus
1354 2122 1474 2190 domni
1491 2127 1602 2192 nostri
1619 2123 1805 2194 Guaimari
1821 2127 1888 2196 iilii
1905 2128 2022 2197 domni
2040 2132 2148 2217 guai-

297 2281 405 2367 mari,
421 2279 586 2367 gloriosis
608 2275 847 2366 principibus,
865 2295 985 2344 mense
1001 2279 1194 2366 nobenber,
1212 2277 1419 2348 duodecima
1437 2275 1643 2348 indictione.
1662 2281 1952 2350 Memoratorium
1968 2285 2101 2352 iactum
2127 2305 2151 2354 a

298 2453 355 2502 me
372 2434 564 2504 mosandus
580 2433 714 2500 domini
731 2431 853 2519 gratia
869 2432 980 2500 abbas
995 2430 1206 2500 monasterii
1223 2435 1346 2500 sancte
1362 2431 1446 2498 serie
1459 2429 1502 2498 de
1515 2431 1613 2498 intus
1625 2449 1693 2500 ane
1707 2431 1905 2522 civitatem,
1922 2453 1996 2504 una
2012 2454 2152 2503 mecum

298 2591 381 2658 exet
405 2591 529 2676 petrus
551 2587 740 2655 adbocator
764 2584 875 2673 ipsius
899 2582 1138 2670 monasterii,
1174 2602 1215 2652 eo
1238 2584 1331 2670 quod
1354 2587 1438 2654 ante
1462 2585 1654 2686 subscripti
1677 2589 1786 2654 testes
1809 2607 1872 2673 per
1896 2589 2152 2660 conbenientia

297 2742 449 2813 tradidit
464 2741 609 2810 adelferi
626 2740 701 2808 filio
718 2739 897 2827 quondam
913 2738 1058 2806 saberni
1073 2737 1116 2804 de
1134 2755 1207 2806 una
1223 2738 1324 2824 pecie
1341 2738 1385 2806 de
1402 2742 1501 2808 terra
1517 2758 1598 2807 cum
1615 2742 1798 2809 arbustum
1815 2741 1968 2811 vitatum
1985 2748 2022 2812 et
2038 2744 2154 2831 pomis

299 2897 341 2965 de
358 2896 473 2965 locum
488 2894 573 2962 siiia
588 2893 824 2980 pertinentem
849 2889 961 2979 ipsius
985 2893 1209 2978 monasterii,
1233 2895 1295 2978 qui
1319 2893 1362 2961 de
1378 2894 1493 2961 tribus
1508 2895 1672 2980 partibus
1696 2897 1905 2964 coniuntum
1930 2900 2051 2967 estad
2076 2901 2151 2969 alia

300 3056 406 3122 rebus
428 3053 540 3140 ipsius
563 3047 797 3134 monasterii,
820 3051 856 3116 et
878 3049 921 3116 de
943 3047 1017 3116 alia
1041 3051 1143 3133 parte
1170 3047 1241 3113 iine
1264 3046 1324 3113 via
1347 3027 1458 3132 ipsius
1482 3049 1692 3116 monasterii
1717 3048 1780 3134 qui
1811 3049 1981 3119 disseruit
2005 3054 2051 3121 ab
2075 3053 2153 3123 alia

301 3210 409 3274 rebus
433 3205 546 3292 ipsius
569 3203 778 3291 monasteri,
796 3206 831 3271 et
848 3205 901 3270 est
916 3219 979 3288 per
997 3197 1191 3294 mensuris:
1209 3220 1231 3268 a
1247 3205 1349 3287 parte
1365 3200 1557 3269 occidentis
1574 3203 1668 3288 passi
1685 3202 1928 3290 quadraginta
1952 3208 2094 3292 nobem,
2116 3211 2152 3274 et

300 3381 323 3432 a
339 3363 442 3448 parte
465 3358 616 3426 orientis
640 3357 737 3444 passi
761 3353 1022 3442 quinquaginta
1038 3373 1117 3442 seX,
1135 3358 1170 3422 et
1186 3375 1208 3422 a
1224 3358 1325 3440 parte
1342 3357 1596 3441 septentrionis
1614 3359 1710 3442 passi
1727 3357 1998 3444 quinqnaginta
2013 3360 2096 3446 due,
2116 3365 2153 3428 et

301 3521 448 3604 aparte
471 3513 621 3582 meridie
644 3531 707 3598 per
732 3513 811 3598 ipsa
837 3509 897 3576 via
921 3510 1018 3594 passi
1043 3507 1320 3595 quinquaginta,
1345 3507 1438 3576 etde
1455 3507 1529 3576 alia
1552 3510 1668 3594 pecie,
1693 3507 1834 3592 quiesi
1859 3507 1947 3578 iscla
1972 3506 2093 3595 ibique
2112 3509 2152 3576 in

297 3669 495 3756 predictum
518 3668 631 3734 locum
655 3664 754 3750 silia,
777 3664 821 3731 de
843 3663 961 3732 tribus
984 3661 1147 3750 partibus
1171 3681 1252 3728 cum
1276 3661 1381 3728 rebus
1406 3658 1557 3745 predicti
1590 3657 1798 3726 monasterii
1821 3660 1995 3729 coniunta
2008 3710 2017 3748 ,
2042 3639 2152 3729 etde

301 3824 375 3894 alia
397 3826 500 3910 parte
524 3821 595 3888 fine
618 3819 726 3886 iiubio
748 3816 949 3904 pecentino,
973 3813 1074 3882 etde
1098 3812 1234 3880 duobus
1257 3809 1420 3897 partibus
1443 3831 1466 3877 a
1488 3827 1573 3895 pars
1596 3807 1745 3877 orientis
1758 3814 1794 3879 ct
1811 3831 1833 3879 a
1848 3830 1933 3897 pars
1950 3810 2151 3880 occidentis

298 3953 372 4050 ana
394 3976 489 4067 passi
513 3975 728 4063 nonaginta,
752 3975 789 4040 et
813 3972 962 4057 aparte
985 3965 1239 4054 septentrionis
1262 3963 1360 4051 passi
1384 3963 1539 4051 triginta
1562 3962 1644 4051 duo,
1669 3967 1706 4031 et
1729 3969 1869 4052 aparte
1886 3966 2034 4035 meridie
2052 3967 2151 4055 passi

300 4132 432 4220 viginti
456 4137 544 4217 tres,
568 4132 603 4197 et
627 4129 672 4196 ab
695 4126 775 4213 ipsa
797 4141 883 4212 pars
905 4121 1055 4190 orientis
1079 4117 1251 4186 coniunta
1275 4137 1356 4186 cum
1380 4119 1457 4204 ipso
1481 4116 1588 4185 flubio
1611 4119 1813 4207 pecentino,
1825 4123 1942 4188 totum
1966 4139 2154 4192 mensura-

297 4287 442 4359 turned
466 4285 558 4354 iusto
581 4299 724 4370 passum
747 4275 872 4364 omini,
897 4277 1069 4362 quantum
1095 4271 1139 4340 ad
1162 4287 1244 4358 pars
1268 4269 1380 4356 ipsius
1404 4269 1614 4338 monasterii
1637 4270 1680 4338 de
1704 4273 1797 4338 anbo
1822 4270 1897 4356 ipse
1913 4273 2012 4357 pecie
2036 4270 2151 4359 perti-

299 4448 365 4512 net
388 4462 412 4511 a
434 4459 519 4529 pars
542 4437 684 4506 cuidam
707 4413 863 4522 guaiferi
887 4429 954 4498 iiiii
979 4426 1157 4514 quondam
1181 4423 1337 4523 guaiieri
1360 4442 1426 4509 ego
1451 4423 1563 4508 ipsius
1586 4422 1689 4491 alferi
1724 4423 1857 4492 tradidi
1877 4444 1887 4512 3
1920 4422 2052 4494 iterum
2075 4431 2151 4495 tra·

301 4599 377 4667 didi
400 4596 435 4664 ei
458 4595 502 4663 de
526 4612 599 4662 una
622 4591 697 4660 alia
720 4589 823 4676 pecia
846 4591 1049 4654 tornacum
1072 4581 1260 4650 arbustum
1276 4579 1312 4644 et
1329 4575 1442 4662 pomis
1466 4575 1561 4642 inter
1576 4577 1669 4643 anbo
1686 4577 1889 4662 supradicte
1905 4581 2017 4667 pecie,
2035 4599 2153 4667 quan·
2260 4673 2266 4680 ἡ

303 4757 378 4820 tum
403 4748 487 4817 inde
510 4746 667 4835 pertinet
690 4743 735 4812 ad
758 4759 842 4828 pars
866 4734 979 4824 ipsius
1001 4730 1211 4801 monasterii
1228 4748 1250 4796 a
1266 4731 1368 4814 parte
1393 4725 1506 4811 ipsius
1531 4724 1697 4810 guaiferi.
1718 4729 1758 4791 In
1773 4745 1814 4794 oc
1832 4728 1955 4796 ordine
1974 4728 2148 4803 iamdicta

297 4905 465 4976 tradictio
488 4901 523 4970 ci
544 4896 694 4981 tradidi,
717 4897 759 4960 ut
782 4889 903 4960 amodo
926 4891 962 4956 et
986 4903 1113 4970 senper
1136 4879 1183 4949 sit
1207 4879 1252 4948 ad
1275 4880 1483 4966 potestatem
1508 4876 1622 4962 ipsius
1646 4875 1750 4945 alieri
1774 4877 1874 4946 etde
1898 4877 1998 4946 illius
2025 4881 2148 4950 eredes

300 5058 496 5130 tenendum
520 5055 556 5121 et
579 5047 849 5131 dominandum,
875 5045 911 5111 ct
934 5043 1033 5109 fovee
1057 5041 1092 5105 et
1115 5056 1178 5105 sue
1203 5032 1373 5103 utilitatis
1395 5033 1492 5100 iusta
1515 5032 1692 5100 rationem
1716 5033 1848 5101 ibidem
1880 5034 2095 5123 iaciendum,
2115 5043 2150 5106 et

299 5211 432 5284 ibidem
454 5205 652 5276 residerent
675 5205 711 5270 et
734 5197 928 5280 abitarent,
953 5192 1014 5260 ubi
1038 5187 1229 5274 boluerint,
1255 5187 1292 5254 in
1317 5187 1396 5271 ipsa
1419 5183 1645 5272 tradictione;
1671 5189 1707 5253 et
1730 5187 1808 5274 ipsa
1832 5187 1934 5272 peeia
1951 5189 2067 5258 bacua
2084 5190 2152 5277 qui

301 5389 385 5438 cum
409 5368 485 5455 ipso
508 5359 697 5450 pecentino
721 5359 824 5425 iunta
846 5355 913 5438 est,
937 5350 1111 5436 quantum
1135 5345 1217 5412 inde
1240 5361 1306 5449 ego
1322 5342 1355 5409 ei
1373 5340 1520 5426 tradidi,
1545 5343 1734 5427 pastenent
1756 5340 1889 5409 ibidem
1912 5345 2098 5410 arbustum
2116 5350 2152 5413 et

297 5525 410 5614 pomis
435 5519 572 5606 amodo,
596 5519 634 5585 et
656 5514 758 5581 illum
779 5506 936 5579 studient
958 5509 994 5574 et
1016 5503 1182 5588 surgant;
1212 5495 1316 5564 etad
1340 5489 1493 5579 conpleti
1519 5490 1643 5560 amodo
1667 5490 1850 5559 duodecim
1873 5493 1960 5561 anni
1987 5492 2048 5560 ilie
2064 5512 2149 5562 vero

302 5687 340 5752 et
362 5677 438 5745 suis
461 5674 627 5744 eredibus
651 5668 783 5740 abeant
806 5661 845 5729 in
868 5663 943 5730 tota
966 5657 1046 5744 ipsa
1068 5651 1294 5736 tradictione,
1310 5646 1405 5733 quod
1427 5664 1491 5713 nos
1516 5646 1550 5713 ei
1573 5647 1687 5714 becua
1710 5645 2020 5735 adsingnavimus‚
2039 5649 2148 5717 arbu-

304 5843 399 5906 stum
422 5834 567 5913 bonum,
591 5809 731 5894 eurtum
746 5823 781 5888 et
796 5818 950 5885 vitatum
966 5813 1111 5895 bonum,
1129 5809 1311 5894 operatum
1328 5808 1364 5871 ct
1380 5801 1569 5887 cultatum,
1587 5800 1753 5886 desuper
1775 5805 1811 5868 et
1835 5800 1877 5868 de
1895 5803 2032 5889 subtus,
2058 5803 2151 5871 sicut
