5422 7102
999 583 1414 659 lllPLOMATlGUS
2025 586 2094 659 215

294 809 395 877 filius
418 808 597 895 quondam
621 808 786 900 alderissi
809 809 869 895 qui
893 808 1087 880 musandus
1105 811 1256 896 vocabit;
1274 813 1310 878 et
1326 829 1389 896 per
1405 809 1483 897 ipsa
1499 809 1634 897 guadia
1649 809 1824 898 obligavit
1841 829 1879 879 se
1897 812 1971 899 ipse
1987 811 2140 879 domnus

292 959 459 1046 princeps
482 965 518 1029 et
541 961 616 1029 suis
639 961 805 1030 eredibus
825 961 963 1049 amodo,
987 965 1023 1030 et
1047 961 1132 1030 dum
1154 962 1319 1030 venerint
1340 962 1385 1032 ad
1411 961 1571 1049 legitima
1594 964 1727 1031 etatem
1761 961 1828 1048 ipsi
1854 963 1959 1032 fratri
1985 963 2056 1048 sui,
2081 963 2142 1033 de-

294 1111 450 1180 fensaret
474 1109 565 1180 mibi
588 1112 728 1200 meique
751 1112 917 1182 eredibus
941 1118 1017 1184 tota
1040 1117 1076 1183 et
1101 1113 1228 1184 inclita
1244 1115 1322 1200 ipsa
1335 1111 1541 1198 traditione,
1566 1112 1722 1200 qualiter
1737 1114 1902 1200 superius
1918 1114 2052 1183 dictum
2069 1123 2138 1206 est,

292 1280 372 1330 cum
397 1261 474 1332 vice
498 1264 541 1332 dc
564 1264 624 1334 via
648 1283 714 1334 sua
737 1267 782 1334 ab
805 1265 969 1334 omnibus
992 1267 1169 1334 ominibus
1192 1266 1359 1353 omnique
1381 1265 1544 1352 partibus
1559 1267 1596 1332 et
1620 1281 1691 1332 non
1715 1263 1797 1332 illut
1812 1267 1913 1333 nobis
1929 1271 2084 1356 contret,
2103 1273 2140 1338 et

295 1418 368 1485 hab
391 1417 476 1485 inde
499 1417 538 1485 in
562 1423 673 1488 antea
696 1437 833 1509 semper
855 1419 1013 1490 defenset
1036 1419 1138 1487 nobis
1162 1421 1239 1507 ipsa
1262 1424 1357 1488 sorte
1380 1437 1445 1486 sua
1460 1437 1542 1486 oum
1564 1419 1641 1486 viee
1663 1417 1706 1487 de
1730 1419 1790 1488 bia
1813 1437 1880 1488 sua
1904 1421 1950 1487 ab
1974 1423 2142 1490 omnibus

292 1568 470 1638 ominibus
492 1571 660 1659 omnique
683 1573 857 1660 partibus.
884 1575 929 1642 Et
952 1575 982 1642 si
1006 1573 1143 1660 taliter,
1167 1577 1206 1641 ut
1229 1572 1427 1660 predictum
1450 1575 1516 1656 est,
1540 1570 1642 1637 nobis
1659 1586 1729 1637 non
1754 1572 2000 1657 adimpleverit
2016 1580 2053 1643 et
2070 1575 2141 1643 ali·

292 1721 372 1806 quit
396 1719 481 1789 inde
507 1725 779 1794 contradisserit
803 1725 901 1793 illius
925 1725 1137 1813 placentem,
1162 1743 1224 1810 per
1249 1726 1326 1808 ipsa
1349 1721 1485 1808 guadia
1500 1737 1707 1806 componere
1723 1721 1895 1809 obligavit
1911 1743 1948 1790 se
1966 1724 2045 1812 ipsa
2061 1729 2141 1814 glo-

292 1871 387 1942 riosa
409 1878 564 1960 potestas
588 1881 623 1945 et
647 1895 727 1944 suos
743 1879 865 1946 eredes
883 1879 970 1946 mihi
991 1879 1130 1963 meique
1149 1875 1314 1944 eredibus
1330 1872 1463 1959 viginti
1481 1873 1562 1939 auri
1580 1872 1709 1938 solidos
1727 1875 1987 1962 constantinos;
2016 1885 2140 1948 lamen

291 2025 393 2095 etde
416 2045 485 2112 que
508 2048 570 2114 per
595 2047 708 2098 annos
733 2032 782 2098 ibi
807 2032 1039 2117 seminamus,
1062 2032 1185 2098 demus
1209 2029 1292 2095 inde
1316 2028 1361 2095 ad
1384 2027 1499 2114 ipsum
1522 2027 1671 2093 missum
1697 2026 1840 2094 illorum
1857 2032 2069 2098 terraticum
2086 2053 2142 2102 sc-

295 2176 451 2245 cundum
478 2179 764 2248 consuetudo'de
789 2181 864 2266 ipso
887 2179 1014 2265 locum,
1039 2186 1074 2248 et
1097 2179 1239 2265 quando
1264 2177 1403 2245 venerit
1426 2176 1477 2242 ibi
1503 2179 1618 2264 ipsum
1642 2177 1789 2244 missum
1813 2197 1876 2266 pro
1893 2181 2137 2269 recipiendum

298 2327 376 2412 ipsa
399 2299 519 2415 irugia
540 2379 549 2415 ,
574 2331 794 2418 usquedum
820 2333 870 2398 ibi
895 2331 1036 2399 steterit
1059 2351 1123 2418 pro
1148 2332 1226 2418 ipsa
1250 2330 1371 2417 frugia
1393 2329 1612 2415 tollendum,
1637 2347 1698 2395 nos
1730 2329 1833 2396 illum
1863 2332 2063 2402 notriamus
2088 2357 2142 2406 se·

291 2479 443 2548 cundum
467 2487 589 2550 nostra
605 2485 889 2570 possivilitatem.
909 2487 983 2572 Ego
1000 2483 1226 2571 supradictus
1242 2483 1447 2552 benedictus
1463 2480 1543 2548 misi
1569 2483 1608 2548 in
1632 2484 1878 2570 suprascripta
1896 2489 2001 2554 rebus
2017 2493 2141 2574 petrus

290 2651 501 2718 germanum
525 2655 656 2724 meum,
678 2641 718 2704 ut
741 2640 837 2705 omni
863 2644 1018 2724 tempore
1043 2637 1130 2722 ipsis
1154 2638 1256 2704 ambo
1280 2634 1441 2722 germani
1467 2637 1503 2700 et
1527 2635 1659 2700 nostris
1673 2635 1838 2702 eredibus
1855 2637 1936 2704 illut
1952 2644 2147 2708 teneamus·

292 2784 330 2850 in
353 2786 601 2872 suprascripta
626 2789 764 2856 ratione
787 2795 823 2857 et
846 2787 1107 2875 adimpleamus
1130 2788 1254 2854 omnia
1278 2785 1392 2852 eidem
1416 2782 1567 2870 gloriose
1592 2787 1775 2870 potestatis
1791 2792 1826 2855 et
1850 2788 1895 2855 ad
1919 2789 1988 2876 ipsi
2005 2793 2135 2861 iratres

291 2936 369 3002 eius
391 2941 427 3003 et
450 2937 495 3004 ad
522 2936 665 3006 illorum
689 2939 883 3026 enodibus,
909 2939 1064 3026 qualiter
1087 2957 1198 3024 supra
1221 2937 1370 3023 legitur,
1394 2935 1486 3022 quod
1510 2937 1637 3021 scripsi
1661 2955 1726 3024 ego
1752 2939 1926 3008 iohannes
1953 2945 2134 3011 notarius.

334 3061 365 3175 †
390 3092 465 3178 Ego
488 3090 680 3159 roderisius

337 3211 368 3326 †
393 3241 467 3327 Ego
490 3244 676 3328 [aquintus
703 3245 865 3309 notarius
890 3261 944 3307 mo
970 3242 1175 3328 subscripsi.

1073 3555 1413 3568 md———n-

909 3919 912 3926 ·
1024 3879 1395 3963 DCCCXLIV.

1066 4174 1121 4250 A.
1149 4170 1200 4247 D.
1228 4167 1356 4250 1032.

338 4416 373 4555 †
398 4469 439 4535 In
465 4467 609 4535 nomine
632 4465 766 4535 domini
791 4464 1059 4552 quartodecimo
1081 4480 1175 4531 anno
1200 4461 1423 4548 principatus
1447 4461 1568 4527 domni
1592 4460 1704 4526 nostri
1730 4460 1909 4546 guaimari
1936 4461 2004 4528 filii
2028 4479 2142 4548 quon-

289 4620 373 4688 dam
396 4619 517 4687 domni
541 4617 723 4705 guaimari
746 4617 899 4704 glorioso
922 4614 1103 4702 principe,
1127 4631 1247 4681 mense
1270 4611 1415 4700 aprelis,
1438 4611 1703 4698 quintadecima
1719 4612 1927 4680 indictione.
1965 4615 2140 4682 Memora-

292 4767 425 4836 torium
449 4769 583 4836 sactum
608 4789 629 4837 a
653 4769 755 4834 nobis
779 4767 884 4836 lando
908 4767 980 4834 filio
1004 4766 1097 4833 idem
1123 4765 1268 4834 landoni
1293 4765 1402 4851 bassi,
1428 4771 1462 4833 et
1484 4765 1658 4833 nucerino
1681 4765 1755 4831 filio
1778 4767 1870 4850 eius,
1896 4771 1932 4834 et
1949 4767 2138 4835 maraldus

291 4920 387 4988 filius
411 4923 590 5008 quondam
614 4921 762 4990 iohanni
787 4923 895 5008 bassi,
919 4925 955 4988 et
978 4926 1099 5005 petrus
1117 4923 1151 4987 et
1170 4921 1312 4986 bassum
1327 4917 1493 5004 germani
1510 4915 1574 4982 filii
1590 4917 1768 5002 quondam
1792 4919 1974 5004 nucerini,
1992 4921 2053 5004 qui
2070 4921 2138 4987 luit

299 5091 494 5161 germanus
516 5073 683 5162 maraldi‚
708 5093 748 5142 eo
772 5073 864 5160 quod
889 5076 973 5141 ante
998 5071 1194 5160 subscripti
1219 5075 1325 5138 testes
1349 5087 1411 5156 per
1435 5087 1528 5138 vona
1552 5071 1812 5140 comvenientia
1836 5072 2048 5140 tradidimus
2080 5076 2135 5142 ni-

295 5228 375 5295 cola
399 5247 540 5314 grecuS,
567 5230 627 5314 qui
653 5233 705 5296 est
728 5229 883 5296 abitator
906 5227 944 5292 in
968 5227 1044 5291 locu
1069 5223 1215 5290 nucerio
1250 5227 1285 5290 et
1310 5222 1405 5288 iilius
1428 5221 1606 5306 quondam
1629 5224 1859 5290 constantino
1883 5243 2024 5311 grecuS,
2063 5246 2136 5294 una

293 5381 397 5464 pecie
419 5377 464 5448 de
486 5383 588 5448 terra
611 5384 733 5448 nostra
756 5379 847 5466 quod
870 5395 934 5445 nos
957 5373 1191 5463 suprascripti
1215 5374 1253 5439 in
1268 5369 1503 5438 communiter
1527 5372 1674 5438 abemus
1690 5371 1736 5438 ad
1751 5373 1839 5459 pede
1856 5374 1898 5441 de
1915 5379 2014 5443 turre
2032 5378 2138 5446 ruhte

294 5546 458 5618 mezano,
476 5536 512 5599 et
541 5534 594 5599 est
620 5533 698 5618 ipsa
720 5533 819 5598 terra
844 5547 905 5615 per
929 5531 993 5596 hec
1017 5527 1100 5594 finis
1124 5530 1159 5593 et
1185 5525 1376 5591 mensurie:
1394 5521 1437 5590 de
1460 5521 1547 5608 pede
1571 5524 1617 5590 ab
1640 5522 1800 5591 ocidente
1822 5525 1893 5593 fine
1918 5527 1977 5595 bia
2000 5530 2062 5613 qui
2087 5535 2140 5597 est

292 5679 335 5746 de
361 5679 448 5765 pede
472 5681 518 5750 da
542 5681 620 5770 ipsa
643 5688 775 5769 turre,
801 5657 883 5748 inde
907 5685 991 5745 sunt
1014 5678 1111 5763 passi
1135 5695 1223 5743 sex:
1252 5693 1381 5760 apars
1404 5674 1550 5742 meridie
1582 5676 1659 5742 fine
1681 5674 1751 5743 lilti
1769 5724 1781 5762 .,
1809 5677 1892 5745 inde
1925 5685 2009 5747 sunt
2044 5683 2139 5767 passi

291 5833 354 5903 alii
377 5853 455 5904 sex:
480 5856 503 5907 a
526 5857 609 5925 pars
632 5837 780 5907 orientis
806 5836 875 5900 line
899 5835 1047 5917 nostra,
1075 5829 1155 5896 inde
1187 5831 1271 5894 sunt
1300 5827 1394 5912 passi
1418 5825 1607 5910 quadtuor:
1631 5845 1653 5894 a
1676 5845 1758 5911 pars
1782 5829 2045 5913 septemtrionis
2068 5833 2139 5902 fine
