5466 7106
573 554 640 627 102
1218 539 1388 624 CODEX
1432 551 1699 626 cavensis

529 781 659 868 ruerit,
677 778 740 849 alii
764 777 885 848 decem
910 778 989 848 anri
1013 779 1084 848 tari
1108 777 1192 847 boni
1215 779 1259 848 de
1281 782 1425 848 moneta
1447 775 1602 867 pesanti,
1621 781 1660 848 ut
1683 795 1746 865 per
1770 781 1878 866 caput
1901 780 1936 845 et
1959 775 2038 844 sine
2062 775 2185 848 iuncta
2198 776 2271 846 illis
2295 777 2385 848 dare

527 950 726 1022 possamus.
752 933 797 1001 Et
819 931 848 1000 si
873 933 913 1002 in
936 931 1094 1019 predicto
1116 930 1350 1002 constitutum
1373 928 1442 1018 ipsi
1467 930 1585 1000 decem
1609 927 1689 1000 auri
1713 929 1784 999 tari
1809 927 1918 998 michi
1942 927 2079 1016 meique
2096 928 2287 998 heredibus
2311 943 2387 998 non

528 1086 698 1175 dederit,
721 1089 848 1158 inclita
871 1090 950 1176 ipsa
973 1089 1079 1156 rebus
1101 1105 1183 1156 curn
1207 1086 1285 1175 ipsa
1308 1085 1487 1154 monimen
1512 1084 1665 1171 indeque
1688 1082 1940 1171 pertinentes,
1966 1081 2058 1150 unde
2081 1081 2192 1152 michi
2216 1081 2315 1154 dedit
2337 1085 2383 1155 ad

532 1245 740 1331 abendam,
776 1243 949 1313 securiter
971 1244 1008 1310 et
1030 1239 1183 1310 firmiter
1206 1257 1265 1309 eos
1288 1238 1466 1309 abendum
1489 1242 1525 1308 et
1547 1238 1831 1328 dominandum,
1866 1241 1903 1308 et
1926 1236 2046 1306 omnia
2070 1237 2154 1306 inde
2182 1237 2387 1308 faciendum

528 1396 621 1484 quod
646 1397 877 1482 voluerimus
902 1412 1011 1482 asque
1035 1394 1150 1462 omnis
1173 1393 1430 1463 contrarietate
1453 1391 1568 1481 ipsius
1592 1390 1813 1480 ingnelfrede
1836 1393 1872 1460 et
1895 1390 1939 1482 de
1961 1389 2039 1459 eius
2062 1391 2198 1479 eredes
2223 1397 2289 1463 aut
2311 1394 2390 1463 cui·

531 1569 642 1636 quam
666 1551 845 1618 ominibus
868 1548 1123 1618 contrarietate
1146 1548 1202 1616 vel
1224 1546 1475 1634 requisitione3
1500 1549 1536 1615 et
1558 1565 1621 1634 per
1638 1545 1845 1633 supradicta
1861 1545 1995 1633 guadia
2012 1546 2186 1633 obligavit
2201 1563 2238 1614 se
2255 1550 2291 1616 et
2306 1549 2385 1617 suis

531 1703 617 1772 filiis
644 1707 680 1772 et
703 1701 863 1790 heredes,
881 1706 929 1770 'ut
951 1702 982 1769 si
1005 1700 1130 1770 taliter
1151 1698 1273 1769 omnia
1296 1699 1538 1787 superscripta
1560 1699 1670 1768 michi
1694 1698 1833 1787 meique
1856 1700 2046 1768 heredibus
2070 1701 2254 1770 noluerint
2278 1700 2384 1770 adin·

531 1855 628 1944 plere
653 1855 709 1924 vel
733 1853 864 1942 aliquit
886 1853 1017 1923 exinde
1040 1852 1330 1940 contradixerit,
1354 1871 1417 1940 per
1441 1852 1519 1939 ipsa
1541 1852 1674 1940 guadia
1696 1870 1905 1941 componere
1933 1851 2044 1921 michi
2070 1851 2211 1939 meique
2251 1853 2394 1923 heredi·

532 2011 611 2096 bns,
629 2010 685 2077 vel
699 2009 759 2077 cui
775 2026 846 2076 unc
870 2009 1013 2076 brebem
1036 2009 1075 2076 in
1098 2023 1210 2075 manu
1234 2005 1410 2093 paruerit,
1426 2005 1546 2074 decem
1568 2007 1649 2076 auri
1672 2007 2078 2106 solidospconstantinos,
2102 2008 2232 2095 etipse
2258 2007 2393 2078 media·

533 2169 610 2231 toro
633 2161 807 2252 obligavit
830 2181 867 2231 se
890 2163 992 2230 nobis
1015 2161 1062 2231 ad
1085 2159 1374 2248 pingnerandum
1397 2158 1528 2228 exinde
1552 2159 1667 2228 omnis
1689 2178 1798 2231 eausa
1820 2179 1886 2231 sua
1909 2158 2071 2249 legitimo
2094 2137 2140 2230 et
2154 2159 2388 2250 inlegitim0,

533 2317 605 2388 alio
628 2317 680 2386 sic
715 2315 883 2386 similiter
918 2295 1092 2404 obligavit
1126 2333 1163 2384 se
1188 2315 1262 2400 ipse
1286 2313 1421 2382 devitor
1445 2311 1489 2412 ad
1515 2315 1631 2400 ipsum
1655 2313 1898 2384 mediatorem.
1924 2315 1970 2384 Et
1992 2333 2063 2382 unc
2087 2316 2232 2384 brebem
2256 2315 2388 2403 scripsi

532 2492 599 2562 ego
622 2473 796 2545 iohannes
819 2474 993 2542 notarius.

581 2599 612 2715 †
637 2628 712 2716 ago
735 2627 903 2698 horeum

579 2750 610 2865 †
636 2780 711 2865 Ego
734 2776 947 2846 romoaldus.

1313 3320 1620 3404 DCGLXX.

1322 3584 1378 3661 Α.
1407 3581 1457 3660 D.
1485 3579 1614 3661 1025.

591 3793 628 3936 †
653 3847 693 3913 ln
717 3845 860 3914 nomine
883 3843 1019 3913 domini
1044 3860 1140 3912 anno
1165 3841 1343 3911 tricesimo
1370 3842 1518 3929 septimo
1541 3839 1765 3928 principatus
1800 3836 1920 3908 domni
1956 3833 2069 3905 nostri
2103 3833 2315 3923 guaimari,
2350 3833 2388 3901 et

544 4002 694 4088 septimo
717 4017 813 4070 anno
837 3998 956 4066 domni
980 3997 1164 4085 guaimari
1189 3996 1266 4064 eius
1289 3993 1356 4062 filii
1380 3994 1525 4082 gloriosi
1560 3995 1806 4082 principibuS‚
1830 4009 1950 4062 mense
1984 3991 2135 4077 iunius,
2159 3986 2313 4058 hoctaba
2337 3986 2399 4054 in·

544 4155 715 4226 dictione.
743 4156 997 4226 Clarelaeimus
1019 4171 1084 4222 nos
1107 4151 1268 4223 ademari
1291 4155 1327 4221 et
1350 4149 1497 4220 adelferi
1520 4151 1686 4238 germani
1709 4149 1777 4218 filii
1800 4147 1978 4237 quondam
1994 4145 2151 4217 ademari
2174 4143 2399 4229 amallitan0,

543 4313 606 4398 qui
629 4313 714 4380 sunt
736 4309 801 4378 fllii
827 4309 946 4378 domni
953 4355 1092 4377 ..........
1110 4311 1146 4378 et
1162 4305 1343 4396 imperiali
1366 4304 1520 4393 patricio
1544 4301 1846 4388 amalfitanorum,
1863 4299 2033 4391 quoniam
2049 4319 2112 4387 per
2129 4299 2235 4369 firma
2253 4296 2398 4368 cartula

547 4463 778 4535 venumdedit
801 4463 913 4552 ipsius
936 4461 1092 4551 genitori
1115 4461 1229 4530 nostri
1253 4478 1337 4528 urso
1359 4459 1433 4527 filio
1456 4457 1569 4530 andre
1591 4476 1666 4528 una
1687 4459 1792 4546 pecia
1813 4456 1857 4525 de
1880 4458 1980 4524 terra
2003 4451 2206 4521 cumvinea
2223 4449 2396 4520 inlocum

548 4601 670 4691 selline
693 4617 825 4688 linibus
848 4615 1082 4689 salernitanis
1105 4635 1168 4704 per
1191 4633 1231 4684 ec
1254 4615 1338 4682 finis
1361 4617 1397 4683 et
1419 4611 1611 4681 mensurie:
1636 4631 1659 4680 a
1681 4627 1765 4697 pars
1788 4606 1937 4677 meridie
1959 4605 2032 4673 fine
2049 4603 2177 4692 limite,
2196 4603 2279 4672 inde
2294 4599 2397 4692 passi

546 4795 610 4866 per
634 4773 788 4844 latitudo
812 4773 979 4843 sedecim:
1003 4793 1026 4842 a
1048 4789 1132 4860 pars
1155 4767 1349 4838 occidentis
1371 4767 1444 4836 fine
1466 4767 1559 4835 sicut
1581 4764 1697 4834 medio
1720 4765 1865 4834 rafaneo
1879 4761 2064 4850 discernit,
2082 4759 2165 4830 inde
2182 4757 2280 4848 passi
2303 4777 2396 4846 qua·

544 4930 717 5019 draginta
739 4946 803 4998 sex
824 4926 946 4994 minus
968 4923 1073 5012 pedes
1096 4921 1177 4991 duo:
1202 4921 1247 4990 de
1270 4938 1376 5008 super
1392 4939 1416 4989 a
1431 4923 1533 5008 parte
1549 4918 1814 5006 septemtrionis
1837 4917 1908 4985 fine
1932 4914 2026 4984 sicut
2041 4914 2156 4983 medio
2172 4913 2319 4984 refaneo
2335 4913 2394 4980 di·

544 5083 694 5170 scernit,
719 5079 802 5150 inde
824 5079 921 5166 passi
943 5075 1128 5146 duodecim
1149 5074 1269 5143 minus
1284 5072 1468 5142 summisse
1483 5089 1606 5140 unum:
1624 5091 1646 5142 a
1661 5073 1764 5158 parte
1780 5068 1930 5139 orientis
1946 5067 2017 5137 fine
2033 5067 2126 5156 petri
2143 5065 2238 5134 sieut
2255 5061 2396 5133 termiti

546 5235 620 5306 ficti
643 5239 741 5322 sunt,
766 5231 849 5301 inde
871 5233 967 5320 passi
990 5229 1145 5318 triginta
1167 5229 1294 5296 nobem
1316 5227 1436 5294 minus
1458 5223 1615 5312 palmum
1638 5242 1763 5311 unum,
1787 5225 1824 5291 et
1847 5221 1949 5310 quasi
1972 5221 2012 5287 in
2035 5219 2193 5288 medium
2223 5237 2287 5306 per
2313 5219 2398 5285 tra·

545 5397 690 5464 bersum
713 5395 799 5460 sunt
821 5391 917 5478 passi
941 5383 1248 5476 quadtuordecim,
1272 5387 1385 5453 toturn
1408 5385 1655 5451 mensuratum
1678 5380 1724 5450 ad
1748 5379 1839 5450 iusto
1863 5395 2035 5468 passum;
2059 5395 2123 5465 per
2148 5380 2225 5467 ipse
2253 5375 2336 5446 fluis
2361 5381 2399 5447 et

545 5548 725 5619 mensurie
749 5546 915 5616 inclitum
938 5545 1019 5612 illut
1041 5542 1116 5629 ipse
1139 5539 1280 5628 genitor
1303 5539 1422 5605 noster
1444 5534 1531 5603 emit
1552 5552 1633 5601 eum
1657 5531 1734 5601 vice
1758 5532 1801 5601 de
1824 5534 1884 5603 via
1906 5553 1973 5603 sua
1996 5537 2032 5603 et
2058 5551 2143 5601 cum
2180 5537 2253 5604 tres
2283 5531 2401 5602 moni·

548 5699 661 5787 mina,
685 5718 755 5786 que
778 5698 937 5767 continet
960 5699 999 5763 in
1023 5693 1101 5780 ipsa
1124 5689 1289 5776 cartula,
1313 5686 1359 5756 ad
1381 5685 1584 5755 laciendum
1608 5684 1738 5753 exinde
1762 5686 1884 5755 omnia
1907 5686 1998 5772 quod
2033 5685 2282 5778 boluerimus,
2311 5685 2407 5758 sicut

533 5850 629 5938 ”ipsa
652 5849 794 5922 cartula
817 5850 977 5918 continet
999 5863 1068 5934 que
1091 5843 1224 5912 scribta
1245 5837 1299 5910 est
1321 5857 1385 5928 per
1407 5839 1595 5926 iaquintus
1618 5837 1782 5907 notarius
1806 5837 1972 5909 roborata
1994 5857 2057 5926 per
2080 5839 2177 5910 maio
2192 5845 2229 5910 et
2247 5838 2407 5910 arechisi
