5466 7106
638 561 705 632 lto
1271 565 1444 638 CODEX
1478 565 1744 639 CllVENSlS

590 761 679 828 bene
702 760 836 846 paread
859 761 1060 830 laboratum
1085 767 1120 830 et
1143 761 1345 838 cultatum;
1379 766 1414 830 et
1444 762 1522 848 ipsa
1552 761 1654 848 pecie
1677 762 1739 848 qui
1762 760 1830 828 suit
1853 760 2108 829 abellanietum
2132 807 2142 845 ,
2165 777 2241 846 que
2271 759 2439 846 superius

589 912 729 981 dictum
752 915 818 999 est,
844 912 876 980 si
899 913 949 982 ibi
972 913 1115 982 abuerit
1136 911 1180 982 de
1201 913 1277 1000 ipso
1300 912 1577 1000 abellanietum,
1610 909 1683 980 illis
1705 911 1807 980 illum
1831 909 1916 979 inde
1940 909 2125 980 abscidere
2147 917 2183 979 et
2206 913 2443 998 pastenarent

588 1067 662 1134 illis
686 1065 816 1135 ibidem
840 1069 987 1134 arbusto
1010 1065 1053 1134 de
1076 1067 1166 1133 bono
1190 1065 1353 1152 bitineo;
1377 1067 1513 1153 etipsa
1537 1069 1663 1155 pecie,
1688 1065 1751 1151 qui
1775 1071 1828 1136 est
1850 1065 2113 1153 castanietum,
2145 1083 2209 1152 per
2232 1063 2441 1151 supradicta

589 1219 773 1288 mensoria
797 1221 1029 1306 pastenarent
1052 1216 1155 1284 illum
1178 1219 1447 1307 abellanietum,
1463 1223 1500 1288 et
1521 1221 1598 1288 tota
1619 1221 1656 1288 et
1678 1217 1806 1288 inclita
1822 1216 2065 1305 suprascripta
2080 1216 2249 1286 tradictio
2267 1216 2341 1285 illis
2358 1235 2441 1285 sur·

588 1392 701 1462 gere,
724 1376 761 1443 et
784 1391 945 1462 operare,
969 1376 1005 1442 et
1026 1372 1166 1442 collare
1189 1390 1258 1460 que
1281 1373 1355 1442 illis
1378 1379 1567 1461 pastenare
1591 1373 1755 1443 debuerit
1763 1394 1773 1462 ;
1797 1377 1834 1442 et
1856 1371 1979 1442 amodo
2002 1375 2039 1440 ct
2062 1388 2174 1458 usque
2197 1373 2324 1440 nobem
2348 1369 2440 1440 anni

588 1527 753 1616 completi
779 1529 862 1596 inde
887 1526 989 1596 illum
1014 1529 1106 1616 quod
1129 1532 1317 1615 pastenare
1340 1525 1525 1614 debuerit,
1549 1525 1795 1638 quodcumque
1818 1525 1976 1593 frudium
2000 1524 2083 1592 inde
2107 1523 2232 1592 tollere
2255 1526 2438 1612 potuerit,

588 1687 701 1751 totum
725 1683 868 1751 illorum
891 1683 966 1752 sint
988 1682 1199 1771 potestatiS,
1231 1687 1267 1750 et
1298 1681 1434 1750 nullam
1463 1680 1546 1748 inde
1569 1679 1670 1746 nobis
1694 1680 1780 1747 dare
1803 1677 1858 1746 vel
1883 1678 1929 1746 ad
1952 1695 2037 1763 pars
2061 1677 2173 1764 ipsius
2196 1677 2372 1764 ecclesie,
2405 1683 2441 1747 et

590 1841 767 1924 quantum
791 1836 947 1905 lrudium
979 1835 1026 1905 da
1049 1837 1118 1923 ipsi
1141 1838 1268 1904 nobem
1298 1835 1385 1904 anni
1418 1833 1457 1902 in
1488 1837 1596 1904 antea
1626 1833 1757 1902 exierit
1787 1832 1830 1900 de
1861 1831 1942 1901 illut
1969 1833 2062 1919 quod
2092 1831 2166 1902 illis
2189 1834 2436 1920 pastenaberit

590 2011 702 2078 osque
725 1989 908 2059 duodecim
932 1991 1045 2077 anni,
1065 1990 1149 2058 dum
1181 1988 1306 2058 amodo
1339 2007 1376 2056 se
1408 1939 1632 2076 compleant,
1657 2008 1730 2058 una
1753 1987 1897 2058 tertiam
1919 1991 2057 2074 partem
2081 1987 2164 2056 inde
2186 1987 2289 2054 nobis
2312 1987 2366 2056 vel
2393 1987 2439 2058 ad

588 2166 672 2234 pars
700 2147 812 2234 ipsius
835 2147 982 2215 ecclesie
1005 2146 1106 2232 dare,
1120 2150 1156 2214 et
1178 2145 1247 2213 due
1270 2143 1376 2212 sortis
1399 2143 1482 2212 inde
1506 2145 1574 2212 sibi
1599 2146 1719 2230 abere3
1736 2143 1782 2214 ad
1805 2141 2005 2230 complctim
2029 2143 2097 2228 ipsi
2121 2141 2307 2210 duodecim
2330 2145 2437 2231 anni,

590 2306 631 2369 ut
654 2299 779 2369 amodo
802 2318 839 2368 se
862 2299 1086 2386 compleant,
1118 2300 1250 2366 abeant
1279 2296 1352 2364 illis
1374 2297 1413 2364 in
1437 2299 1540 2365 ambe
1563 2296 1639 2383 ipsc
1663 2297 1761 2383 pecie
1783 2315 1846 2384 per
1871 2298 1946 2384 ipse
1969 2299 2151 2366 mensurie
2181 2298 2368 2365 arbustum
2405 2299 2442 2364 et

591 2452 848 2522 abellanietum
872 2453 1019 2538 sactum,
1050 2456 1086 2520 et
1107 2455 1311 2537 operatum,
1339 2454 1375 2519 et
1397 2453 1597 2538 collatum,
1621 2450 1715 2518 sicut
1737 2451 1780 2518 dc
1803 2455 1922 2520 tantos
1945 2467 2057 2518 annos
2080 2450 2178 2518 locus
2202 2451 2277 2538 ipse
2303 2468 2445 2519 merue-

588 2607 667 2695 rit,
691 2611 732 2676 ut
755 2608 845 2676 bene
868 2605 1002 2695 paread
1026 2607 1163 2692 lacteo,
1187 2609 1224 2674 et
1248 2606 1294 2674 ab
1318 2604 1400 2673 inde
1425 2605 1464 2670 in
1486 2609 1594 2674 antea
1616 2605 1713 2672 omni
1735 2608 1891 2692 tempore
1915 2605 1998 2674 illut
2021 2604 2185 2675 laborare
2208 2604 2381 2692 desuper
2405 2609 2443 2673 et

588 2762 631 2830 de
653 2765 788 2848 supter,
812 2761 903 2829 sicut
925 2762 1022 2828 locus
1046 2762 1121 2846 ipse
1145 2760 1330 2847 meruerit,
1356 2762 1396 2826 ut
1418 2763 1508 2828 bene
1534 2758 1668 2845 paread
1689 2761 1820 2846 factm,
1843 2765 1879 2828 ct
1901 2761 1978 2846 ipsa
2002 2758 2120 2828 srudia
2144 2757 2187 2826 de
2211 2757 2313 2826 illum
2348 2757 2443 2844 quod

589 2915 664 2984 illis
693 2918 952 3005 pastenaberit,
976 2915 1029 2986 sic
1053 2918 1136 2985 illut
1158 2916 1318 2984 dibidere
1343 2916 1525 2983 nobiscum
1549 2916 1604 2982 rel
1629 2933 1709 2982 cum
1732 2933 1816 3001 pars
1839 2914 1950 3001 ipsius
1973 2913 2133 3002 ecclesie,
2158 2914 2249 2983 sicut
2273 2915 2443 3001 superius

589 3072 735 3160 legitur,
759 3076 795 3140 et
820 3072 895 3158 ipsc
918 3073 1091 3141 harbustu
1115 3074 1177 3158 qui
1201 3071 1301 3140 modo
1319 3077 1383 3158 est,
1399 3073 1513 3139 omnis
1536 3073 1694 3141 frudium
1718 3073 1811 3159 quod
1834 3071 1917 3140 inde
1941 3069 2071 3141 exierit
2093 3071 2273 3157 desuper,
2306 3069 2441 3138 medie·

589 3233 700 3296 tatem
724 3229 824 3296 illum
849 3231 951 3296 nobis
973 3232 1027 3299 vel
1050 3231 1095 3299 ad
1120 3249 1204 3318 pars
1227 3229 1344 3317 ipsius
1365 3227 1510 3298 ecclesie
1534 3227 1633 3314 darc,
1650 3233 1686 3296 et
1702 3226 1925 3295 medietatem
1950 3225 2053 3293 illurn
2076 3225 2145 3293 sibi
2168 3227 2290 3310 abere,
2315 3228 2351 3294 et
2376 3242 2446 3311 que

491 3409 500 3418 ’
590 3381 715 3454 amodo
747 3383 785 3450 in
810 3380 889 3470 ipsa
911 3384 1018 3450 rebus
1041 3383 1286 3468 seminaberit,
1317 3383 1444 3451 darent
1466 3381 1550 3448 inde
1573 3381 1676 3450 nobis
1699 3381 1911 3450 terraticum
1935 3381 1988 3448 vel
2014 3381 2060 3450 ad
2085 3399 2167 3467 pars
2191 3379 2304 3466 ipsius
2327 3379 2442 3446 ecclc-

589 3537 708 3606 slede
733 3537 834 3606 illum
858 3539 950 3625 quod
974 3537 1056 3605 inde
1080 3537 1235 3626 exierit,
1266 3537 1460 3606 secundum
1483 3536 1736 3606 consuetudine
1760 3536 1802 3604 de
1827 3537 1901 3622 ipso
1926 3537 2068 3603 locum:
2099 3538 2242 3604 tantum
2273 3553 2336 3622 per
2368 3551 2444 3600 om·

590 3693 648 3760 nis
671 3712 806 3763 annum
831 3712 894 3781 per
918 3693 1094 3761 bindemie
1118 3694 1254 3761 iaciant
1277 3693 1368 3760 scire
1390 3709 1454 3760 nos
1477 3690 1531 3758 vel
1555 3709 1640 3776 pars
1664 3691 1775 3776 ipsius
1797 3689 1971 3776 ecclesie,
2007 3692 2045 3756 ut
2070 3687 2201 3758 ibidem
2235 3687 2439 3775 dirigamus

589 3849 737 3916 missum
755 3851 928 3932 nostrum,
946 3850 982 3914 et
1000 3846 1061 3915 ille
1077 3849 1111 3913 et
1126 3848 1202 3914 eius
1220 3846 1341 3914 eredes
1358 3845 1435 3932 ipsa
1450 3845 1624 3913 harbusta
1640 3847 1675 3910 et
1691 3843 1854 3912 abellane
1869 3847 1906 3910 et
1921 3847 2098 3927 castanee,
2124 3842 2155 3908 si
2179 3841 2311 3910 ibidem
2335 3846 2437 3928 sunt,

569 3999 650 4068 ·ille
675 3999 843 4086 colligere
865 4003 901 4068 et
924 4017 1077 4087 soccare,
1103 4003 1138 4067 et
1161 3999 1239 4083 ipsa
1263 3997 1383 4065 lrudia
1406 3996 1590 4064 nobiscum
1613 3995 1667 4064 vel
1691 4015 1771 4063 cum
1793 4013 1877 4082 pars
1901 3994 2013 4082 ipsius
2027 3994 2174 4064 ecclesie
2190 3993 2350 4062 dibidere
2365 4010 2431 4080 por

591 4154 657 4222 illo
680 4155 822 4221 ratione
845 4171 914 4239 que
938 4169 1043 4239 super
1060 4151 1206 4237 legitur,
1224 4152 1260 4217 et
1275 4167 1339 4217 nos
1362 4150 1415 4219 vel
1441 4169 1524 4238 pars
1548 4151 1661 4237 ipsius
1684 4149 1830 4219 ecclesie
1853 4151 1976 4218 demus
1993 4150 2124 4219 ibidem
2140 4171 2262 4221 corum
2278 4170 2439 4240 organea

549 4321 561 4330 ’
590 4306 793 4393 (labinum,
810 4310 925 4392 etpcr
950 4303 1021 4372 illis
1043 4324 1106 4392 per
1130 4303 1244 4370 omnis
1267 4321 1403 4374 annum
1427 4304 1505 4392 ipsa
1529 4321 1687 4392 organea
1710 4303 1789 4373 siad
1811 4305 1974 4373 conciata
1998 4306 2104 4390 bona,
2128 4309 2164 4374 et
2186 4307 2238 4374 sic
2262 4307 2340 4392 ipsa
2364 4325 2439 4374 sor·

588 4462 688 4528 tione
713 4459 825 4545 ipsius
841 4459 989 4527 ecclesie
1006 4457 1137 4528 ibidem
1153 4459 1298 4526 mictere
1314 4458 1357 4526 de
1372 4457 1448 4545 ipso
1471 4456 1594 4524 binum
1610 4461 1645 4525 et
1661 4457 1798 4526 salbum
1814 4457 1916 4524 illum
1932 4459 2062 4546 lacere,
2085 4477 2196 4546 usque
2218 4457 2304 4525 dum
2328 4458 2437 4526 illurn
2459 4527 2464 4544 ‚

590 4612 675 4680 inde
699 4610 899 4699 tulerimus,
924 4629 1034 4699 acque
1057 4611 1331 4698 degeneratione
1354 4615 1389 4680 et
1412 4609 1545 4697 ingne:
1570 4605 1715 4679 missum
1732 4611 1788 4680 vel
1804 4611 1916 4696 ipsius
1938 4611 2085 4680 ecclesie
2108 4613 2200 4699 quod
2224 4610 2356 4681 ibidem
2381 4611 2438 4679 di-

587 4764 787 4834 rexerimus
807 4782 874 4853 pro
897 4763 977 4850 ipsa
999 4763 1117 4832 lrudia
1139 4761 1394 4850 recipiendum,
1414 4762 1486 4830 illis
1502 4781 1584 4831 eum
1607 4761 1747 4830 nutrire
1770 4761 1965 4832 secundum
1989 4761 2132 4830 illorum
2156 4764 2437 4851 possibilitatem

587 4923 623 4986 ct
647 4919 734 4988 dare
757 4919 860 4985 nobis
883 4917 1157 5004 palmentateca,
1181 4916 1275 4984 sicut
1297 4916 1489 5003 meruerit3
1513 4921 1549 4986 et
1572 4920 1603 4987 si
1626 4919 1673 4987 da
1696 4917 1898 5006 complctim
1923 4917 1990 5006 ipsi
2009 4916 2194 4985 duodecim
2211 4916 2300 4986 anni
2318 4917 2357 4985 in
2375 4936 2441 4986 an-

588 5077 648 5141 tea
661 5073 869 5160 supradicta
883 5075 989 5141 rebus
1005 5077 1127 5142 tenere
1140 5077 1176 5142 ct
1192 5073 1354 5142 laborare
1368 5089 1440 5139 non
1456 5070 1646 5159 boluerint,
1664 5075 1816 5140 autnon
1833 5069 2025 5160 potuerint,
2039 5071 2203 5180 inclitum
2221 5069 2325 5140 illuln
2343 5071 2442 5142 labo-

591 5229 711 5296 ratum
736 5232 772 5297 et
793 5229 967 5298 collatum
992 5227 1123 5295 bonum
1146 5229 1181 5294 et
1203 5225 1318 5314 clusu,
1335 5245 1416 5294 cum
1440 5227 1517 5314 ipsa
1540 5243 1699 5314 organea
1721 5225 1815 5312 quod
1838 5244 1901 5294 nos
1924 5225 1958 5295 ei
1982 5225 2198 5316 dederimus,
2216 5229 2379 5298 robertar
2396 5228 2442 5296 ad

589 5401 675 5468 pars
699 5382 866 5453 iamdicte
903 5383 1061 5452 ecclesie.
1087 5382 1185 5452 Unde
1209 5381 1248 5448 in
1273 5397 1313 5449 eo
1337 5379 1489 5450 hordine
1514 5400 1577 5468 per
1602 5384 1696 5451 bona
1720 5380 1980 5450 combenientia
2002 5398 2067 5467 pro
2089 5397 2173 5468 pars
2205 5381 2364 5470 predicte
2388 5401 2445 5450 ec·

589 5537 700 5608 clesie
724 5539 859 5626 guadia
881 5540 984 5607 nobie
1006 5539 1081 5625 ipse
1105 5539 1267 5608 maranci
1290 5537 1465 5624 presbiter
1488 5535 1582 5623 dedi,
1606 5541 1643 5605 et
1666 5535 1896 5604 mediatorem
1920 5535 2024 5603 nobis
2046 5536 2148 5622 posui
2171 5555 2208 5606 se
2232 5535 2348 5625 ipsum
2379 5555 2444 5624 per

590 5693 755 5780 apposita
778 5691 921 5759 illorum
945 5692 1149 5778 pingnera,
1174 5689 1266 5775 quod
1290 5694 1344 5758 est
1367 5688 1523 5777 legitimo
1547 5693 1582 5758 et
1607 5688 1834 5776 inlegitim03
1858 5695 1894 5759 et
1917 5709 1980 5776 per
2003 5691 2082 5778 ipsa
2104 5691 2237 5780 guadia
2269 5691 2446 5781 obligabit

587 5863 624 5913 se
648 5847 684 5913 et
710 5863 792 5913 suos
814 5846 949 5933 eredere,
968 5855 1006 5912 ut
1031 5846 1058 5912 si
1085 5841 1206 5912 taliter
1230 5842 1350 5910 omnia
1374 5844 1617 5930 suprascripta
1641 5864 1703 5930 per
1730 5845 1934 5932 supradicto
1957 5847 2082 5916 ordine
2106 5847 2206 5915 nobis
2223 5848 2277 5914 vel
2296 5847 2340 5915 ad
2358 5865 2442 5933 pars
