5414 7098
599 511 644 578 bo
1237 504 1412 579 CODEX
1447 506 1712 586 cxvltltsls

552 733 670 804 modia
694 733 854 822 quinque
880 738 915 804 et
939 731 1097 802 medium
1122 732 1169 802 ad
1192 731 1309 800 modio
1332 733 1425 802 iusto
1448 733 1582 804 maiore
1605 753 1677 805 ana
1700 739 1775 805 tres
1797 735 1951 805 modiola
1973 734 2134 822 grecisca
2160 737 2282 806 culma
2306 754 2407 806 men·

552 895 681 960 surata
705 890 749 960 de
772 891 906 959 hictum
931 888 1064 956 siccum
1088 890 1220 955 bonum
1242 906 1306 977 per
1329 906 1541 978 unoquoque
1564 888 1719 958 modium
1743 881 1912 958 maiorem
1936 889 2167 977 capientem,
2199 888 2407 960 faciendum

555 1044 649 1132 quod
673 1044 841 1132 boluerit3
867 1049 902 1113 et
925 1045 1100 1132 obligabit
1123 1063 1161 1114 se
1185 1047 1222 1113 et
1243 1061 1325 1113 suos
1348 1045 1497 1115 heredes
1520 1047 1644 1116 amodo
1668 1052 1704 1116 et
1728 1065 1839 1134 usque
1864 1047 1941 1134 ipso
1966 1047 2197 1116 constitutum
2221 1047 2408 1118 defensare

555 1197 646 1267 mihi
670 1199 813 1286 meique
837 1199 1028 1268 heredibus
1051 1198 1178 1268 inclita
1201 1200 1449 1286 suprascripta
1473 1199 1666 1268 traditione
1689 1218 1770 1267 cum
1793 1202 1871 1268 bice
1895 1201 1938 1267 de
1961 1200 2021 1269 bia
2046 1218 2111 1270 sua
2133 1200 2179 1268 da
2196 1219 2317 1270 omnes
2344 1203 2408 1270 ho-

555 1351 670 1420 mines
693 1353 861 1440 omnique
885 1355 1062 1440 partibus,
1087 1355 1123 1422 et
1147 1370 1218 1420 non
1243 1351 1326 1419 illut
1351 1351 1405 1419 vel
1430 1350 1561 1420 exinde
1584 1352 1686 1418 nobis
1709 1350 1833 1421 tollere
1858 1357 1923 1420 aut
1946 1357 2134 1422 contrare:
2161 1351 2206 1423 ad
2237 1355 2410 1442 completo

560 1506 637 1592 ipso
660 1507 893 1574 constitutum
917 1508 995 1592 post
1018 1504 1149 1574 exinde
1172 1504 1303 1572 tultum
1327 1504 1436 1572 luerit
1462 1505 1576 1592 ipsum
1601 1505 1754 1591 labores,
1779 1504 1906 1573 inclita
1930 1506 2178 1594 suprascripta
2202 1525 2268 1576 sua
2291 1509 2407 1576 tradi·
2525 1571 2529 1578 .

558 1659 659 1727 tione
685 1660 846 1728 robertes
869 1658 915 1728 ad
940 1677 1005 1728 sua
1029 1662 1203 1745 potestate
1226 1663 1263 1726 et
1286 1658 1328 1726 de
1352 1659 1426 1726 suis
1449 1658 1653 1746 heredibus⁷
1679 1657 1881 1728 faciendum
1898 1661 2029 1729 exindo
2046 1661 2138 1748 quod
2155 1661 2324 1749 boluerit3
2342 1681 2410 1730 un-

558 1812 600 1879 de
626 1812 806 1898 perbona
829 1811 1090 1880 combenientia
1113 1811 1250 1898 guadia
1274 1811 1364 1878 mihi
1388 1813 1463 1897 ipse
1488 1813 1628 1880 amatus
1652 1810 1749 1879 dedit
1772 1818 1808 1879 et
1831 1811 2061 1880 mediatorem
2096 1813 2185 1881 mihi
2210 1815 2327 1900 posuit
2350 1833 2410 1881 ro·

438 1991 440 1998 >
560 1963 722 2033 moaidus
746 1962 843 2032 filius
866 1964 1043 2049 quondam
1068 1963 1179 2032 amati
1203 1963 1338 2049 pepini;
1359 1981 1422 2050 por
1447 1963 1524 2050 ipsa
1546 1963 1680 2050 guadia
1704 1963 1880 2052 obligabit
1904 1984 1941 2034 se
1964 1971 2000 2034 et
2023 1984 2104 2033 suos
2127 1966 2292 2054 heredes,
2316 1970 2412 2055 quod

558 2116 588 2184 si
614 2117 737 2187 taliter
760 2119 895 2205 omnia,
919 2120 960 2184 ut
983 2117 1146 2204 superius
1168 2117 1305 2184 dictum
1329 2121 1397 2204 est,
1421 2117 1524 2184 nobis
1548 2136 1619 2184 non
1644 2117 1893 2205 adimpleberit
1917 2075 1952 2186 et
1976 2117 2107 2205 aliquit
2136 2119 2269 2188 exinde
2293 2139 2409 2189 remo-

558 2273 641 2338 bere
664 2276 728 2341 aut
753 2276 918 2340 contrare
943 2271 1141 2360 quesierit,
1166 2275 1251 2340 tunc
1275 2290 1338 2358 per
1363 2269 1441 2357 ipsa
1464 2270 1599 2358 guadia
1621 2288 1831 2356 componere
1855 2270 2032 2359 obligabit
2067 2291 2104 2339 se
2139 2273 2232 2340 milri
2267 2273 2413 2362 meique

562 2423 754 2492 heredibus
777 2424 909 2512 biginti
934 2425 1014 2494 auri
1040 2423 1168 2492 solidos
1191 2423 1436 2491 constantinos
1460 2427 1496 2490 et
1520 2425 1654 2510 omnia,
1669 2431 1708 2493 ut
1725 2426 1970 2512 supradictum
1988 2431 2053 2514 cst,
2072 2424 2173 2494 nobis
2197 2425 2412 2513 adimplere,

556 2585 592 2648 ct
608 2583 704 2650 hunc
728 2583 869 2648 brebem
885 2581 1013 2666 scripsi
1037 2598 1101 2667 ogo
1125 2578 1282 2646 romualt
1305 2577 1468 2647 notarius
1492 2578 1554 2665 qui
1580 2579 1746 2648 interfui.

603 2705 633 2820 †
659 2681 734 2820 Ego
757 2733 955 2802 romoaldus
980 2752 1036 2801 me
1060 2731 1256 2818 subscripsi

610 2857 638 2973 †
664 2887 738 2973 Ego
762 2886 925 2954 alderissi
952 2887 1116 2955 notarius
1141 2904 1196 2952 me
1218 2883 1425 2971 subscripsi.

1299 3439 1680 3520 DCCXLVIII.

1339 3704 1394 3779 A.
1423 3700 1472 3778 D.
1502 3699 1630 3782 1023.

608 3913 644 4052 †
672 3965 711 4029 ln
736 3963 878 4032 nomine
902 3962 1036 4032 domini
1061 3963 1242 4032 tricesimo
1265 3965 1393 4050 quinto
1409 3981 1504 4034 anno
1521 3964 1745 4052 principatus
1762 3964 1882 4034 domni
1900 3964 2012 4032 nostri
2030 3962 2224 4052 guaimari,
2241 3967 2276 4032 et
2293 3963 2421 4050 quinto

562 4133 659 4184 anno
682 4115 803 4184 domni
826 4115 1006 4202 guaimari
1031 4115 1108 4183 eius
1132 4115 1218 4202 lilio,
1242 4115 1388 4203 gloriosi
1413 4116 1650 4206 principibus,
1668 4137 1789 4188 mense
1806 4117 1962 4207 magius,
1978 4121 2081 4186 sexta
2097 4116 2306 4184 indictione.
2325 4118 2420 4183 Ante

561 4290 619 4340 me
642 4271 925 4359 regemprandus
948 4271 1058 4339 iudex
1080 4271 1180 4338 renit
1204 4271 1405 4340 infantulus
1430 4272 1527 4341 inira
1550 4276 1682 4342 etatem
1706 4273 1849 4342 nomine
1872 4271 2018 4359 sergulu
2035 4270 2132 4338 iilius
2149 4269 2278 4356 amati,
2294 4269 2356 4356 qui
2373 4269 2418 4338 ed

566 4427 641 4512 ipse
656 4429 797 4495 amatus
813 4425 880 4494 suit
903 4425 1069 4496 naturale
1092 4425 1189 4492 filius
1213 4424 1363 4495 iohanni
1388 4427 1611 4514 atrianense‚
1625 4427 1690 4513 qui
1713 4428 1862 4494 bocatur
1887 4423 2134 4510 boccabitellu‚
2150 4425 2186 4492 et
2209 4423 2304 4492 dixit
2327 4420 2418 4489 milri

564 4579 639 4664 ipso
665 4577 877 4666 infantulus
900 4583 941 4646 ut
965 4580 1057 4648 same
1080 4583 1116 4647 et
1138 4577 1338 4647 nuditatem
1362 4581 1484 4648 aberet
1508 4583 1546 4648 et
1569 4597 1640 4646 non
1665 4581 1770 4648 abero
1794 4575 1932 4644 nullum
1950 4575 2158 4660 remedium,
2176 4573 2347 4660 quomodo
2365 4575 2417 4642 bi·

566 4735 649 4802 bere
672 4739 816 4822 potere;
852 4734 891 4802 in
915 4735 1019 4802 simul
1045 4739 1081 4804 et
1104 4735 1197 4804 dixit
1220 4733 1306 4803 milri
1327 4784 1337 4822 ,
1362 4737 1402 4802 ut
1427 4733 1502 4820 ipse
1527 4753 1590 4802 suo
1613 4731 1755 4819 genitor
1779 4749 1802 4798 a
1827 4727 1991 4816 plurimis
2014 4729 2230 4814 temporibus
2255 4733 2419 4796 mortuus

564 4891 640 4974 est,
664 4867 852 4974 propterea
874 4890 972 4957 benit
996 4887 1042 4956 ad
1064 4905 1128 4955 nos
1151 4887 1226 4974 ipse
1250 4887 1451 4956 infantulus
1480 4890 1516 4954 et
1547 4883 1641 4954 dixit
1670 4884 1784 4970 mihi,
1810 4887 1851 4950 ut
1874 4885 2023 4950 haberet
2053 4881 2112 4948 ille
2143 4898 2217 4949 una
2252 4881 2353 4968 pecia
2376 4880 2420 4949 de

569 5047 666 5106 terra
702 5059 782 5106 cum
814 5040 906 5108 silba
929 5060 1011 5106 cum
1034 5038 1224 5126 aliquanta
1248 5039 1389 5106 bineola
1414 5040 1556 5107 deserta
1579 5039 1618 5105 in
1642 5039 1758 5105 locum
1782 5035 1893 5104 beteri
1920 5055 1941 5102 a
1965 5052 2072 5120 super
2095 5033 2204 5100 dubio
2228 5033 2356 5102 boneia
2386 5039 2423 5101 et

565 5213 588 5261 a
616 5210 721 5280 super
746 5191 805 5260 bia
828 5193 890 5278 qni
914 5193 1033 5279 pergit
1056 5192 1102 5262 ad
1126 5193 1289 5280 nuceria,
1314 5197 1350 5261 et
1374 5192 1533 5260 bolerent
1555 5193 1654 5261 illam
1678 5189 1910 5275 benumdare,
1935 5193 1975 5256 ut
2000 5193 2136 5274 tempus
2160 5185 2265 5256 samis
2296 5187 2424 5256 ebade·

570 5367 629 5436 re,
653 5352 689 5416 et
712 5347 771 5415 ille
795 5347 925 5415 exindo
951 5350 1083 5417 bostire
1107 5353 1143 5420 et
1166 5349 1346 5434 calciare,
1371 5353 1410 5416 ut
1434 5349 1477 5417 de
1501 5347 1579 5436 ipsa
1603 5348 1696 5415 same
1720 5363 1791 5411 non
1816 5344 2030 5410 moriantur.
2057 5343 2132 5429 Ego
2155 5340 2345 5452 iamdictus
2369 5343 2424 5410 iu·

566 5503 636 5572 dcx
660 5503 757 5571 dixit
781 5504 827 5573 ad
852 5503 968 5590 ipsum
993 5501 1224 5588 infantulum,
1242 5521 1306 5588 per
1322 5522 1394 5588 qua
1419 5502 1558 5572 ratione
1582 5503 1615 5571 ci
1640 5507 1732 5595 esset
1756 5499 1991 5588 pertinentem
2017 5497 2094 5584 ipsa
2120 5473 2218 5566 terra
2232 5517 2313 5566 cum
2329 5499 2420 5568 silba

568 5675 651 5722 cum
676 5656 753 5744 ipsa
778 5657 921 5726 bineola
944 5656 1084 5724 deserta
1102 5678 1109 5722 :
1135 5655 1195 5723 illo
1218 5655 1313 5722 dixit
1336 5655 1437 5744 mihi,
1454 5661 1493 5724 ut
1515 5657 1549 5723 oi
1565 5660 1657 5724 esset
1673 5657 1911 5742 pertinentem
1928 5653 2007 5738 ipsa
2024 5657 2122 5720 terra
2139 5669 2219 5719 cum
2235 5653 2326 5720 silba
2342 5671 2423 5719 cum

571 5811 648 5896 ipsa
672 5811 812 5879 bineola
835 5811 975 5878 deserta
999 5815 1147 5896 aparte
1172 5807 1285 5894 ipsius
1309 5811 1420 5878 aurati
1445 5812 1646 5897 genitorem
1670 5827 1773 5878 suum
1798 5814 1833 5876 ot
1856 5829 1878 5877 a
1902 5813 2004 5895 parte
2028 5807 2149 5874 boliczi
2168 5805 2244 5874 thio
2261 5823 2337 5872 suo:
2355 5823 2423 5892 ego
