5414 7098
627 557 674 630 56
1277 551 1450 624 deunx
1483 552 1749 626 CAVENSIS

578 783 711 854 militer
743 800 817 853 nou
850 783 983 853 siamus
1017 782 1101 852 iude
1134 781 1352 869 culpabiles3
1386 783 1422 849 11
1445 778 1476 846 11
1504 781 1643 848 111111
1665 778 1746 865 ipsa
1768 797 1955 848 mensuras
1977 783 2168 866 pastenare
2203 785 2431 868 potuerimus

578 937 699 1023 ibique
723 935 959 1023 coniuntum,
982 937 1189 1023 potestatem
1220 935 1416 1020 abeamus,
1447 935 1483 1000 et
1505 934 1689 1018 operatum
1713 929 1795 999 illut
1817 933 1988 1000 abeamus
2012 932 2052 1000 in
2076 933 2153 1019 ipso
2177 934 2430 1026 constitutum,

579 1089 673 1158 sieut
696 1092 732 1156 11
755 1089 831 1175 ipso
853 1088 944 1158 aliut
965 1089 1001 1155 et
1024 1086 1100 1173 ipse
1124 1086 1266 1173 quercie
1296 1085 1359 1172 qui
1382 1083 1432 1152 ibi
1456 1087 1565 1174 sunt,
1603 1085 1816 1171 potestatem
1845 1088 2016 1154 abeamus
2051 1104 2225 1174 spurgare
2261 1089 2299 1156 et
2335 1087 2431 1159 vites

578 1245 629 1314 ibi
667 1247 802 1314 iactare
824 1243 867 1312 de
890 1244 981 1310 bono
1003 1240 1131 1308 vitinio
1155 1243 1191 1308 et
1214 1259 1278 1328 pro
1311 1244 1499 1312 arbustum
1531 1240 1612 1310 illas
1635 1259 1773 1328 semper
1808 1242 1859 1310 ibi
1883 1243 2019 1329 aberet3
2043 1245 2079 1311 et
2101 1243 2175 1311 iam
2198 1242 2245 1314 da
2267 1245 2338 1332 ipsi
2361 1245 2430 1314 tri-

577 1399 691 1469 decim
714 1397 802 1467 anni
837 1397 876 1464 in
901 1400 1007 1466 antea
1041 1394 1136 1464 omni
1161 1396 1318 1481 tempore
1342 1393 1422 1481 ipsa
1444 1394 1550 1464 vinea
1573 1395 1627 1462 vel
1650 1396 1836 1464 arbustum
1859 1413 1945 1481 quos
1968 1394 2019 1462 ibi
2044 1396 2258 1484 fecerimus,
2282 1397 2431 1484 quando

576 1554 770 1640 meruerit,
801 1552 1000 1621 lavoremus
1022 1554 1059 1619 et
1080 1550 1278 1619 studiemus
1310 1553 1346 1618 et
1375 1549 1548 1617 cultemus
1580 1548 1623 1617 de
1658 1567 1764 1636 super
1799 1553 1835 1618 et
1868 1548 1910 1617 de
1946 1551 2082 1635 supter,
2110 1548 2204 1617 sieut
2226 1549 2323 1618 locus
2348 1553 2425 1639 ipse

575 1711 772 1796 meruerit,
806 1714 847 1777 ut
868 1689 958 1778 bene
981 1707 1114 1795 paread
1137 1706 1360 1791 lavoratum,
1392 1711 1429 1772 11
1452 1722 1589 1791 semper
1614 1703 1652 1771 in
1683 1702 1810 1770 melius
1841 1702 2012 1800 proficiad
2035 1705 2071 1769 et
2105 1720 2177 1769 non
2207 1703 2428 1794 disperead,

575 1867 609 1931 et
643 1881 767 1933 curam
789 1867 826 1932 et
849 1862 1096 1950 vigilationem
1120 1861 1203 1929 inde
1238 1861 1432 1944 abeamUS,
1468 1863 1504 1926 et
1525 1857 1665 1927 salbum
1688 1857 1769 1924 illut
1794 1815 1969 1924 iaciamus
1993 1855 2090 1925 iusta
2112 1854 2304 1944 rationem
2329 1863 2366 1928 et
2398 1879 2432 1937 a,

574 2035 643 2105 quo
672 2017 794 2083 vinum
819 2021 855 2085 et
876 2035 980 2102 poma
1004 2017 1086 2084 inde
1109 2014 1255 2102 exierit,
1278 2019 1364 2082 tunc
1387 2014 1511 2081 amodo
1534 2017 1569 2082 et
1592 2030 1729 2100 semper
1752 2013 1958 2082 annualiter
1981 2015 2056 2082 suis
2079 2016 2300 2101 temporibus
2325 2019 2423 2087 scire

573 2173 747 2244 iaciamus
780 2173 897 2259 ipsum
919 2173 1111 2257 abbatem,
1136 2169 1191 2237 vel
1215 2187 1299 2255 pars
1323 2167 1434 2254 ipsius
1456 2165 1630 2252 ecclesie,
1663 2168 1704 2233 ut
1727 2166 1859 2233 ibidem
1883 2165 2027 2254 dirigad
2050 2168 2199 2257 missum
2235 2189 2359 2259 suum,
2386 2176 2424 2243 et

575 2346 639 2395 nos
662 2327 770 2395 vinea
793 2326 848 2394 vel
873 2328 1058 2395 arbustum
1083 2325 1199 2411 ipsum
1221 2322 1493 2406 vindemiemus
1520 2323 1556 2387 et
1580 2320 1704 2386 vinum
1729 2318 1846 2406 ipsum
1873 2321 1993 2407 ibique
2020 2322 2066 2389 ad
2097 2323 2318 2410 palmentum
2342 2345 2424 2413 pro·

574 2499 769 2567 euremuS,
793 2484 829 2548 et
853 2499 958 2568 poma
991 2477 1115 2546 exinde
1139 2477 1372 2565 colligamus,
1407 2477 1442 2542 et
1464 2471 1578 2540 omnis
1602 2473 1725 2540 vinum
1748 2477 1784 2542 et
1807 2494 1911 2562 poma
1934 2494 2043 2563 quam
2067 2475 2149 2543 inde
2173 2477 2330 2565 exierit,
2355 2478 2426 2546 ibi·

571 2654 640 2722 que
660 2637 755 2704 inter
779 2653 843 2702 nos
866 2632 1065 2700 dividamus
1080 2654 1087 2697 :
1105 2629 1252 2697 missum
1276 2629 1387 2717 ipsius
1410 2627 1555 2698 ecclesie
1578 2619 1685 2698 tollad
1710 2629 1799 2696 illud
1822 2629 1966 2698 tertiam
1989 2649 2087 2718 pars,
2104 2633 2140 2699 et
2162 2649 2227 2718 ego
2252 2631 2308 2699 vel
2336 2631 2424 2700 meis

571 2790 763 2858 heredibus
787 2787 856 2856 due
879 2787 1012 2873 sortis,
1037 2785 1239 2854 iaciendum
1261 2782 1353 2871 quod
1376 2783 1590 2850 voluerimus
1610 2833 1619 2871 ,
1643 2787 1686 2851 et·
1701 2784 1744 2853 de
1767 2785 1835 2853 isto
1859 2785 2001 2852 illorum
2025 2785 2148 2852 vinum
2172 2787 2418 2872 reponendum

571 2946 607 3011 11
630 2945 672 3012 de
697 2943 955 3030 palmentatica
978 2946 1013 3010 et
1037 2941 1079 3009 de
1102 2939 1333 3008 nutriendum
1358 2941 1432 3026 ipso
1455 2937 1603 3006 missum
1626 2938 1677 3005 sic
1700 2937 1959 3024 adimpleamus
1988 2936 2027 3004 111
2063 2958 2147 3026 pars
2171 2941 2284 3026 ipsius
2307 2942 2424 3012 ecele-

570 3097 650 3185 sio,
680 3097 773 3165 sicut
795 3116 905 3183 supra
935 3095 1115 3180 diximus5
1146 3095 1189 3162 de
1218 3095 1310 3180 quod
1333 3097 1452 3163 autem
1475 3113 1539 3180 per
1562 3113 1697 3163 aunum
1721 3094 1772 3162 ibi
1795 3093 2092 3162 seminaberimus
2115 3094 2162 3163 da
2192 3095 2261 3162 isto
2284 3097 2417 3164 nobum

570 3253 609 3319 ln
645 3257 782 3339 antea,
816 3256 929 3319 totum
954 3251 1036 3318 illut
1059 3250 1161 3316 nobis
1184 3251 1354 3319 abeamus
1373 3243 1390 3338 ,'
1406 3251 1549 3317 tantum
1571 3248 1783 3316 terraticum
1806 3246 1926 3334 ibique
1949 3247 2031 3315 inde
2055 3247 2180 3315 demus
2216 3248 2261 3316 ad
2296 3267 2422 3318 aream

573 3404 618 3474 ad
641 3406 789 3474 missum
813 3404 926 3490 ipsius
949 3402 1095 3471 ecclesie
1118 3403 1310 3471 secundum
1335 3403 1550 3471 consuetudo
1575 3401 1686 3489 ipsius
1703 3401 1804 3468 locis
1821 3401 1919 3468 Unde
1951 3403 1989 3467 in
2013 3420 2054 3469 eo
2076 3401 2226 3468 hordine
2249 3421 2312 3488 per
2337 3421 2421 3470 con-

572 3560 792 3629 benientiam
817 3557 951 3646 guadia
974 3555 1065 3624 mihi
1089 3557 1165 3642 ipse
1188 3556 1300 3623 abbas
1323 3555 1442 3643 dedit,
1466 3572 1641 3624 unacum
1666 3573 1706 3622 eo
1729 3555 1869 3624 adesset
1896 3553 1971 3643 ipse
2007 3573 2111 3622 suum
2145 3555 2420 3642 advocatorem,

571 3715 607 3781 et
631 3711 861 3780 mediatorem
897 3711 986 3777 mihi
1021 3711 1140 3796 posuit
1173 3709 1375 3778 romoaldus
1408 3707 1582 3797 presbiter
1607 3709 1718 3796 ipsius
1741 3709 1889 3776 ecclesie
1913 3707 2156 3794 cardinalem3
2189 3711 2226 3777 et
2249 3726 2311 3795 per
2338 3709 2419 3794 ipsa

570 3865 707 3953 guadio
731 3865 905 3952 obligavit
928 3884 964 3933 se
988 3868 1024 3932 et
1047 3881 1266 3931 successores
1289 3880 1369 3930 suos
1392 3867 1427 3930 et
1449 3864 1614 3949 partibus
1638 3862 1748 3950 ipsius
1771 3862 1919 3930 ecclesie
1936 3864 2060 3932 amodo
2083 3869 2118 3932 et
2134 3881 2272 3950 semper
2296 3864 2419 3932 defen-

567 4018 719 4088 sandum
749 4019 837 4085 mihi
867 4019 1008 4104 meique
1029 4017 1206 4103 eredibus,
1230 4019 1332 4084 natos
1355 4019 1564 4104 nassonem,
1588 4018 1722 4085 111111
1745 4016 1871 4085 inclita
1893 4016 2098 4103 supradicta
2122 4035 2189 4084 sua
2212 4017 2412 4088 traditione

565 4192 646 4240 cum
669 4172 745 4240 viee
768 4171 811 4239 de
834 4173 891 4240 bie
914 4189 977 4239 sue
1000 4171 1047 4240 da
1070 4189 1190 4240 omnes
1213 4171 1374 4238 homines
1397 4169 1563 4256 omnique
1586 4169 1763 4258 1111111111,
1787 4174 1823 4238 11
1847 4171 2029 4240 licentiam
2054 4172 2156 4238 nobis
2173 4169 2305 4239 tribuit
2329 4171 2419 4240 sali-

569 4343 627 4392 ces
651 4327 700 4392 ibi
725 4327 998 4414 pastenandum‚
1023 4327 1084 4394 ubi
1109 4327 1327 4413 potuerimus
1341 4375 1351 4411 ,
1367 4323 1423 4393 vel
1446 4341 1561 4394 caune
1583 4343 1647 4411 pro
1671 4323 1828 4394 utilitate
1851 4325 1893 4392 de
1918 4324 1993 4412 ipse
2010 4327 2102 4393 curti
2118 4323 2201 4393 iude
2218 4323 2418 4409 abendum;

568 4483 604 4547 et
629 4477 659 4545 si
684 4478 766 4546 inde
789 4481 1029 4567 superaberit‚
1045 4484 1131 4548 tunc
1154 4479 1357 4549 dividamus
1380 4479 1441 4548 ille
1464 4479 1557 4548 inter
1580 4498 1644 4547 nos
1666 4497 1748 4547 eum
1771 4499 1856 4567 pars
1872 4479 1984 4566 ipsius
2000 4479 2160 4548 ecclesie:
2179 4480 2223 4548 de
2239 4479 2298 4547 1111
2321 4480 2417 4566 quod

570 4633 758 4701 fecerimus
781 4635 819 4700 111
844 4632 923 4720 ipsa
946 4635 1049 4702 curte
1072 4636 1226 4719 suptana
1249 4631 1451 4700 dividamus
1475 4631 1533 4700 ille
1557 4633 1650 4700 inter
1673 4651 1737 4701 nos
1760 4651 1824 4719 per
1848 4632 2085 4720 medietatem,
2099 4637 2135 4701 et
2150 4633 2193 4700 de
2216 4637 2291 4718 ipse
2316 4632 2411 4721 quod

570 4784 757 4854 fecerimus
780 4786 819 4852 in
843 4791 944 4856 curte
967 4804 1137 4874 suprema,
1162 4785 1329 4854 tollamus
1353 4804 1418 4854 nos
1440 4785 1508 4853 due
1531 4787 1648 4873 111111,
1673 4789 1708 4854 11
1731 4804 1814 4873 pars
1836 4786 1949 4874 ipsius
1973 4785 2119 4855 ecclesie
2143 4787 2289 4855 tertiam
2312 4804 2414 4872 pars3

564 4943 601 5007 et
625 4939 729 5026 quale
754 4945 912 5028 tempore
936 4943 1015 5028 ipsa
1037 4943 1138 5010 curte
1162 4943 1317 5027 suptana
1339 4938 1519 5008 dimittere
1541 4937 1756 5006 voluerimus
1779 4943 1816 5007 et
1838 4939 1920 5008 inde
1942 4938 2057 5027 exire,
2076 4941 2286 5027 potestatem
2303 4943 2415 5012 abea-

563 5113 654 5182 mus,
670 5099 705 5162 et
721 5095 827 5182 quale
848 5099 1006 5182 tempore
1029 5095 1074 5164 da
1097 5095 1165 5181 ipsi
1190 5093 1353 5162 tridecim
1376 5094 1461 5162 anni
1486 5094 1524 5160 in
1547 5097 1656 5163 antea
1680 5095 1757 5181 ipsa
1780 5097 1881 5162 curte
1905 5111 2065 5180 suprana
2088 5093 2269 5164 dimittere
2286 5093 2420 5166 volue-

563 5250 689 5337 11111111,
705 5253 916 5336 potestatem
942 5251 1109 5318 abeamus
1124 5269 1134 5336 3
1159 5248 1210 5314 sic
1233 5253 1368 5334 tamen,
1386 5251 1426 5315 ut
1442 5249 1505 5317 illa
1528 5254 1564 5317 et
1586 5249 1650 5318 illa
1666 5253 1766 5316 curte
1790 5253 1979 5336 pastenata
1994 5253 2030 5317 et
2045 5255 2189 5338 operata
2205 5255 2242 5318 11
2258 5253 2419 5338 cultata,

562 5403 655 5472 sicut
678 5403 864 5491 meruerit,
888 5409 936 5491 et,
961 5405 1001 5470 ut
1024 5421 1133 5488 supra
1163 5401 1330 5490 diximus,
1355 5403 1579 5470 remittamus
1603 5401 1685 5470 illut
1707 5402 1746 5469 in
1769 5423 1852 5490 pars
1875 5405 1987 5492 ipsius
2010 5404 2158 5474 ecclesie
2181 5410 2217 5475 et
2240 5426 2320 5474 cum
2351 5427 2415 5474 or-

561 5577 679 5644 ganea
701 5560 813 5646 ipsius
840 5557 988 5626 ecclesie
1011 5555 1057 5624 da
1081 5558 1155 5642 ipso
1177 5555 1299 5622 vinum
1325 5557 1578 5646 reponendum,
1603 5556 1634 5624 si
1659 5559 1740 5628 illas
1764 5559 1981 5646 abuerimuS,
2008 5561 2236 5629 remittamus
2260 5560 2344 5629 illut
2371 5563 2410 5630 in

563 5732 648 5799 pars
672 5712 786 5799 ipsius
808 5713 968 5799 ecclesie,
993 5718 1029 5781 et
1051 5713 1100 5779 sie
1126 5709 1239 5779 licead
1263 5729 1317 5778 me
1341 5714 1376 5778 et
1393 5712 1481 5778 meis
1504 5711 1695 5780 heredibus
1712 5713 1792 5782 inde
1808 5712 1909 5782 exire
1925 5733 2006 5782 cum
2023 5715 2144 5785 omnia
2159 5722 2284 5787 nostra
2301 5737 2416 5790 causa

560 5865 707 5931 mobilia
732 5871 766 5932 ot
790 5885 993 5953 pergamus,
1021 5865 1078 5930 ubi
1106 5864 1332 5930 uoluerimus.
1359 5865 1454 5938 Quod
1478 5863 1506 5930 si
1533 5863 1654 5932 taliter
1678 5865 1798 5933 omnia
1821 5871 2068 5956 suprascripta
2092 5888 2175 5954 pars
2208 5871 2323 5958 ipsius
2360 5892 2417 5940 ec·
