5422 7102
996 603 1000 614 ·
1076 575 1484 662 ulruoulrlous
2069 583 2137 656 aar
2339 559 2362 642 Ι

335 811 379 881 de
402 829 552 881 causare
574 815 610 880 et
633 811 740 883 finem
764 813 893 902 lacere,
917 800 1071 901 qualiter
1094 813 1292 901 volueritis,
1309 817 1346 882 et
1369 812 1470 880 nobis
1501 811 1581 880 illos
1604 811 1810 898 defensetis3
1836 827 1935 899 nam,
1952 808 2096 898 quando
2121 827 2187 879 nos

335 961 393 1030 vel
417 962 550 1030 nostris
572 962 737 1032 eredibus
760 962 964 1050 quesieritis
988 980 1051 1031 nos
1076 962 1158 1033 inde
1182 965 1287 1034 abere
1311 967 1474 1032 auctores
1496 965 1533 1030 et
1548 961 1762 1048 defensores,
1779 977 1843 1028 nos
1860 964 1980 1031 eutem
1996 962 2033 1028 et
2049 959 2189 1029 nostris

345 1113 515 1182 aradibus
550 1095 640 1183 illud
674 1115 773 1182 vobis
808 1115 1004 1202 vestrisque
1028 1112 1193 1183 eredibus
1216 1113 1437 1182 defensemus
1461 1118 1496 1182 et
1518 1111 1638 1183 omnia
1659 1112 1917 1200 adimpleamus
1940 1111 2063 1199 vobis,
2087 1112 2205 1181 sicud·

336 1267 499 1354 superius
524 1265 671 1356 legitur,
695 1286 758 1355 per
781 1265 986 1356 supradicte
1008 1267 1142 1355 guadia
1165 1271 1200 1336 et
1224 1267 1385 1356 obligata
1407 1285 1513 1355 pena.
1539 1270 1787 1337 berumtamen
1811 1271 1848 1335 et
1874 1285 1915 1334 oo
1936 1283 2190 1354 memoramus,

336 1420 425 1506 quia
448 1419 656 1506 supradicta
679 1421 916 1491 bicariatione
940 1425 975 1488 et
999 1419 1228 1508 obligatione,
1254 1420 1347 1506 quod
1369 1439 1436 1508 ego
1459 1423 1520 1509 qui
1546 1439 1656 1508 supra
1678 1420 1867 1491 serrandus
1890 1439 1954 1490 seu
1970 1439 2052 1488 oum
2068 1421 2186 1508 tuqui

337 1591 448 1659 supra
471 1571 719 1661 maghenollus
743 1573 827 1642 fecit
850 1571 939 1640 illud
963 1574 1043 1640 viee
1065 1592 1145 1644 mea
1168 1578 1203 1644 et
1226 1574 1336 1662 ipsius
1360 1573 1480 1643 dilecti
1518 1593 1712 1663 germanus
1735 1592 1834 1643 meus
1858 1594 1897 1643 eo
1921 1575 2042 1644 omnia
2065 1593 2193 1660 supra·
2218 1617 2224 1627 -

339 1723 436 1793 dieta
460 1699 726 1812 adimplendum
748 1744 812 1812 per
836 1725 898 1794 illo
920 1725 1045 1794 ordine
1068 1730 1105 1794 et
1128 1726 1234 1813 ratio,
1251 1725 1406 1813 qualiter
1430 1728 1595 1814 superius
1619 1726 1765 1816 legitur,
1783 1746 1846 1815 per
1869 1727 2077 1816 supradicta
2100 1747 2195 1815 gua·

339 1876 400 1946 dia
422 1881 458 1946 et
480 1875 641 1964 obligata
664 1895 769 1967 pena,
785 1883 822 1948 et
845 1877 965 1949 taliter
989 1879 1145 1948 seribere
1168 1879 1373 1968 rogavimus
1395 1885 1432 1950 te
1455 1882 1661 1952 romualdus
1684 1883 1863 1973 notarius,
1882 1889 2002 1954 aetum
2026 1883 2192 1954 nuceria.

385 2001 416 2118 †
442 2033 517 2119 ligo
541 2029 719 2100 romoaldo

386 2155 416 2271 †
441 2185 517 2271 Ego
539 2184 687 2254 ioannes

387 2305 418 2422 †
443 2338 519 2426 Ego
540 2342 658 2426 petru.
