5466 7106
1053 559 1456 637 urruonuurcus
2061 525 2129 638 uo

322 789 360 858 ot
384 801 498 872 usque
520 785 596 872 ipso
619 786 851 855 coustitutum
874 785 960 858 dare
983 786 1073 856 mihi
1097 789 1152 856 vel
1177 787 1216 856 in
1239 807 1322 876 pars
1347 787 1459 875 ipsius
1482 789 1689 861 monasterii
1708 794 1797 860 nobo
1814 789 1965 862 modiola
1989 791 2033 861 de
2048 809 2171 880 granu

323 939 454 1006 bonum
476 934 523 1006 ad
545 933 700 1004 modiolu
724 935 823 1005 iustu
846 934 1078 1026 domnioum,
1105 941 1142 1006 et
1165 955 1227 1025 per
1251 957 1372 1010 omnes
1395 941 1491 1011 vices
1514 939 1571 1010 die
1594 941 1737 1012 sabbati
1763 961 1873 1030 usque
1898 942 1974 1030 ipso
1998 943 2173 1013 constitu-

326 1097 403 1161 tum
425 1095 657 1162 macerarent
679 1091 718 1159 iu
740 1089 817 1179 ipso
840 1092 1055 1162 monasterio
1078 1093 1115 1162 et
1138 1108 1291 1180 gemme,
1315 1091 1379 1180 qui
1396 1093 1465 1162 suit
1480 1112 1592 1163 uxore
1606 1095 1719 1181 ipsius
1735 1093 1906 1184 guaiferi,
1923 1097 2057 1182 absque
2073 1098 2171 1164 omni

320 1247 491 1317 molitura
514 1250 689 1335 quantum
714 1264 832 1334 granu
855 1245 956 1314 nobis
972 1247 1008 1314 et
1025 1247 1140 1332 ipsius
1162 1265 1300 1336 gemme
1318 1249 1559 1319 necessarium
1575 1249 1696 1338 fuerit,
1712 1251 1842 1320 bonum
1858 1253 1895 1320 et
1909 1249 2062 1340 salbum,
2074 1252 2169 1320 siout

326 1401 526 1488 meruerit3
552 1400 597 1472 ad
621 1400 777 1490 completi
800 1417 882 1470 vero
906 1399 976 1488 ipsi
998 1404 1072 1469 tres
1094 1399 1182 1470 anni
1207 1400 1315 1469 liccat
1339 1399 1400 1470 ille
1423 1399 1587 1470 tollerent
1610 1402 1692 1470 inde
1715 1403 1789 1490 ipse
1813 1402 1902 1472 mole
1926 1403 1969 1472 de
1993 1405 2073 1492 ipsu
2097 1424 2172 1472 mo-

323 1557 451 1646 linum,
475 1561 510 1626 et
532 1556 699 1626 inclitum
723 1558 798 1644 ipso
821 1556 994 1624 molinum
1018 1573 1100 1624 cum
1125 1555 1240 1622 omnis
1262 1523 1472 1643 serraturis,
1489 1559 1526 1625 et
1542 1559 1644 1626 anrbo
1669 1555 1738 1645 ipsi
1754 1557 1890 1645 canali,
1907 1562 1942 1627 et
1957 1559 2073 1626 omnis
2097 1559 2173 1629 alia

325 1711 536 1800 lingnamen
559 1713 597 1778 et
619 1709 777 1778 sedimen
800 1713 836 1778 et
859 1711 1040 1796 copertum
1064 1707 1291 1777 remitterent
1315 1708 1359 1776 ad
1382 1713 1556 1796 potestate
1573 1709 1686 1798 ipsius
1707 1711 1929 1781 monasterii.
1955 1712 1997 1780 de
2014 1731 2086 1798 qua
2108 1733 2174 1800 per

325 1863 587 1934 combenientia
610 1863 747 1951 guadio
771 1861 859 1930 mihi
886 1862 962 1949 ipso
987 1851 1143 1930 andreas
1166 1861 1260 1947 dodi,
1277 1864 1314 1929 et
1330 1861 1523 1931 mediatore
1547 1863 1635 1932 mihi
1661 1863 1762 1950 posui
1787 1883 1824 1933 se
1849 1865 1927 1951 ipsu
1951 1869 1986 1934 et
2001 1864 2176 1935 sichenol-

324 2019 380 2086 rus
402 2017 445 2086 de
468 2016 584 2085 locum
606 2017 805 2087 cerbaricia
821 2007 848 2098 ¹)
870 2015 1034 2083 domnica
1058 2014 1134 2082 iilia
1157 2015 1335 2100 quondam
1359 2017 1519 2105 sparani3
1541 2021 1577 2086 et
1592 2035 1654 2105 per
1672 2018 1749 2104 ipsa
1772 2019 1905 2106 guadio
1929 2022 1993 2087 etc.
2021 2021 2170 2088 astatore

326 2173 462 2244 maura
482 2173 614 2260 triptota·
638 2173 724 2240 uari
747 2173 942 2241 solidorum
966 2169 1209 2258 Constantini.
1245 2175 1281 2238 et
1304 2167 1365 2238 iile
1396 2173 1432 2239 et
1462 2171 1537 2258 ipse
1561 2171 1775 2240 sichenolsus
1806 2177 2049 2260 apposuerunt
2072 2176 2175 2243 nobis

329 2327 641 2418 oppignerandum
664 2327 780 2394 omnis
805 2325 947 2393 illorum
970 2341 1117 2393 causam
1141 2322 1301 2408 legitimo
1325 2329 1361 2392 et
1386 2325 1601 2414 inlegitimo‚
1635 2328 1728 2414 quod
1763 2328 1890 2415 scripsi
1920 2347 1986 2416 ego
2014 2328 2174 2400 ademari

323 2481 498 2548 notarius.

371 2606 401 2722 †
426 2635 501 2722 Ego
524 2633 687 2704 alderissi
713 2631 877 2699 notarius
901 2648 956 2697 me
981 2627 1174 2716 subscripsi

369 2759 401 2875 †
425 2787 500 2873 Ego
525 2787 697 2854 iohannes
720 2781 883 2852 notarius
907 2801 962 2850 me
985 2781 1191 2867 subscripsi.

1073 3003 1421 3015 ———.--.—..-

1094 3265 1393 3348 DCCCXV.

1103 3531 1159 3607 A.
1188 3528 1238 3605 D.
1267 3524 1395 3608 1029.

367 3777 403 3917 †
428 3829 468 3895 In
491 3827 635 3896 nomine
658 3825 794 3893 domini
817 3821 1003 3890 undecimo
1019 3837 1115 3889 anno
1139 3821 1364 3908 principatus
1380 3820 1499 3889 domni
1523 3819 1636 3890 nostri
1651 3821 1835 3892 Guaimari
1851 3821 1918 3890 fliii
1933 3821 2052 3890 domni
2070 3826 2178 3912 guai-

322 3983 430 4068 mari,
454 3979 617 4070 gloriosis
639 3979 873 4068 principibus,
891 3993 1011 4045 mense
1027 3975 1195 4058 martius
1212 3972 1421 4042 duodecima
1438 3970 1648 4040 indictione.
1675 3971 1963 4042 Memoratorium
1993 3975 2129 4045 sactum
2153 3999 2178 4049 a

324 4157 379 4208 me
401 4134 598 4205 musandus
622 4133 793 4204 diaconus
815 4128 964 4200 ecclesie
987 4128 1104 4198 sancti
1128 4126 1279 4196 maximi
1301 4129 1336 4194 et
1359 4124 1457 4193 filius
1480 4123 1659 4212 quondam
1683 4125 1870 4213 musandi,
1895 4144 1936 4195 eo
1959 4129 2052 4214 quod
2091 4135 2175 4201 aute

325 4287 506 4375 presentia
529 4284 664 4355 maioni
687 4281 875 4371 presbiteri
902 4285 939 4350 et
962 4281 1084 4350 abbati
1108 4279 1264 4367 predicte
1288 4277 1436 4348 ecclesie
1457 4277 1574 4347 sancti
1592 4277 1757 4366 maximi,
1783 4297 1856 4348 una
1874 4298 1954 4348 cum
1972 4281 2075 4349 iilum
2090 4287 2177 4352 exet

322 4445 446 4528 petrus
470 4438 661 4534 adbocator
685 4435 845 4526 predicte
868 4433 1032 4522 ecclesie,
1051 4435 1086 4501 et
1102 4430 1222 4518 ibique
1239 4431 1466 4502 adstantibus
1488 4431 1684 4519 subscripti
1707 4436 1827 4510 testes,
1845 4452 1909 4521 per
1924 4434 2177 4506 conbenientia

321 4615 383 4684 per
408 4593 593 4664 iuxionem
614 4592 728 4679 ipsius
751 4587 874 4659 abbati
897 4591 933 4657 et
955 4605 1019 4676 pro
1042 4587 1119 4656 vice
1142 4587 1256 4674 ipsius
1279 4588 1427 4658 ecclesie
1449 4589 1582 4658 tradidi
1606 4589 1765 4658 mirandi
1788 4590 1863 4658 filio
1888 4593 2106 4680 berangneri
2131 4593 2174 4662 de

322 4751 410 4818 saba
426 4747 452 4820 ’i
474 4752 511 4817 et
534 4747 715 4817 adfiliatus
738 4743 886 4814 iohanni
910 4743 952 4812 de
980 4743 1096 4810 locum
1113 4742 1328 4828 barbarana,
1346 4741 1472 4811 inolita
1488 4741 1678 4812 medietate
1692 4743 1735 4810 de
1751 4763 1823 4814 una
1839 4741 1999 4814 clusuria
2015 4745 2058 4814 de
2075 4751 2177 4818 terra

323 4918 404 4970 curn
427 4898 584 4970 arbustis
607 4899 847 4988 pertinentem
871 4895 984 4983 ipsius
1007 4891 1154 4962 ecclesie
1178 4892 1294 4961 sancti
1321 4891 1470 4962 maximi
1494 4893 1537 4962 de
1561 4895 1638 4981 ipso
1661 4893 1777 4962 locum
1802 4897 2032 4984 barbariam,
2065 4899 2176 4985 perti·

321 5055 447 5126 nentia
469 5055 615 5123 nucerie
638 5053 837 5142 propinquo
859 5049 1008 5119 ecclesia
1030 5049 1146 5118 sancti
1169 5049 1301 5135 polisti,
1326 5049 1419 5134 quod
1442 5067 1508 5135 ego
1530 5049 1759 5136 supradictus
1782 5052 1977 5121 musandus
2000 5054 2174 5126 diaconus

320 5210 360 5278 in
384 5208 593 5279 beneficium
617 5212 720 5277 teneo
743 5205 788 5274 ad
812 5221 895 5292 pars
918 5203 1032 5290 ipsius
1054 5203 1201 5270 ecclesie
1224 5201 1339 5270 sancti
1364 5202 1528 5280 maximi,
1546 5201 1609 5289 qui
1634 5207 1688 5271 est
1713 5205 1807 5274 iuira
1831 5223 1871 5275 as
1896 5207 1986 5275 fines
2010 5212 2046 5276 et
2075 5227 2176 5277 men·

321 5384 439 5435 suras:
465 5383 489 5434 a
511 5380 596 5452 pars
619 5360 768 5442 orientis
792 5360 862 5427 fine
886 5359 1013 5446 propia
1035 5375 1116 5444 sepe
1139 5355 1182 5424 de
1207 5355 1282 5442 ipsa
1307 5361 1421 5444 curte,
1446 5363 1558 5426 otest
1581 5378 1643 5446 per
1668 5361 1851 5429 mensuria
1875 5363 1921 5430 ab
1946 5361 2043 5432 intus
2068 5382 2173 5432 secus

364 5737 387 5816 ¹)
408 5737 514 5801 Locus
539 5743 632 5801 extra
655 5737 842 5800 Salernum.

362 5885 386 5962 ²)
406 5883 506 5961 Sabo,
530 5884 584 5949 vel
606 5886 704 5958 Sava,
729 5884 821 5946 vicus
846 5856 931 5962 apud
954 5876 1173 5941 Serenianum
1198 5873 1231 5934 in
1255 5872 1366 5934 Prino.
1393 5867 1614 5932 salernitano.
