5414 7098
568 512 612 586 18
1249 513 1423 585 CODEX
1465 514 1729 591 CAVENSIS

570 738 707 842 emissa
731 739 770 807 in
795 738 982 808 undecimo
1005 756 1101 808 anno
1124 737 1257 827 superii
1283 739 1403 806 domni
1429 741 1604 830 iohanni,
1630 747 1666 812 et
1689 749 1790 814 sexto
1813 763 1909 815 anno
1933 745 2046 832 ipsius
2077 745 2197 814 domni
2229 742 2427 833 guaimarii

571 892 642 962 filii
665 893 742 963 eius
762 943 773 980 ,
797 893 943 982 gloriosi
966 892 1210 982 principibus,
1235 911 1355 962 mense
1378 893 1552 984 martius,
1576 895 1729 983 septima
1760 897 1968 968 indictione.
2001 901 2078 987 lpse
2110 895 2302 984 iaquintus
2333 895 2431 964 filius

575 1045 791 1114 mechenoltt
814 1046 1021 1116 declarabat
1044 1045 1243 1112 comuniter
1267 1047 1375 1114 abere
1396 1066 1479 1114 cum
1497 1048 1718 1136 grimoaldus
1733 1056 1884 1141 cognato
1900 1073 1964 1124 suo
1979 1052 2054 1121 filio
2068 1051 2222 1140 garolali
2242 1053 2358 1120 omnis
2373 1069 2431 1119 re-

575 1203 643 1268 bus
666 1219 736 1288 que
759 1201 829 1270 fuit
851 1200 1004 1288 predicti
1028 1199 1241 1271 machenolti
1263 1201 1419 1290 genitori
1444 1203 1535 1292 eins,
1552 1203 1627 1290 ipse
1644 1203 1829 1291 iaquintus
1852 1205 2094 1293 medietatem,
2111 1209 2147 1274 et
2164 1203 2239 1293 ipse
2262 1201 2433 1294 grimoal-

575 1354 643 1424 dus
665 1355 905 1441 medietatem,
931 1357 967 1423 et
989 1348 1089 1423 aliut'
1104 1356 1333 1424 continebat:
1359 1357 1494 1444 scripta
1516 1375 1581 1443 per
1603 1361 1726 1444 petrus
1750 1357 1900 1425 clericus
1923 1361 1959 1426 et
1982 1358 2159 1446 notarius,
2178 1361 2351 1426 rovorata
2367 1374 2432 1444 per

578 1509 655 1598 ipso
680 1508 733 1577 leo
756 1507 867 1577 iudex
890 1511 927 1576 et
949 1507 1027 1577 alii.
1052 1509 1130 1596 Ipso
1146 1511 1291 1578 brebem
1307 1508 1494 1578 divisionis
1510 1509 1680 1576 emissum
1697 1509 1736 1577 in
1752 1509 1938 1577 undecimo
1953 1528 2049 1579 anno
2065 1511 2292 1598 principatus
2309 1508 2433 1577 domni

584 1663 749 1748 iohanni,
766 1666 802 1730 ct
818 1664 920 1730 sexto
943 1661 1064 1730 domni
1091 1661 1272 1749 guaimari
1295 1661 1362 1729 fllii
1385 1661 1477 1747 eius,
1501 1661 1647 1748 gloriosi
1669 1661 1919 1751 principibus,
1942 1681 2077 1750 mense,
2102 1664 2257 1732 martius
2282 1660 2440 1748 septima

585 1813 811 1883 indictione:
836 1833 902 1903 ego
925 1816 1070 1902 quidem
1092 1814 1312 1904 grimoaldus
1335 1819 1419 1883 ante
1442 1816 1518 1903 ipso
1540 1815 1596 1882 leo
1620 1815 1789 1885 indonet
1812 1816 1877 1886 alii
1900 1821 2009 1886 testes
2032 1816 2245 1885 coniunctus
2259 1835 2338 1884 sum
2354 1833 2439 1882 cum

586 1965 664 2052 ipso
688 1967 875 2054 iaquintus
899 1968 1004 2036 etad
1027 1971 1239 2055 perpetuum
1263 1969 1358 2036 inter
1382 1986 1446 2037 nos
1467 1967 1660 2037 dividimus
1683 1971 1841 2056 quinque
1864 1971 1963 2057 pecie
1979 1970 2022 2038 de
2037 1969 2144 2040 terris
2160 1989 2223 2058 per
2241 1967 2439 2056 locisquod

586 2121 665 2208 ipso
688 2093 840 2190 brebem¹
857 2120 1043 2189 divisionis
1067 2122 1241 2208 continet,
1264 2124 1300 2189 et
1322 2120 1414 2190 aliut
1437 2120 1665 2191 continebat:
1690 2124 1822 2210 scripto
1845 2143 1908 2211 per
1924 2123 2001 2210 ipso
2016 2127 2139 2210 petrus
2155 2122 2307 2192 clericus
2324 2126 2361 2190 et
2376 2138 2442 2188 no·

587 2274 720 2361 tarius,
745 2277 952 2342 rovoretum
976 2295 1040 2362 per
1064 2275 1140 2362 ipso
1164 2275 1218 2343 leo
1242 2273 1351 2343 iudex
1374 2278 1411 2343 et
1429 2263 1530 2343 aliis.
1553 2277 1633 2344 Una
1656 2295 1703 2344 ex
1727 2276 1802 2362 ipse
1818 2275 2075 2364 cartule‚quod
2090 2275 2157 2362 ipsi
2174 2274 2352 2344 nominati
2368 2293 2445 2344 ma·
2479 2323 2483 2330 -

585 2431 642 2495 ter
665 2431 702 2496 et
723 2427 821 2494 tilius
843 2447 890 2495 ex
912 2426 993 2514 ipsa
1016 2431 1122 2496 rebus
1144 2428 1253 2495 michi
1278 2431 1607 2515 confirmaverunt,
1630 2429 1759 2500 emissa
1781 2430 1825 2498 de
1848 2448 1944 2500 anno
1967 2429 2283 2516 vicesimoquinto
2307 2425 2446 2514 superii

586 2578 707 2646 domni
731 2579 924 2668 guaimarii
948 2579 1094 2668 gloriosi
1119 2579 1310 2666 principis,
1335 2599 1456 2649 mense
1481 2582 1687 2669 ianuarius,
1710 2579 1918 2652 duodecima
1942 2583 2151 2651 indictione.
2170 2581 2241 2669 ipsi
2264 2578 2445 2648 nominati

586 2729 696 2798 senda
718 2733 754 2798 et
777 2730 896 2818 mari,
921 2734 1037 2800 mater
1062 2736 1098 2800 et
1121 2731 1241 2818 filius,
1266 2732 1460 2798 secundum
1485 2731 1601 2819 legem
1624 2734 1848 2802 donaverunt
1871 2738 1907 2802 et
1930 2735 2234 2802 confirmaverunt
2257 2731 2349 2800 mihi
2379 2730 2447 2817 qui

587 2901 698 2970 supra
721 2883 911 2970 grimoaldi
936 2901 1011 2952 una
1034 2885 1134 2972 peoia
1157 2885 1201 2952 de
1223 2889 1323 2952 terra
1339 2903 1420 2952 cum
1436 2883 1663 2971 aliquantum
1678 2891 1905 2973 pastenatum
1921 2887 1959 2956 in
1975 2887 2092 2955 locum
2109 2886 2283 2972 floccanu‚
2301 2883 2364 2951 ubi
2391 2883 2449 2950 in·

587 3036 672 3105 serti
696 3036 742 3106 da
765 3038 942 3123 presbiter
965 3035 1098 3106 dicitur
1122 3041 1157 3105 et
1181 3037 1226 3105 ad
1251 3039 1341 3106 caba
1363 3041 1526 3124 vocatur,
1551 3057 1614 3125 per
1638 3038 1723 3106 finis
1748 3042 1785 3106 et
1808 3039 1990 3107 mensurio
2007 3043 2087 3108 erat
2103 3037 2349 3106 continentes:
2368 3035 2450 3124 ipsa

587 3192 732 3259 cartula
757 3192 892 3278 scripta
915 3208 979 3276 per
1003 3189 1176 3258 iohannes
1199 3188 1350 3256 clericus
1373 3195 1410 3258 et
1433 3190 1609 3278 notarius²
1634 3197 1802 3261 rovorata
1817 3210 1880 3277 per
1897 3191 2087 3261 mirandus
2104 3192 2215 3260 iudex
2229 3195 2266 3259 et
2280 3192 2328 3259 ab
2343 3187 2442 3259 aliis.

587 3345 667 3430 lpse
690 3341 792 3412 helia
816 3341 956 3412 cartula
978 3339 1109 3409 emissa
1130 3341 1173 3408 de
1196 3358 1291 3408 anno
1314 3339 1482 3410 vicesimo
1505 3347 1606 3410 sexto
1629 3343 1764 3429 superii
1788 3343 1909 3410 domni
1925 3343 2124 3430 guaimarii
2141 3341 2290 3428 gloriosi
2307 3340 2450 3428 princi-

587 3496 656 3584 pis²
679 3512 802 3563 mense
826 3493 1034 3580 december,
1058 3491 1308 3562 tertiadecima
1332 3493 1539 3563 indictione.
1565 3497 1646 3582 lpse
1669 3496 1798 3564 mulier
1821 3497 1965 3564 nomine
1989 3495 2100 3564 sende
2124 3493 2202 3564 lilia
2222 3494 2357 3563 sellicti
2380 3511 2440 3561 re-

587 3647 675 3718 licta
697 3647 857 3717 iamdicti
881 3645 1036 3732 iaquinti
1060 3645 1127 3714 lilii
1150 3645 1361 3714 machonolfi
1385 3646 1429 3714 de
1452 3648 1567 3714 locum
1590 3648 1786 3718 floccanum
1810 3652 1845 3717 et
1867 3647 2049 3734 predictus
2073 3648 2166 3716 mari
2190 3647 2289 3714 filius
2316 3663 2444 3714 eorum

587 3803 824 3874 unianimiter
848 3822 911 3890 per
935 3803 1013 3890 ipsa
1035 3802 1177 3872 cartula
1200 3802 1396 3872 donaverat
1421 3801 1533 3889 ipsius
1549 3803 1740 3889 grimoaldi
1757 3807 1910 3889 cognato
1925 3807 1962 3870 et
1976 3803 2052 3871 thio
2068 3820 2193 3870 eorum
2218 3800 2349 3870 inclita.
2368 3819 2447 3868 me·

586 3956 732 4046 dietate,
757 3955 851 4042 quod
873 3955 942 4024 fuit
965 3957 1121 4024 sortione
1144 3955 1301 4041 illorum,
1325 3955 1368 4024 de
1392 3973 1467 4024 una
1490 3956 1593 4042 pecie
1616 3954 1660 4024 de
1682 3959 1781 4024 terra
1804 3971 1873 4040 que
1895 3953 2027 4023 dicitur
2043 3953 2089 4021 da
2104 3957 2188 4022 cata
2202 3951 2360 4022 maurici
2379 3970 2450 4039 per

593 4109 678 4178 finis
700 4112 737 4178 et
760 4107 941 4177 mensurie
965 4110 1045 4178 erat
1068 4109 1307 4194 continentes,
1330 4107 1424 4176 aliut
1445 4106 1678 4176 continebat:
1702 4105 1837 4192 scripta
1859 4123 1922 4192 ρει
1939 4105 2129 4202 iamdictus
2145 4103 2322 4173 iohannes
2339 4103 2454 4173 cleri-

589 4285 667 4354 cus,
693 4269 857 4335 rovorata
878 4283 942 4351 per
966 4263 1042 4352 ipso
1066 4261 1255 4331 mirandus
1279 4259 1389 4330 iudex
1413 4262 1449 4328 et
1471 4278 1534 4346 per
1558 4259 1652 4328 aliis.
1676 4259 1763 4328 Olim
1780 4262 1899 4327 antem
1914 4258 2075 4345 predicta
2090 4257 2290 4326 monimina
2305 4274 2371 4342 per
2391 4276 2452 4325 me

590 4422 733 4490 ostensa
757 4419 826 4490 ruit
848 4425 885 4490 et
907 4417 1037 4488 relecte
1062 4418 1222 4502 luerunt,
1247 4414 1326 4482 ideo
1349 4415 1419 4500 ipsi
1443 4415 1560 4481 mater
1583 4416 1620 4482 et
1643 4413 1739 4480 filius
1762 4429 1837 4480 una
1861 4429 1942 4478 cum
1964 4410 2040 4496 ipso
2057 4427 2179 4477 eorum
2197 4409 2452 4478 advocatorem

590 4571 730 4657 protexi
754 4575 851 4658 sunt,
876 4574 912 4640 et
935 4589 999 4658 per
1022 4571 1117 4640 bona
1140 4564 1406 4636 combenientia
1431 4561 1671 4632 unianimiter
1696 4561 2020 4630 manifestaverunt
2042 4562 2078 4627 et
2099 4559 2273 4630 dixerunt
2297 4561 2456 4644 omnia,

591 4726 764 4813 quomodo
787 4729 823 4794 et
847 4723 1003 4812 qualiter
1026 4727 1111 4791 sunt
1133 4721 1359 4790 continentes
1383 4716 1554 4786 iamdicta
1577 4713 1798 4797 monimina,
1822 4711 1916 4798 quod
1944 4712 2108 4797 superius
2131 4713 2314 4781 declarate
2338 4717 2456 4798 sunt,

593 4899 737 4950 veraces
761 4883 893 4966 essent,
917 4881 954 4946 et
976 4877 1111 4946 nullam
1137 4875 1220 4942 inde
1245 4872 1436 4958 reprobum
1460 4871 1523 4936 aut
1545 4865 1712 4936 fallacem
1735 4865 1855 4932 faeere
1870 4865 2018 4948 poteret,
2035 4881 2150 4949 neque
2167 4883 2230 4950 per
2246 4867 2371 4951 testes²
2390 4881 2456 4931 ne-

594 5051 664 5122 que
686 5051 750 5120 per
772 5033 952 5099 monimen
965 5079 976 5116 ‚
1000 5045 1115 5113 neque
1139 5041 1201 5112 per
1225 5021 1353 5108 quabis
1375 5018 1589 5089 rationibus.
1616 5019 1661 5085 Et
1683 5035 1744 5102 per
1769 5019 1863 5084 bona
1886 5013 2148 5083 combenientia
2171 5013 2240 5102 ipsi
2273 5014 2459 5084 nominati

591 5188 703 5256 senda
725 5190 762 5256 ct
784 5183 889 5272 mari,
913 5186 1029 5252 mater
1053 5183 1090 5248 et
1114 5179 1222 5262 tilius,
1247 5179 1368 5244 tamen
1391 5173 1506 5242 eidem
1529 5169 1637 5238 sende
1660 5168 1855 5236 secundum
1879 5166 1993 5252 legem
2017 5167 2051 5236 ei
2067 5169 2357 5236 consentientem
2375 5167 2456 5254 ipse

592 5342 686 5412 mari
710 5337 918 5422 filiuseius,
943 5335 983 5402 in
1006 5331 1109 5402 cuius
1132 5329 1319 5398 mundium
1343 5346 1399 5395 me
1423 5322 1701 5412 palamiaciebat
1725 5337 1817 5406 esse,
1833 5337 1895 5404 per
1913 5319 2006 5387 bona
2021 5321 2288 5390 combenientia
2306 5323 2462 5391 uniani-

593 5494 699 5562 miter
721 5489 858 5579 guadia
881 5487 991 5555 michi
1015 5485 1191 5552 dederunt
1215 5484 1252 5550 et
1274 5478 1513 5546 mediatorem
1536 5473 1647 5542 michi
1670 5473 1866 5560 posuerunt
1891 5469 1972 5538 litto
1997 5471 2070 5538 tilio
2093 5470 2189 5540 idem
2211 5472 2308 5560 litti3
2334 5479 2371 5544 et
2394 5495 2461 5563 per

594 5645 720 5715 eadem
742 5641 876 5734 guadio
898 5637 1151 5727 obligaverunt
1174 5651 1212 5700 se
1235 5647 1449 5718 suorumque
1473 5627 1524 5696 tili
1549 5627 1685 5713 credes,
1710 5627 1749 5692 ut
1773 5623 1802 5691 si
1821 5622 2142 5711 quomodocumque
2159 5644 2223 5712 per
2240 5629 2455 5712 qualecum-

596 5814 667 5884 que
690 5794 868 5864 rationem
892 5795 958 5862 hec
980 5789 1077 5858 dicta
1100 5781 1367 5854 combenientia
1382 5797 1563 5850 removere
1580 5781 1644 5848 aut
1660 5780 1826 5844 contrare
1843 5774 2039 5861 quesierint
2054 5781 2090 5846 et
2107 5775 2358 5866 quodcumque
2375 5799 2468 5850 cau-
