5422 7102
1034 565 1446 642 DlPLOMATlGUS
2060 565 2128 639 237

326 795 469 882 quando
492 798 606 884 hopus
630 797 752 888 suerit,
771 800 850 886 ipsa
865 819 950 871 casa
972 799 1136 870 conciare
1158 799 1196 864 et
1211 794 1382 883 coperire,
1399 795 1492 862 sicut
1507 794 1694 882 meruerit,
1719 795 1756 862 et
1778 793 1808 862 si
1826 791 1876 860 ibi
1892 793 1972 879 plus
1993 790 2137 860 iuniere
2153 794 2180 874 ¹)

326 949 514 1018 voluerint
537 947 576 1016 in
601 951 679 1036 ipsa
704 969 801 1039 casa,
825 955 1034 1039 potestatem
1058 952 1181 1020 aberet
1204 950 1380 1035 quantum
1403 944 1568 1032 voluerit,
1594 945 1655 1013 ubi
1680 944 1802 1014 sedeat
1829 945 1891 1014 1116
1915 945 1970 1014 vel
1984 945 2069 1014 filiis
2093 945 2179 1033 suis,

326 1101 365 1168 et
387 1102 461 1168 tote
484 1101 559 1186 ipse
581 1104 656 1168 tres
679 1101 793 1189 pecie,
818 1101 912 1172 unde
935 1105 1119 1178 meruerit,
1145 1101 1287 1169 cludere
1310 1103 1346 1168 et
1368 1101 1463 1168 cluse
1489 1101 1550 1168 ille
1574 1102 1736 1186 aberent,
1760 1104 1797 1168 et
1825 1101 2034 1170 annualiter
2052 1101 2178 1172 amodo

326 1255 364 1320 61
388 1271 528 1342 semper
553 1252 615 1322 ille
639 1253 784 1348 etfiliis
808 1253 897 1343 suis,
921 1258 1023 1324 natos
1045 1257 1247 1342 nascentes,
1272 1257 1345 1322 tote
1361 1254 1435 1341 ipse
1454 1258 1527 1322 tres
1544 1253 1643 1341 pecie
1661 1254 1867 1324 laborarent
1883 1254 1927 1324 de
1949 1273 2055 1342 super
2078 1259 2115 1324 et
2137 1256 2181 1324 de

327 1405 465 1490 suptus,
490 1404 585 1472 sicut
609 1403 707 1472 locus
732 1403 808 1491 ipse
831 1406 1029 1491 meruerit,
1052 1405 1119 1472 hoo
1142 1407 1209 1492 est,
1234 1407 1382 1473 ararent
1406 1409 1442 1474 et
1465 1405 1697 1492 seminarent,
1722 1407 1829 1493 quale
1852 1411 2008 1476 semente
2033 1406 2084 1474 ibi
2108 1425 2180 1478 me·

327 1554 457 1641 ruerit,
483 1558 521 1624 et
542 1558 800 1644 propaginaret
824 1559 901 1643 ipsa
925 1560 1089 1646 arbusta,
1112 1561 1148 1626 et
1172 1556 1325 1627 vites·at
1349 1561 1494 1627 arbores
1517 1578 1649 1646 ponere
1671 1579 1734 1628 sen
1759 1577 1884 1648 poma,
1908 1561 1969 1628 ubi
1993 1559 2179 1651 meruerit,

328 1714 364 1780 et
384 1709 467 1781 illut
489 1712 701 1784 annualiter
724 1714 862 1786 cultare
886 1721 922 1784 et
945 1715 1146 1783 studiarent
1169 1713 1211 1781 de
1234 1732 1340 1801 super
1364 1718 1400 1782 et
1422 1713 1465 1781 de
1489 1718 1623 1801 supter,
1649 1717 1690 1782 ut
1714 1714 1839 1782 amodo
1861 1719 1899 1782 et
1922 1734 2035 1802 usque
2058 1716 2179 1786 decem

330 1881 445 1933 annos
467 1867 622 1954 perfecte
646 1869 720 1938 sint
743 1868 819 1956 ipse
841 1871 940 1956 pecie
965 1823 1166 1956 arbusteis,
1190 1871 1226 1936 et
1250 1869 1377 1954 ritate,
1407 1871 1443 1936 et
1465 1867 1614 1955 cultate,
1638 1871 1673 1936 et
1696 1868 1880 1955 hoperate‚
1905 1874 1941 1938 61
1963 1868 2009 1938 da
2033 1869 2115 1938 inde
2140 1872 2179 1938 in

327 2023 435 2088 antea
458 2037 597 2106 semper
619 2021 670 2087 sic
695 2019 773 2089 illas
798 2020 965 2087 similiter
989 2019 1152 2090 laborare
1176 2025 1211 2087 et
1235 2019 1439 2107 cultarent,
1464 2025 1504 2086 ut
1531 2038 1669 2107 semper
1706 2022 1744 2088 in
1769 2019 1896 2088 melius
1931 2020 2121 2109 proficiant
2144 2028 2180 2090 et

326 2189 398 2239 non
423 2157 642 2260 dispereant,
666 2179 702 2242 et
725 2177 817 2242 bone
840 2177 992 2261 pareant
1015 2173 1174 2243 laborate
1197 2181 1233 2243 et
1256 2175 1404 2260 cultate,
1429 2193 1554 2243 curam
1580 2179 1615 2243 et
1639 2174 1891 2262 vigilationem
1920 2175 2003 2243 inde
2028 2179 2179 2245 aberent

326 2329 362 2394 et
383 2325 526 2396 salbum
549 2325 630 2394 illut
652 2328 811 2397 facerent
834 2328 930 2398 iusta
954 2328 1105 2396 ratione.
1133 2330 1177 2396 Et
1199 2327 1405 2397 annualiter
1434 2346 1499 2414 pro
1533 2328 1713 2396 vindemie
1748 2329 1840 2398 scire
1875 2329 2012 2399 faciant
2046 2349 2102 2398 me
2125 2333 2178 2400 vel

326 2495 411 2563 pars
437 2477 550 2565 ipsius
573 2480 748 2566 ecclesie,
773 2483 814 2547 ut
839 2481 923 2548 illuc
947 2479 1150 2566 dirigamus
1173 2483 1321 2548 missum
1345 2485 1535 2569 nostrum,
1561 2487 1597 2550 et
1620 2482 1691 2550 illis
1716 2486 1789 2550 tota
1821 2482 1900 2569 ipsa
1927 2484 2076 2551 arbusta
2098 2489 2180 2569 apto

327 2634 487 2718 tempore
510 2631 745 2720 vindemiare,
769 2638 805 2701 et
829 2634 954 2701 vinum
977 2635 1096 2721 ipsum
1120 2636 1251 2703 ibidem
1275 2635 1320 2703 ad
1345 2637 1566 2722 pulmentum
1592 2642 1801 2723 procuraret
1835 2643 1871 2705 et
1907 2656 2012 2724 poma
2046 2637 2179 2706 exinde

326 2783 401 2850 suis
426 2786 646 2871 temporibus
668 2785 881 2872 colliierent3
905 2789 941 2853 et
963 2787 1006 2855 de
1030 2788 1143 2854 omnis
1166 2786 1290 2854 vinum
1314 2791 1350 2853 et
1374 2805 1478 2873 poma
1501 2807 1610 2874 quam
1636 2789 1718 2855 inde
1741 2789 1885 2873 exierit,
1910 2787 2015 2855 tollat
2043 2787 2172 2854 missus

323 2941 489 3004 nostrum
514 2937 756 3024 medietatem,
781 2943 816 3006 et
842 2937 913 3004 illis
936 2939 1176 3026 medietatem,
1200 2944 1235 3008 et
1259 2941 1337 3027 ipsa
1361 2941 1550 3010 medietate
1575 2945 1698 3010 nostra
1721 2941 1763 3008 de
1788 2941 1866 3028 ipso¹
1886 2941 2009 3007 uinum
2034 2939 2108 3008 illis
2125 2960 2179 3006 re-

324 3094 444 3184 ponad
467 3113 531 3181 per
555 3112 690 3164 annum
715 3095 753 3162 in
779 3095 855 3182 ipsa
878 3115 962 3164 casa
986 3097 1026 3162 in
1051 3096 1128 3182 ipsa
1152 3113 1309 3182 organea
1333 3099 1458 3164 nostra
1484 3095 1650 3182 indeque,
1676 3095 1737 3181 qui
1762 3114 1824 3181 per
1849 3093 1921 3161 illis
1944 3095 2018 3164 sint
2034 3114 2096 3180 per
2114 3114 2177 3163 an·

323 3263 413 3336 num
437 3249 532 3316 bona
555 3251 720 3316 nunciata
743 3251 779 3315 et
802 3247 990 3334 studiata,
1014 3251 1050 3315 et
1075 3248 1183 3315 saciat
1206 3247 1308 3313 nobis
1333 3247 1472 3316 salbum
1496 3248 1572 3334 ipso
1597 3247 1721 3313 vinum
1748 3250 1937 3331 nostrum,
1961 3246 2071 3314 donec
2098 3245 2179 3314 illut

325 3397 409 3466 inde
432 3398 602 3468 tollamus
625 3403 758 3484 absque
782 3399 1060 3484 degeneratione
1085 3403 1120 3466 61
1143 3398 1261 3485 ignem
1282 3421 1291 3485 3
1317 3403 1352 3467 et
1374 3400 1458 3465 dum
1483 3399 1558 3485 ipso
1583 3399 1706 3465 vinum
1740 3398 1823 3466 inde
1856 3397 2074 3484 tulerimus,
2098 3401 2176 3484 ipsa

323 3567 486 3637 organea
510 3552 647 3637 labare,
673 3554 712 3618 ut
736 3569 810 3617 non
834 3555 997 3636 pereant;
1022 3556 1057 3618 61
1079 3551 1162 3617 dum
1188 3552 1236 3618 ibi
1256 3551 1396 3663 steterit
1411 3572 1474 3638 per
1491 3572 1627 3621 annum
1643 3573 1707 3638 pro
1723 3553 1800 3638 ipsa
1824 3551 2006 3620 vindemia
2030 3553 2178 3620 missum

322 3709 499 3792 nostrum,
515 3705 587 3772 illis
603 3723 685 3772 eum
701 3703 855 3771 notriret
870 3702 1061 3769 secundum
1080 3665 1181 3771 suam
1198 3705 1483 3794 possivilitalem,
1501 3711 1537 3774 et
1554 3727 1684 3792 equum
1701 3707 1744 3774 de
1760 3707 1836 3793 ipso
1852 3707 1997 3773 missurn
2015 3711 2178 3774 nostrum

323 3858 489 3928 similiter
513 3857 678 3944 notriret,
702 3857 786 3924 dum
809 3856 858 3924 ibi
883 3857 1034 3941 steterit,
1053 3857 1147 3924 sicut
1164 3858 1352 3942 meruerit,
1367 3862 1404 3925 et
1418 3858 1674 3944 palmentatica
1691 3861 1797 3924 nobis
1813 3859 1943 3927 darent
1958 3878 2021 3946 per
2039 3877 2176 3928 annum

322 4030 435 4082 unum
458 4011 600 4099 parium
623 4009 666 4079 de
690 4011 826 4098 galline
850 4012 969 4096 bone3
994 4009 1095 4078 etde
1119 4011 1212 4096 quod
1235 4030 1297 4096 per
1320 4029 1457 4078 annum
1482 4011 1534 4079 ibi
1558 4011 1821 4100 seminaberit,
1846 4013 2058 4081 terraticum
2091 4012 2176 4080 inde

322 4164 425 4233 daret
449 4163 571 4250 ibique
589 4126 641 4232 'ad
664 4161 812 4230 missum
836 4166 996 4229 nostrum
1021 4161 1142 4247 ibique
1166 4161 1211 4230 ad
1234 4182 1358 4231 aream
1380 4163 1575 4231 secundum
1599 4163 1815 4231 consuetudo
1851 4164 1963 4250 ipsius
1999 4165 2113 4252 locis,
2138 4168 2173 4249 et

321 4325 438 4388 totum
462 4319 539 4406 ipso
562 4319 657 4388 aliut
681 4319 815 4385 victum
839 4315 909 4383 sivi
932 4317 1103 4402 aberent,
1129 4320 1165 4383 61
1187 4316 1286 4384 stetit
1308 4335 1392 4403 pars
1417 4316 1700 4403 ipsiusecclesie
1724 4318 1802 4403 ipsa
1838 4317 2031 4386 traditione
2062 4319 2176 4404 ipsius

321 4473 470 4544 bassalli
493 4477 530 4540 et
553 4491 635 4541 suos
658 4471 763 4559 filios,
787 4475 890 4540 natos
907 4473 1109 4556 nascentes,
1126 4469 1381 4537 defensandum
1397 4489 1480 4536 cum
1495 4472 1573 4538 bice
1590 4471 1632 4538 de
1648 4472 1709 4539 bia
1725 4490 1791 4538 sua
1806 4471 1853 4540 da
1869 4491 1991 4540 omnes
2007 4473 2171 4540 hominos

321 4629 489 4714 omnique
512 4628 705 4714 partibus3
730 4631 766 4694 et
789 4625 895 4712 quale
918 4633 1075 4711 tempore
1099 4622 1182 4690 illut
1204 4625 1326 4689 tenere
1349 4621 1504 4690 noluerit
1527 4623 1572 4690 da
1597 4622 1665 4708 ipsi
1689 4624 1809 4692 decem
1845 4625 1933 4694 anni
1967 4625 2006 4691 in
2037 4630 2173 4712 antea,

323 4784 411 4848 tnnc
438 4779 563 4848 inclite
587 4779 662 4866 ipse
686 4777 785 4864 pecie
809 4777 942 4844 cultate
965 4780 1001 4842 61
1024 4776 1193 4861 hoperate
1216 4773 1259 4840 de
1282 4771 1384 4838 bonis
1408 4773 1565 4840 arbustis
1580 4773 1719 4860 vitatis,
1743 4792 1805 4840 sen
1828 4775 1955 4861 pomiS,
1981 4774 2170 4844 remittant

320 4934 366 5003 ad
389 4935 598 5020 potestatem
620 4935 755 5017 nostra,
780 4930 835 4997 uel
859 4930 901 4996 de
925 4947 1008 5014 pars
1034 4925 1144 5013 ipsius
1170 4926 1331 5012 ecclesie,
1357 4927 1537 5013 cumipse
1561 4947 1645 4996 casa
1669 4928 1768 4999 clusa
1792 4931 1936 5015 coperta
1953 4931 2059 5016 bona,
2082 4928 2176 4998 sicut

320 5086 518 5174 meruerit,
542 5090 681 5155 etcum
705 5084 783 5170 ipsa
806 5083 991 5168 horganea
1013 5080 1114 5150 salba
1127 5129 1137 5166 ,
1171 5085 1206 5148 61
1230 5082 1305 5166 ipse
1328 5079 1426 5166 pecie
1450 5079 1546 5148 cluse
1570 5083 1656 5170 sint,
1684 5083 1776 5150 unde
1801 5082 2031 5170 meruerint,
2055 5085 2091 5150 et
2116 5081 2176 5148 ille

319 5243 355 5308 et
378 5240 452 5306 suis
475 5237 562 5305 filiis
585 5235 700 5305 licead
723 5235 810 5302 inde
826 5204 937 5302 exire
951 5253 1030 5301 cum
1048 5251 1113 5301 sua
1137 5251 1282 5302 causam
1305 5239 1341 5302 et
1364 5240 1504 5323 pergat,
1523 5237 1583 5303 nbi
1608 5236 1800 5305 voluerint.
1824 5239 1923 5306 Unde
1947 5257 2010 5326 per
2034 5238 2170 5304 combe-

319 5393 461 5462 nientia
485 5391 620 5479 guadia
643 5390 733 5458 mihi
757 5387 854 5456 dedit
878 5388 952 5474 ipse
969 5386 1145 5456 bassallus
1169 5405 1230 5474 per
1254 5388 1511 5456 absolutionem
1537 5388 1649 5475 ipsius
1675 5391 1829 5478 jaquinti
1854 5392 2011 5479 genitori
2037 5391 2111 5479 sui,
2138 5395 2175 5457 et

319 5643 747 5664 .-.---———--—-

360 5820 383 5910 ¹)
404 5830 599 5908 Adtonpcre.
