5422 7102
1039 559 1444 634 DlPLOllATlCUS

1048 997 1421 1079 DCCCLXVI.

1090 1257 1144 1334 A.
1173 1255 1223 1334 D.
1253 1255 1380 1336 1034.

354 1500 453 1640 †ln
478 1549 622 1619 nomine
645 1550 779 1618 domini
802 1550 1039 1620 sextodecimo
1071 1568 1165 1620 anno
1202 1550 1427 1638 principatus
1461 1549 1581 1618 domni
1614 1550 1728 1618 nostri
1763 1551 1946 1638 guaimari
1982 1551 2162 1638 gloriosus

309 1706 491 1794 princeps,
517 1704 614 1772 filius
637 1704 817 1789 quondam
840 1703 960 1770 domni
982 1703 1163 1790 guaimari
1187 1702 1381 1791 principis,
1398 1722 1518 1772 mense
1536 1703 1751 1792 februarius
1775 1705 1930 1774 secunda
1947 1705 2159 1775 indictione.

308 1859 459 1944 Ideoque
475 1874 541 1944 ego
556 1859 650 1924 mari
667 1856 764 1924 filius
780 1857 958 1943 quondam
975 1859 1082 1944 petri,
1096 1858 1156 1944 qui
1175 1858 1244 1924 suit
1259 1854 1460 1925 adfiliatum
1477 1855 1609 1923 andree
1625 1841 1696 1922 illio
1715 1855 1827 1923 leonis
1843 1856 2007 1945 algelm0,
2021 1856 2162 1927 declaro

305 2013 413 2080 abere
438 2008 556 2078 media
578 2008 746 2096 sortione,
771 2027 840 2093 que
863 2009 931 2076 suit
954 2008 1064 2094 ipsius
1088 2009 1180 2095 petri
1205 2009 1361 2096 genitori
1385 2027 1461 2076 meo
1485 2010 1528 2077 de
1550 2013 1649 2077 terra
1673 2028 1753 2075 cum
1788 2027 1872 2078 oasa
1906 2011 2084 2096 lingnitia
2107 2027 2162 2076 so·

305 2163 427 2231 lerata
449 2161 492 2229 de
515 2163 612 2229 intus
636 2178 705 2230 anc
728 2158 988 2228 salernitanam
1013 2158 1195 2227 cibitatum
1213 2180 1235 2227 a
1252 2163 1377 2227 subtus
1402 2159 1520 2247 platea
1544 2180 1613 2247 que
1637 2161 1741 2256 ducit,
1760 2160 1805 2229 ad
1829 2165 1935 2249 porta
1951 2161 2051 2250 elini,
2068 2165 2161 2250 quod

304 2315 375 2383 suit
399 2315 477 2401 ipsa
492 2318 599 2420 terra
623 2333 704 2380 cum
727 2332 811 2382 casa
834 2314 1072 2399 pertinentem
1095 2314 1207 2398 ipsius
1230 2314 1374 2398 andree,
1399 2317 1435 2381 et
1457 2332 1657 2400 congruum
1681 2319 1734 2384 est
1757 2315 1846 2383 mihi
1872 2317 1951 2402 ipsa
1976 2335 2057 2384 mea
2082 2335 2159 2384 sor-

307 2471 404 2538 tione
428 2469 470 2536 de
494 2471 570 2536 tota
594 2469 672 2552 ipsa
694 2471 792 2535 terra
815 2484 898 2536 oasa
920 2464 1138 2534 venumdare
1160 2465 1252 2551 petri
1276 2465 1463 2551 presbiteri
1486 2471 1522 2534 et
1537 2467 1685 2536 iohanni
1702 2467 1867 2554 germani
1884 2469 1950 2536 filii
1981 2471 2160 2556 quondam

303 2623 398 2692 mari
423 2621 483 2709 qui
509 2622 578 2690 fuit
601 2623 697 2688 tilius
721 2621 834 2707 ipsius
858 2620 1004 2706 andree;
1028 2624 1064 2687 et
1088 2620 1179 2706 ideo,
1203 2619 1295 2687 sicut
1318 2619 1406 2686 mihi
1431 2620 1614 2689 nominato
1643 2621 1738 2691 mari
1762 2640 1958 2709 congruum
1984 2628 2050 2710 est,
2076 2643 2157 2692 mea

304 2775 500 2843 bolumtate
524 2780 607 2843 ante
630 2773 821 2859 subscripti
844 2775 950 2840 testes
973 2791 1036 2856 per
1062 2790 1130 2841 ano
1154 2770 1330 2839 cartulam
1355 2771 1584 2840 venumdedit
1607 2774 1722 2860 adque
1746 2774 1790 2842 ad
1813 2793 1950 2861 semper
1982 2775 2159 2844 abendum

300 2929 473 2995 confirmo
503 2926 570 2995 tibi
593 2925 685 3012 petri
702 2925 893 3013 presbiteri
909 2927 944 2992 et
960 2923 1108 2991 iohanni
1124 2923 1287 3009 germani
1305 2925 1372 2992 filii
1389 2927 1624 3012 suprascripti
1641 2929 1746 3014 mari,
1770 2929 1845 3016 qui,
1872 2931 1965 2997 sicut
1981 2929 2155 3019 diximus,

300 3082 398 3148 filius
420 3081 488 3148 tuit
511 3078 749 3167 suprascripti
773 3079 918 3165 andree,
941 3077 1062 3146 media
1085 3061 1240 3144 sortione
1264 3077 1325 3164 qui
1350 3075 1417 3143 suit
1450 3077 1563 3163 ipsius
1598 3080 1693 3163 petri
1716 3081 1873 3166 genitori
1898 3100 1991 3169 meo,
2016 3083 2157 3171 reliqua

299 3234 487 3304 medietate
510 3237 563 3302 est
587 3233 789 3318 pertinente
812 3229 934 3300 alerisi
959 3246 1153 3316 germanus
1177 3247 1290 3316 meus3
1316 3229 1407 3317 iden,
1433 3230 1525 3300 sicut
1548 3231 1732 3321 diximus,
1756 3234 1884 3302 inclita
1909 3236 1987 3323 ipsa
2020 3237 2152 3305 medie·

298 3389 373 3455 tate
396 3385 440 3454 de
463 3388 539 3454 tota
555 3383 802 3472 suprascripta
818 3383 915 3450 terra
932 3399 1013 3448 cum
1030 3401 1114 3451 casa
1129 3379 1286 3451 solarata
1301 3383 1363 3469 qui
1381 3386 1435 3450 est
1451 3403 1514 3470 per
1530 3404 1569 3453 ec
1586 3386 1682 3473 linis,
1699 3388 1742 3455 de
1757 3387 1825 3457 due
1842 3391 1957 3474 partis
1981 3389 2152 3459 coniunta

297 3541 352 3606 est
374 3537 420 3607 ad
443 3523 594 3623 platea,
619 3533 776 3621 qualiter
798 3551 882 3603 casa
904 3533 984 3618 ipsa
1007 3535 1171 3602 conciata
1193 3536 1230 3600 et
1253 3532 1413 3602 dedicata
1437 3536 1519 3620 est,
1543 3534 1705 3602 funditus
1740 3537 1819 3622 ipsa
1845 3558 1926 3608 mea
1957 3539 2151 3610 sortiouem

296 3690 426 3776 exinde
448 3687 551 3756 nobis
574 3685 734 3756 iamdicti
760 3687 927 3772 germani
949 3686 1239 3755 venumdedimus
1262 3690 1298 3754 et
1321 3686 1458 3755 nullam
1482 3686 1615 3756 ibidem
1640 3691 1729 3757 mihi
1754 3691 1958 3779 remansit3
1984 3713 2083 3763 saum
2116 3698 2152 3762 et

298 3843 528 3912 venumdedit
549 3841 650 3910 vobis
674 3838 865 3908 sartionem
889 3857 1006 3907 meam
1028 3839 1071 3908 de
1095 3839 1289 3908 monimine
1313 3840 1396 3908 inde
1430 3843 1703 3930 continentem,
1726 3848 1762 3912 et
1784 3845 1860 3931 ipso
1890 3845 1982 3915 aliut
2005 3848 2048 3916 de
2069 3849 2151 3935 ipsa

297 3998 397 4065 terra
419 4013 501 4063 cum
524 4013 608 4064 casa
631 3993 730 4060 vobis
755 3989 915 4059 iamdicti
939 3989 1104 4076 germani
1119 3991 1276 4076 pertinet
1291 4011 1313 4060 a
1329 3997 1433 4080 parte
1449 3994 1599 4081 predicti
1615 3997 1774 4083 genitori
1791 4001 1907 4066 vestro
1923 4017 2003 4067 cum
2020 4002 2144 4072 omnia
2253 4040 2255 4048 ·

298 4147 395 4215 inira
419 4163 457 4215 se
481 4146 670 4215 abentibus
687 4149 722 4214 et
737 4142 812 4212 suis
836 4141 1077 4228 pertinentiis,
1094 4143 1227 4210 etcum
1250 4143 1327 4212 vice
1351 4143 1394 4210 de
1419 4145 1493 4231 ipse
1516 4145 1647 4233 platee,
1673 4147 1719 4215 ad
1735 4147 1910 4217 securiter
1926 4152 1963 4218 et
1979 4151 2144 4240 tirmiter,

294 4298 417 4368 amodo
440 4302 477 4366 et
500 4316 637 4384 semper
661 4314 721 4363 vos
745 4291 905 4362 iamdicti
930 4292 1092 4378 germani
1121 4294 1158 4360 et
1179 4293 1308 4386 vestris
1331 4295 1495 4363 eredibus
1517 4297 1724 4384 supradicta
1759 4304 1882 4372 nostra
1917 4304 2144 4377 vindictione

293 4450 502 4536 abendum,
528 4446 809 4532 dominandum,
834 4443 1111 4532 possidendum,
1136 4445 1258 4514 omnia
1280 4447 1412 4515 exinde
1434 4449 1637 4517 faciendum
1671 4453 1764 4538 quod
1799 4454 1996 4539 bolueritis
2022 4461 2058 4526 et
2081 4479 2146 4545 pro

292 4603 575 4674 confirmandam
599 4607 635 4669 et
658 4598 949 4670 stabiliscendam
971 4599 1217 4685 suprascripta
1240 4619 1318 4668 mea
1341 4601 1559 4671 vindictione
1582 4609 1798 4692 apreseutis
1814 4609 1948 4696 recepit
1963 4629 1986 4678 a
2002 4615 2038 4680 te
2055 4609 2145 4679 iam·

291 4757 406 4826 dictus
429 4759 552 4843 petrus
576 4753 750 4841 presbiter
774 4757 908 4839 septem
931 4751 1014 4819 auri
1036 4753 1107 4820 tari
1133 4755 1170 4820 et
1193 4771 1215 4820 a
1239 4757 1275 4820 te
1306 4752 1494 4821 iamdictus
1530 4756 1704 4825 iohannes
1738 4763 1873 4848 recepit
1906 4761 1971 4832 alii
2006 4768 2143 4851 septem

291 4907 374 4980 auri
396 4908 466 4976 tari
493 4905 588 4992 boni,
613 4905 707 4972 sieut
729 4904 824 4971 inter
848 4903 951 4970 nobis
975 4905 1155 4972 combenit
1176 4905 1215 4972 in
1241 4905 1355 4972 omnis
1370 4905 1639 4998 deliberatione,
1656 4913 1828 5004 finitoque
1851 4917 2008 5002 pretium
2027 4922 2143 5006 ipsum

289 5062 378 5146 aput
400 5074 477 5126 nos.
502 5057 546 5125 de
570 5075 642 5142 qua
665 5075 728 5142 per
752 5056 846 5124 bona
868 5055 1130 5125 combeuientia
1151 5058 1289 5144 guadia
1311 5059 1409 5128 vobis
1432 5062 1596 5134 iamdicti
1629 5069 1794 5153 germani
1824 5070 1921 5140 dedit
1944 5077 1980 5141 ot
2003 5076 2143 5146 media-

288 5217 400 5284 torem
423 5213 523 5280 vobis
545 5211 664 5300 posuit
686 5211 859 5297 meipsum
883 5174 1088 5279 ¹nominatus
1112 5213 1224 5300 mani;
1248 5219 1284 5283 et
1307 5234 1370 5302 per
1394 5219 1471 5303 ipsa
1494 5221 1629 5307 guadio
1645 5221 1763 5309 obligo
1780 5242 1835 5291 me
1851 5228 1887 5293 et
1904 5245 1999 5296 meos
2015 5230 2141 5299 eredes

287 5366 409 5438 amodo
432 5369 468 5434 et
490 5383 628 5451 semper
645 5363 892 5432 antistaudum
909 5369 946 5432 et
961 5363 1217 5433 defensandum
1233 5366 1333 5434 vobis
1350 5368 1513 5438 iamdicti
1529 5375 1692 5458 germani
1708 5379 1744 5444 et
1759 5377 1805 5446 ad
1821 5378 1948 5446 vestris
1971 5382 2138 5451 eredibus

287 5529 411 5612 cunta,
428 5521 535 5611 quale
550 5519 742 5588 sartionem
766 5517 856 5586 mihi
880 5518 949 5586 fuit
965 5523 1001 5586 et
1016 5521 1070 5584 est
1093 5517 1312 5604 pertinentes
1331 5520 1567 5609 undecunque
1583 5521 1623 5589 iu
1638 5527 1712 5594 tcta
1729 5526 1807 5612 ipsa
1825 5530 1923 5596 terra
1939 5547 2022 5596 cum
2037 5549 2138 5620 oasa,

285 5693 368 5744 cum
390 5677 468 5745 uice
483 5674 527 5743 de
542 5673 617 5761 ipse
640 5671 770 5759 platee,
794 5670 840 5740 da
856 5689 940 5758 pars
958 5671 1063 5739 uxori
1080 5688 1155 5738 mee
1171 5675 1208 5740 et
1222 5671 1269 5740 da
1283 5674 1398 5741 omnis
1413 5675 1549 5744 omines
1564 5677 1732 5763 omnique
1747 5677 1921 5765 partibus
1942 5684 1978 5749 et
1994 5685 2139 5769 quando

285 5826 471 5896 bolueritis
492 5825 569 5894 vice
591 5825 728 5909 nostra,
751 5821 935 5908 potestatis
959 5821 1100 5890 abeatis
1123 5819 1162 5888 in
1184 5823 1350 5891 omnibus
1373 5823 1456 5894 inde
1470 5845 1629 5925 causare
1644 5831 1681 5896 et
1696 5831 1803 5898 finem
1827 5830 1961 5920 iacere,
1977 5813 2137 5920 qualiter
