5466 7106
489 602 495 612 ¹
608 503 677 579 nr
1263 501 1435 576 consx
1477 503 1744 583 cluensis

551 731 638 802 illut
660 731 814 842 firmiter
838 749 944 804 avere
967 735 1002 836 et
1024 729 1201 838 possidere
1224 729 1405 820 baleatis,
1433 737 1469 802 et
1492 733 1615 804 taliter
1636 733 1767 804 scribsi
1792 750 1858 824 ego
1882 732 2059 804 romoaldo
2082 734 2253 807 diaconus
2274 740 2313 806 et
2336 753 2400 806 no·

550 888 680 958 tarius.

601 1011 633 1128 †
657 1041 731 1130 llgo
751 1039 906 1114 disidius
930 1037 1080 1108 clericus

599 1162 631 1280 †
658 1194 734 1282 Ego
757 1191 956 1264 romoaldus
979 1189 1230 1260 subdiaconus.

1286 1448 1518 1456 ——-—----
1541 1449 1550 1452 ·-

1291 1737 1675 1822 DGCLXXIX.

1331 2004 1386 2082 A.
1414 2001 1464 2080 D.
1493 1999 1623 2082 1026.

598 2211 634 2352 †
660 2265 701 2330 ln
723 2264 868 2332 nomine
892 2263 1026 2332 domini
1051 2262 1232 2333 tricesimo
1254 2263 1404 2350 septimo
1428 2277 1525 2330 anno
1547 2260 1774 2350 principatus
1804 2257 1923 2328 domni
1946 2259 2059 2328 nostri
2096 2259 2326 2350 Guaimarii,
2358 2262 2402 2328 Et

552 2415 677 2486 octabo
702 2431 799 2484 anno
821 2413 1046 2502 principatus
1068 2413 1188 2482 domni
1210 2411 1405 2502 guaimarii
1421 2412 1500 2482 eius
1522 2410 1601 2500 dlii,
1622 2411 1787 2501 gloriosis
1802 2410 2039 2500 principibus,
2056 2429 2177 2482 mense
2191 2413 2401 2500 Ianuarius,

554 2585 650 2637 nona
673 2566 883 2636 indictione.
909 2568 1195 2638 Memoratcrium
1219 2567 1354 2636 factum
1376 2586 1399 2636 a
1422 2584 1479 2634 me
1504 2563 1677 2634 iohannes
1701 2565 1798 2634 filius
1820 2563 1997 2652 quondam
2021 2563 2120 2650 miri,
2139 2566 2188 2631 Eo
2211 2565 2305 2653 quod
2321 2571 2405 2635 ante

553 2721 748 2808 subscripti
772 2719 908 2790 idoneis
931 2719 1136 2788 hominibus
1159 2719 1350 2787 coniuntus
1373 2737 1450 2785 sum
1475 2737 1556 2785 oum
1579 2717 1729 2786 domnus
1751 2721 1874 2805 petrus
1890 2715 2041 2785 clericus
2057 2720 2093 2785 et
2110 2718 2222 2789 abbas
2244 2717 2404 2806 cappello

553 2869 683 2958 palatii
706 2871 802 2942 filius
825 2872 1003 2959 quondam
1026 2871 1121 2959 petri
1146 2869 1265 2940 clerici
1287 2918 1441 2938 ......
1466 2875 1502 2939 et
1524 2871 1714 2940 ostedimus
1737 2890 1801 2959 per
1824 2875 1945 2959 partes
1969 2870 2132 2958 singulos
2155 2873 2294 2958 brebes,
2318 2890 2422 2959 qua-0

554 3023 638 3090 liter
661 3023 868 3092 iamdudum
891 3023 1042 3094 tradidit
1064 3023 1155 3090 mihi
1179 3023 1224 3092 ad
1247 3023 1443 3092 tenendum
1465 3026 1502 3092 et
1525 3022 1760 3094 lavorandum
1783 3028 1818 3092 et
1842 3022 2104 3110 pastenandum
2135 3043 2209 3093 una
2231 3024 2334 3110 pecia
2357 3025 2400 3096 de

558 3183 657 3247 terra
680 3196 747 3248 sua
771 3179 810 3246 in
833 3179 908 3246 loco
930 3178 1092 3266 nuceria,
1116 3177 1177 3246 ubi
1201 3178 1247 3248 ad
1270 3175 1484 3246 munticellu
1506 3175 1693 3264 dicitur,a
1717 3179 1843 3262 suptus
1865 3174 2015 3245 ecclesia
2039 3177 2155 3245 sancti
2179 3178 2311 3265 quirici
2335 3200 2404 3267 que

556 3335 611 3398 est
635 3348 699 3416 per
721 3349 762 3399 ec
784 3331 867 3399 finis
889 3335 925 3400 et
947 3330 1147 3398 mensurie:
1173 3332 1203 3396 Α
1227 3333 1331 3418 parte
1354 3328 1504 3398 meridie
1527 3329 1599 3396 fine
1622 3328 1683 3395 via
1711 3326 1884 3416 publica,
1919 3327 2003 3396 inde
2036 3330 2130 3416 passi
2162 3329 2408 3418 quadraginta

556 3488 714 3570 septem:
739 3483 767 3551 Α
793 3486 898 3570 parte
921 3481 1116 3551 occidentis
1139 3483 1211 3550 dne
1234 3482 1366 3551 suade
1389 3483 1613 3550 consortibus
1634 3480 1722 3570 suis,
1746 3482 1829 3551 inde
1852 3481 1946 3570 passi
1971 3485 2118 3551 centum
2141 3485 2347 3572 sexaginta:
2376 3487 2406 3551 A

556 3641 661 3724 parte
683 3607 948 3724 septemtrionis
971 3634 1140 3709 similiter
1164 3636 1235 3703 fine
1259 3635 1416 3722 illorum,
1439 3633 1522 3704 inde
1545 3634 1640 3722 passi
1666 3632 1822 3722 triginta
1845 3638 2018 3703 unum:A
2042 3640 2144 3723 parte
2161 3637 2312 3706 orientis
2336 3639 2408 3706 dne

559 3787 659 3856 illius
681 3793 718 3859 et
741 3787 784 3856 de
807 3788 885 3858 eius
909 3793 1099 3876 consortes,
1124 3794 1160 3857 et
1183 3787 1425 3876 coniungendo
1440 3786 1479 3854 in
1504 3785 1582 3873 ipsa
1598 3786 1658 3855 via
1673 3785 1791 3873 priore
1807 3785 1889 3854 inde
1906 3790 2049 3856 centum
2065 3787 2274 3878 sexaginta,
2290 3795 2406 3860 totum

559 3941 807 4009 mensuratum
830 3941 876 4012 ad
900 3941 995 4009 iusto
1017 3956 1175 4028 passum,
1200 3943 1241 4007 ut
1263 3956 1375 4026 usque
1397 3937 1562 4006 tridecim
1586 3939 1676 4007 anni
1700 3937 1784 4006 illut
1805 3941 1918 4006 totum
1942 3939 2129 4008 aberamus
2154 3940 2287 4010 factum
2311 3943 2410 4012 abel·

557 4091 749 4180 laniatum,
764 4091 856 4161 siout
878 4091 1051 4160 meruerit
1075 4091 1118 4160 de
1141 4094 1260 4160 tantos
1284 4107 1399 4160 annos
1422 4093 1458 4158 et
1481 4087 1579 4157 locus
1602 4090 1679 4177 ipse
1702 4095 1739 4160 et
1761 4092 1835 4161 iam
1850 4093 2084 4161 costitutum.
2106 4143 2113 4160 .
2135 4142 2143 4159 .
2166 4092 2263 4181 ‚ipsi
2286 4095 2409 4166 brebri

555 4245 748 4313 eontinunt
771 4242 944 4332 preteriit
958 4249 995 4314 et
1017 4245 1094 4332 ipso
1117 4243 1374 4313 abellanietum
1408 4259 1480 4309 non
1511 4239 1676 4312 abuimus
1700 4245 1840 4310 surtum
1864 4243 2060 4312 secundum
2096 4249 2229 4313 testum
2261 4246 2305 4315 de
2340 4248 2410 4334 ipsi

558 4359 694 4463 brebri.
719 4393 820 4463 Unde
843 4393 1003 4482 cepimus
1026 4391 1129 4462 illum
1151 4393 1333 4480 postulare
1357 4411 1431 4462 una
1454 4411 1536 4461 cum
1559 4392 1641 4463 aliis
1665 4393 1767 4461 vonis
1790 4393 2009 4484 hominibus,
2034 4400 2074 4465 ut
2088 4396 2192 4466 nobis
2211 4397 2414 4486 venignita·

557 4512 632 4614 tem
655 4545 740 4615 inde
762 4548 895 4632 facere,
918 4543 1005 4632 quia
1030 4562 1094 4632 per
1117 4543 1233 4632 legem
1255 4544 1423 4614 debemus
1446 4543 1545 4614 illins
1568 4565 1777 4636 componere
1796 4594 1923 4617 .....
1948 4548 2076 4618 solidos
2099 4551 2330 4640 costantinos,
2347 4551 2410 4640 qui

559 4702 720 4771 continet
743 4701 860 4788 ipsum
883 4702 1043 4788 brebem,
1066 4703 1104 4768 et
1126 4699 1336 4788 recolligere
1361 4699 1440 4788 ipsa
1463 4720 1530 4771 sua
1552 4701 1768 4792 traditione;
1792 4704 1853 4792 qui
1877 4703 2000 4774 statim
2022 4704 2268 4776 misericordia
2291 4711 2407 4776 motus

563 4874 629 4942 per
652 4855 868 4944 colloquium
890 4855 933 4924 de
957 4853 1026 4944 ipsi
1048 4872 1158 4923 venos
1180 4854 1344 4924 homines
1366 4855 1489 4925 remisi
1513 4855 1627 4924 eidem
1650 4840 1770 4924 domni
1794 4858 1918 4928 abbati
1943 4859 2058 4945 ipsum
2094 4861 2238 4930 brebem
2271 4864 2308 4931 et
2331 4863 2411 4948 ipsa

563 4969 754 5098 rebusque
769 5009 942 5097 continet,
959 5010 1006 5079 ad
1022 5009 1225 5081 faciendum
1241 5009 1334 5096 quod
1350 5008 1517 5099 voluerit,
1534 5015 1570 5080 et
1585 5014 1801 5084 sublassavit
1816 5016 1896 5104 ipsa
1911 5017 2201 5104 compositionem
2217 5021 2254 5088 et
2270 5035 2413 5088 omnem

566 5164 787 5250 questionem
810 5165 906 5234 inde.
932 5165 977 5232 Et
1002 5165 1133 5233 iterum
1156 5183 1222 5233 sua
1237 5164 1432 5234 volumtate
1447 5165 1549 5234 modo
1563 5165 1714 5237 tradidit
1730 5167 1832 5236 nobis
1847 5171 1961 5236 totum
1977 5172 2012 5238 et
2030 5168 2196 5240 inolitum
2213 5171 2290 5260 ipso
2313 5174 2408 5244 abel-

564 5319 738 5388 lanietum
764 5315 861 5387 inira
885 5317 1053 5387 iamdicto
1075 5319 1158 5386 finis
1180 5322 1216 5386 et
1239 5317 1434 5405 mensurio,
1449 5321 1499 5386 ut
1522 5318 1647 5388 amodo
1670 5325 1706 5389 et
1729 5339 1867 5410 semper
1890 5340 1956 5410 ego
1978 5327 2014 5392 et
2037 5325 2125 5392 meis
2142 5323 2321 5413 eredibus,
2345 5344 2409 5397 na-

563 5447 619 5542 tos
641 5441 858 5559 nascentes,
883 5473 997 5540 totum
1022 5469 1105 5539 illut
1138 5473 1260 5539 nostre
1283 5470 1470 5556 potestatis
1505 5475 1690 5541 teneamus
1713 5476 1748 5541 et
1770 5474 2020 5562 dominamus,
2049 5479 2084 5545 et
2113 5477 2211 5546 fovee
2234 5481 2271 5546 et
2296 5480 2409 5547 omnis

562 5627 683 5694 nostre
706 5622 878 5694 utilitatis
901 5625 997 5692 iusta
1021 5623 1197 5692 rationem
1221 5621 1274 5689 ibi
1297 5623 1497 5710 faciamus,
1521 5625 1557 5691 et
1580 5623 1780 5711 alipergum
1803 5626 1856 5694 vel
1880 5645 1964 5697 oasa
1987 5627 2037 5696 ibi
2062 5627 2186 5698 amodo
2209 5629 2409 5716 faciamus,

562 5781 599 5845 et
623 5776 785 5845 homines
810 5773 941 5844 ibidem
965 5773 1009 5844 ad
1033 5773 1257 5842 residendum
1280 5773 1386 5844 etad
1409 5773 1643 5844 lavorandum
1666 5773 1862 5846 mittamus.
1881 5777 1926 5846 ldt
1940 5777 2017 5864 ipso
2040 5779 2219 5867 aliut-qut
2242 5785 2296 5850 est
2320 5802 2343 5852 a
2366 5783 2416 5850 to·
