5414 7098
630 551 678 628 51
1282 551 1455 626 conell
1497 548 1762 626 cavensis

590 781 653 868 qui
671 784 724 851 est
739 779 835 850 iusta
850 779 928 868 ipsa
947 779 1058 850 biset
1080 777 1253 848 discernit
1268 779 1315 848 ab
1330 776 1405 848 alia
1420 777 1527 847 rebus
1550 777 1663 866 ipsius
1686 778 1835 848 ecclesie
1858 779 2001 850 abiente
2024 799 2088 869 per
2112 781 2190 868 ipsa
2209 781 2270 852 bia
2292 781 2333 852 in
2355 803 2439 872 pars

587 935 750 1024 meridie,
774 937 857 1004 abet
881 935 964 1004 inde
987 933 1083 1023 passi
1109 931 1376 1022 quinquaginta
1398 933 1489 999 octo:
1513 931 1568 998 Ab
1591 929 1670 1020 ipsa
1691 950 1776 1020 pars
1799 931 1948 1002 meridie
1970 933 2041 1003 dne
2064 936 2173 1004 rebus
2196 934 2310 1023 ipsius
2332 937 2445 1009 eccle·

587 1087 639 1156 sie
662 1088 723 1156 ubi
747 1087 918 1157 olibetum
942 1088 1058 1158 facere
1081 1086 1194 1174 cupit,
1219 1084 1376 1174 qualiter
1400 1084 1500 1154 vadit
1523 1084 1608 1156 inde
1630 1090 1768 1156 rectum
1782 1091 1819 1156 et
1833 1088 2025 1176 coniungit
2039 1087 2086 1156 ad
2103 1088 2179 1176 ipso
2202 1089 2310 1157 dubio
2325 1089 2440 1160 forino

587 1241 681 1330 quod
704 1245 759 1311 est
780 1241 900 1330 priore
922 1239 1043 1329 linem,
1072 1243 1108 1309 et
1131 1241 1208 1328 ipso
1231 1239 1339 1309 dubio
1363 1239 1479 1308 lorino
1502 1237 1662 1308 decurrit
1684 1239 1779 1310 111161
1803 1242 1874 1310 ista
1896 1245 1933 1309 et
1954 1237 2030 1310 alia
2054 1241 2159 1308 rebus
2187 1241 2301 1328 ipsius
2331 1243 2446 1314 ccele-

587 1395 640 1466 sic
674 1415 743 1484 que
766 1395 881 1465 estin
903 1413 989 1482 pars
1012 1392 1232 1480 occidentis3
1258 1411 1366 1480 quam
1389 1397 1425 1462 et
1449 1390 1601 1462 tradidit
1623 1393 1715 1462 mihi
1738 1391 1816 1478 ipsa
1839 1391 1915 1462 alia
1937 1392 2039 1478 pecie
2058 1441 2069 1480 ,
2091 1411 2161 1479 que
2183 1397 2238 1462 661
2261 1399 2360 1466 terra
2382 1399 2444 1466 ba·

584 1550 681 1638 ciba,
704 1568 786 1618 cum
809 1547 995 1634 aliquante
1018 1543 1155 1615 viscilie
1171 1541 1198 1628 1)
1220 1545 1264 1614 (16
1286 1547 1431 1632 quercia
1455 1543 1494 1611 in
1517 1543 1614 1632 plaio
1635 1542 1679 1612 de
1703 1544 1780 1632 ipso
1802 1547 1958 1612 montem
1981 1563 2004 1613 a
2027 1562 2135 1632 super
2157 1546 2309 1618 ecclesia
2324 1549 2440 1619 sancti

583 1705 731 1793 andree,
748 1703 811 1792 qui
828 1701 947 1790 ibique
964 1704 1206 1771 constructam
1218 1705 1273 1769 est
1287 1703 1323 1768 et
1338 1699 1499 1768 subiecta
1514 1703 1567 1766 661
1584 1699 1660 1786 ipsa
1676 1698 1828 1768 ecclesia
1844 1698 1960 1768 sancti
1978 1698 2111 1768 andree
2130 1699 2173 1769 de
2188 1699 2269 1787 ipsa
2284 1701 2441 1773 ecclesia

584 1859 704 1926 sancti
728 1859 895 1946 maximi,
920 1857 982 1944 qui
1007 1859 1089 1927 abet
1111 1855 1183 1924 ista
1205 1855 1307 1944 pecia
1330 1871 1370 1923 as
1393 1853 1483 1922 fines
1505 1857 1541 1922 et
1564 1873 1765 1924 mensuras:
1790 1855 1821 1922 A
1845 1873 1930 1944 pars
1952 1854 2101 1924 meridie
2125 1855 2196 1924 tine
2212 1858 2333 1944 rebus,
2347 1857 2442 1945 quod

583 2019 681 2083 tenet
695 2014 733 2082 in
749 2013 959 2084 beneficium
975 2012 1152 2100 presbiter
1167 2012 1231 2099 qui
1254 2014 1353 2079 tenet
1376 2009 1456 2096 ipsa
1481 2010 1632 2078 ecclesia
1655 2009 1773 2078 sancti
1798 2009 1948 2096 andree,
1965 2009 2059 2078 sicut
2081 2009 2333 2079 carbonarium
2356 2011 2440 2082 inde

582 2169 782 2258 discernit,
817 2173 903 2238 sunt
926 2169 1009 2238 inde
1032 2169 1126 2256 passi
1151 2168 1379 2256 septuaginta
1402 2184 1535 2234 unum:
1571 2168 1602 2234 A
1624 2183 1709 2252 pars
1731 2163 1883 2233 orientis
1905 2165 1976 2233 flne
2000 2165 2114 2251 ipsius
2137 2163 2285 2234 ecclesie
2321 2165 2441 2236 sancti

583 2323 746 2414 maximi,
767 2328 852 2392 sunt
866 2323 949 2392 inde
972 2341 1091 2411 passos
1113 2321 1266 2409 triginta
1290 2319 1483 2408 quadtucr:
1509 2323 1539 2387 Α
1562 2337 1647 2405 pars
1671 2316 1937 2405 septemtrionis
1959 2317 2127 2386 similiter
2150 2317 2221 2386 line
2245 2319 2358 2405 ipsius
2382 2339 2446 2389 ec·-

584 2473 691 2544 clesie
715 2474 830 2546 sancti
854 2473 1022 2562 maximi,
1047 2475 1130 2542 abet
1154 2471 1236 2540 inde
1259 2488 1381 2558 passos
1403 2469 1722 2558 quadtuordecim,
1745 2475 1782 2538 et
1804 2471 1935 2540 abinde
1958 2471 2164 2542 rebolbente
2187 2470 2226 2538 in
2251 2491 2336 2560 pars
2364 2490 2442 2561 sep·

582 2627 789 2696 temtrionis
812 2645 878 2715 per
902 2627 974 2695 fine
999 2627 1112 2714 ipsius
1135 2623 1283 2694 ecclesie
1306 2623 1390 2692 inde
1414 2623 1511 2712 passi
1537 2622 1668 2712 biginti
1692 2623 1884 2712 quadtuor,
1907 2629 1943 2693 et
1965 2625 2094 2694 abinde
2116 2625 2352 2694 descendente
2378 2643 2442 2713 per

581 2781 653 2848 tine
677 2781 791 2867 ipsius
814 2779 985 2851 aecclesie
1007 2785 1044 2848 et
1066 2777 1304 2866 coniungente
1327 2777 1374 2848 ad
1397 2779 1471 2866 ipso
1495 2778 1711 2846 beneficium
1735 2779 1847 2867 ipsius
1870 2778 2018 2846 ecclesie
2042 2777 2160 2846 sancti
2183 2778 2331 2866 andree,
2348 2778 2441 2866 quod

581 2939 635 3002 est
659 2935 776 3022 priore
800 2939 919 3024 tinem,
944 2941 1029 3004 sunt
1052 2935 1136 3004 inde
1159 2953 1279 3022 passos
1304 2935 1558 3022 quadraginta.
1584 2939 1660 3004 tota
1683 2934 1890 3021 supradicta
1914 2953 2101 3006 mensuras
2117 2937 2164 3006 ad
2179 2937 2281 3005 iusto
2296 2953 2437 3023 passum

584 3089 719 3157 homini
744 3095 1002 3175 mensuratum,
1025 3090 1098 3156 Tali
1123 3087 1322 3175 hordinem,
1346 3093 1385 3156 ut
1409 3087 1534 3156 amodo
1557 3091 1594 3154 et
1618 3106 1756 3175 semper
1779 3087 1952 3157 iamdicta
1974 3089 2205 3158 traditionem
2228 3090 2275 3159 ad
2299 3107 2378 3162 mea
2401 3093 2439 3158 61

583 3243 627 3312 (16
652 3247 740 3312 meis
763 3241 979 3330 heredibus,
1004 3245 1106 3312 natos
1130 3245 1341 3328 nascentes,
1365 3240 1413 3308 sit
1436 3244 1668 3328 potestatem,
1692 3259 1755 3328 per
1778 3242 1978 3328 subscripta
2003 3243 2179 3310 rationem
2205 3242 2288 3312 illut
2310 3247 2438 3312 tenen-

585 3399 669 3466 dum
694 3403 730 3468 et
753 3395 1036 3482 dominandum,
1071 3398 1107 3461 et
1131 3393 1228 3460 sebee
1251 3397 1287 3461 et
1310 3393 1425 3460 omnis
1449 3397 1568 3462 nostre
1591 3392 1785 3462 hutilitatis
1807 3395 1940 3462 ibidem
1971 3395 2175 3466 faciendum
2198 3397 2295 3467 iusta
2331 3399 2440 3466 ratio-

585 3570 681 3640 nem,
706 3557 741 3620 et
766 3551 896 3618 ibidem
921 3551 959 3617 in
983 3550 1061 3634 ipsa
1083 3547 1197 3636 pecia,
1222 3546 1284 3635 qui
1308 3551 1362 3616 est
1385 3549 1480 3618 iusta
1505 3548 1580 3636 ipso
1603 3547 1709 3615 flubio
1733 3549 1860 3638 turine,
1883 3552 2105 3620 resideamus
2128 3557 2164 3621 et
2189 3552 2381 3639 abitemuS,
2404 3557 2440 3622 et

588 3709 701 3772 totum
728 3706 802 3791 ipso
825 3705 1011 3772 arbustum
1036 3701 1188 3790 indeque
1212 3703 1419 3771 annualiter
1443 3709 1525 3791 apto
1547 3708 1706 3790 tempore
1733 3703 1933 3773 lavaremus
1955 3708 2016 3792 et,
2049 3703 2110 3772 ubi
2136 3706 2256 3774 minus
2281 3706 2439 3790 abuerit,

584 3863 730 3930 arbores
751 3863 789 3928 et
811 3860 899 3927 vites
922 3859 1144 3945 planctemus
1166 3862 1202 3927 et
1226 3859 1442 3944 propagines
1466 3864 1676 3946 negamus,
1700 3861 1810 3926 etsie
1834 3859 1917 3926 illut
1941 3859 2141 3928 laboremus
2172 3865 2209 3928 et
2239 3861 2437 3930 studiemus

584 4017 627 4084 de
650 4035 756 4104 super
781 4019 817 4083 et
838 4015 881 4083 do
905 4020 1040 4102 supter,
1058 4015 1152 4082 sicut
1175 4015 1272 4082 locus
1295 4015 1371 4102 ipse
1394 4015 1581 4104 meruerit,
1598 4019 1639 4084 ut
1661 4035 1798 4103 semper
1823 4016 1862 4084 in
1885 4015 2011 4085 melius
2034 4015 2205 4103 proficiad
2229 4018 2265 4084 et
2289 4034 2362 4083 non
2386 4015 2438 4084 di-

584 4169 744 4258 spercad,
768 4175 803 4239 et
828 4172 956 4236 bonum
981 4170 1116 4258 paread
1140 4169 1341 4240 lavoratum
1365 4175 1401 4239 et
1423 4169 1615 4260 cultatum,
1632 4178 1668 4242 et
1691 4172 1875 4241 cludamus
1897 4171 1979 4238 illut
2001 4174 2037 4237 et
2059 4171 2200 4240 clusum
2224 4169 2307 4240 illut
2329 4173 2437 4240 abea-

583 4341 690 4412 muS,
714 4325 848 4410 etipsa
871 4323 1048 4412 pergola,
1083 4325 1193 4392 donec
1217 4323 1268 4392 ibi
1293 4323 1402 4393 suerit
1425 4329 1461 4392 et
1483 4343 1556 4393 non
1582 4326 1630 4392 ibi
1667 4326 1851 4394 fecerimus
1884 4327 2029 4394 arbores
2053 4325 2209 4412 vitatos,
2233 4325 2436 4394 lavorcmus

583 4476 683 4548 illam
709 4478 913 4548 annualiter
936 4479 979 4547 do
1001 4495 1107 4566 super
1130 4479 1230 4547 etde
1252 4483 1387 4566 supter,
1405 4479 1498 4546 sicut
1521 4478 1704 4565 meruerit,
1722 4481 1762 4546 ut
1777 4477 1947 4565 proficiad
1970 4481 2007 4548 et
2024 4496 2096 4546 non
2119 4477 2308 4566 disperead
2324 4483 2361 4548 et
2380 4482 2438 4547 bo·

583 4647 669 4701 nam
692 4631 826 4718 paread
849 4631 1036 4719 laborata3
1061 4635 1097 4699 et
1121 4651 1143 4701 a
1166 4649 1236 4718 quo
1258 4634 1410 4718 parutus
1433 4629 1553 4718 suerit,
1567 4633 1607 4698 ut
1629 4647 1713 4716 pars
1730 4630 1842 4716 ipsius
1858 4629 2005 4699 ecclesie
2022 4631 2178 4718 pastinat
2195 4629 2235 4697 in
2252 4631 2331 4718 ipsa
2349 4631 2437 4701 iscla

583 4785 702 4874 ibique
714 4787 790 4874 ipso
807 4787 1013 4876 holibetum,
1030 4779 1116 4856 tunc
1131 4806 1197 4876 ego
1212 4791 1248 4856 et
1263 4805 1359 4855 meos
1372 4785 1518 4854 heredes
1535 4803 1672 4871 semper
1688 4783 1769 4852 illut
1784 4785 1827 4853 de
1843 4790 1965 4872 supter
1981 4787 2187 4873 studiemus,
2204 4791 2240 4855 61
2255 4805 2382 4856 curam
2402 4791 2437 4858 et

583 4937 833 5026 vigilationem
851 4939 934 5008 inde
950 4943 1134 5028 6116611116,
1145 4944 1181 5008 61
1197 4937 1382 5008 cludamus
1397 4938 1490 5026 illut,
1507 4942 1543 5006 et
1559 4955 1696 5025 semper
1708 4941 1789 5009 illut
1804 4940 1941 5007 clusum
1958 4942 2127 5009 abeamus
2142 4945 2178 5010 et
2193 4941 2334 5010 saluum
2354 4944 2437 5014 illut

583 5095 770 5180 iaciamus3
787 5098 822 5162 et
837 5093 1041 5164 annualiter
1057 5111 1120 5180 per
1137 5096 1294 5180 tempore
1309 5094 1351 5162 de
1367 5094 1542 5164 vindemie
1559 5094 1731 5166 faciamus
1748 5095 1839 5164 scire
1856 5113 1938 5181 pars
1963 5095 2074 5182 ipsius
2097 5094 2260 5184 ecclesie,
2279 5101 2319 5165 ut
2346 5095 2436 5167 illuc

582 5249 744 5336 dirigant
761 5248 907 5316 missum
925 5265 1040 5334 suum,
1058 5251 1095 5314 et
1110 5265 1174 5314 nos
1189 5247 1236 5314 da
1251 5245 1319 5317 isto
1334 5266 1429 5315 anno
1444 5248 1482 5315 in
1499 5253 1607 5318 antea
1630 5251 1816 5319 arbustum
1839 5249 1955 5336 ipsum
1978 5253 2014 5316 et
2037 5249 2116 5336 ipsa
2139 5251 2288 5339 pergola
2315 5251 2438 5319 vinde·

584 5403 698 5470 nriare
714 5403 917 5488 debeamus,
930 5406 965 5470 et
981 5402 1095 5468 omnis
1112 5419 1217 5490 poma
1240 5401 1372 5468 exinde
1396 5401 1606 5488 colligamus
1630 5401 1706 5471 suis
1730 5403 1961 5492 temporibus,
1976 5405 2011 5472 et
2035 5403 2159 5471 vinum
2183 5405 2299 5490 ipsum
2318 5403 2438 5490 ibique

594 5689 999 5698 -—-0----—-—-

621 5867 644 5937 ¹)
667 5867 803 5942 otacilio,
829 5867 966 5930 arbores
991 5873 1126 5931 tenerae
1150 5866 1280 5930 aetatis.
