<?xml version="1.0" encoding="UTF-8"?>
<!DOCTYPE html PUBLIC "-//W3C//DTD XHTML 1.0 Transitional//EN"
    "http://www.w3.org/TR/xhtml1/DTD/xhtml1-transitional.dtd">
<html xmlns="http://www.w3.org/1999/xhtml" xml:lang="en" lang="en">
 <head>
  <title>
</title>
<meta http-equiv="Content-Type" content="text/html;charset=utf-8" />
  <meta name='ocr-system' content='tesseract 3.04.00' />
  <meta name='ocr-capabilities' content='ocr_page ocr_carea ocr_par ocr_line ocrx_word'/>
</head>
<body>
  <div class='ocr_page' id='page_1' title='image "./codexdiplomatic03aragoog_0268.png"; bbox 0 0 5422 7102; ppageno 0'>
   <div class='ocr_carea' id='block_1_1' title="bbox 650 502 1727 578">
    <p class='ocr_par' dir='ltr' id='par_1_1' title="bbox 650 502 1727 578">
     <span class='ocr_line' id='line_1_1' title="bbox 650 502 1727 578; baseline 0.006 -7"><span class='ocrx_word' id='word_1_1' title='bbox 650 502 719 573; x_wconf 68' lang='lat' dir='ltr'>cal</span> <span class='ocrx_word' id='word_1_2' title='bbox 1256 503 1429 574; x_wconf 76' lang='lat' dir='ltr'>cubuit</span> <span class='ocrx_word' id='word_1_3' title='bbox 1463 504 1727 578; x_wconf 79' lang='lat' dir='ltr'>CAVENSIS</span> 
     </span>
    </p>
   </div>
   <div class='ocr_carea' id='block_1_2' title="bbox 602 696 2455 985">
    <p class='ocr_par' dir='ltr' id='par_1_2' title="bbox 602 696 2455 985">
     <span class='ocr_line' id='line_1_2' title="bbox 643 696 2455 818; baseline -0.005 -12"><span class='ocrx_word' id='word_1_4' title='bbox 643 696 913 811; x_wconf 57' lang='lat' dir='ltr'>hammonem</span> <span class='ocrx_word' id='word_1_5' title='bbox 936 727 1092 810; x_wconf 63' lang='lat' dir='ltr'>oportue</span> <span class='ocrx_word' id='word_1_6' title='bbox 1109 731 1262 808; x_wconf 68' lang='lat' dir='ltr'>coctores</span> <span class='ocrx_word' id='word_1_7' title='bbox 1277 745 1391 811; x_wconf 70' lang='lat' dir='ltr'>aarum</span> <span class='ocrx_word' id='word_1_8' title='bbox 1406 727 1459 809; x_wconf 75' lang='lat' dir='ltr'>tot</span> <span class='ocrx_word' id='word_1_9' title='bbox 1476 748 1510 808; x_wconf 78' lang='lat' dir='ltr'>m</span> <span class='ocrx_word' id='word_1_10' title='bbox 1593 702 1623 817; x_wconf 89' lang='lat'>†</span> <span class='ocrx_word' id='word_1_11' title='bbox 1648 731 1899 800; x_wconf 77' lang='lat' dir='ltr'>Consmmmus</span> <span class='ocrx_word' id='word_1_12' title='bbox 1924 733 2115 800; x_wconf 82' lang='lat' dir='ltr'><strong>Proximus</strong></span> <span class='ocrx_word' id='word_1_13' title='bbox 2138 732 2335 818; x_wconf 84' lang='lat' dir='ltr'>Opazeuus,</span> <span class='ocrx_word' id='word_1_14' title='bbox 2353 751 2455 816; x_wconf 82' lang='lat' dir='ltr'>prae-</span> 
     </span>
     <span class='ocr_line' id='line_1_3' title="bbox 602 871 2451 985; baseline -0.008 -30"><span class='ocrx_word' id='word_1_15' title='bbox 602 871 671 964; x_wconf 59' lang='lat'>3002&#39;</span> <span class='ocrx_word' id='word_1_16' title='bbox 692 921 752 964; x_wconf 74' lang='lat' dir='ltr'>riou</span> <span class='ocrx_word' id='word_1_17' title='bbox 774 899 1024 982; x_wconf 74' lang='lat' dir='ltr'>ub‘uopuopuuuu</span> <span class='ocrx_word' id='word_1_18' title='bbox 1040 919 1092 963; x_wconf 65' lang='lat' dir='ltr'>m,</span> <span class='ocrx_word' id='word_1_19' title='bbox 1108 919 1220 984; x_wconf 51' lang='grc' dir='ltr'>μαρτυρ</span> <span class='ocrx_word' id='word_1_20' title='bbox 1242 901 1404 985; x_wconf 47' lang='lat' dir='ltr'>,mapa</span> <span class='ocrx_word' id='word_1_21' title='bbox 1428 901 1511 964; x_wconf 54' lang='grc' dir='ltr'>ῑδῑω,</span> <span class='ocrx_word' id='word_1_22' title='bbox 1546 890 1627 941; x_wconf 87' lang='lat' dir='ltr'>sens</span> <span class='ocrx_word' id='word_1_23' title='bbox 1650 874 1689 941; x_wconf 89' lang='lat' dir='ltr'>in</span> <span class='ocrx_word' id='word_1_24' title='bbox 1719 873 1912 942; x_wconf 78' lang='lat' dir='ltr'>traditione</span> <span class='ocrx_word' id='word_1_25' title='bbox 1946 876 2063 942; x_wconf 83' lang='lat' dir='ltr'>XXIV</span> <span class='ocrx_word' id='word_1_26' title='bbox 2099 873 2317 960; x_wconf 90' lang='lat' dir='ltr'>solidorum,</span> <span class='ocrx_word' id='word_1_27' title='bbox 2351 875 2451 942; x_wconf 89' lang='lat' dir='ltr'>testis</span> 
     </span>
    </p>
   </div>
   <div class='ocr_carea' id='block_1_3' title="bbox 602 1015 2452 1250">
    <p class='ocr_par' dir='ltr' id='par_1_3' title="bbox 602 1015 2452 1250">
     <span class='ocr_line' id='line_1_4' title="bbox 602 1015 2056 1164; baseline 0.004 -88"><span class='ocrx_word' id='word_1_28' title='bbox 602 1074 726 1164; x_wconf 60' lang='lat' dir='ltr'>papas.</span> <span class='ocrx_word' id='word_1_29' title='bbox 1546 1017 1691 1102; x_wconf 88' lang='lat' dir='ltr'>propria</span> <span class='ocrx_word' id='word_1_30' title='bbox 1715 1033 1825 1084; x_wconf 88' lang='lat' dir='ltr'>manu</span> <span class='ocrx_word' id='word_1_31' title='bbox 1849 1015 2056 1101; x_wconf 84' lang='lat' dir='ltr'>subscripsi.</span> 
     </span>
     <span class='ocr_line' id='line_1_5' title="bbox 1591 1131 2452 1250; baseline 0.006 -25"><span class='ocrx_word' id='word_1_32' title='bbox 1591 1131 1620 1250; x_wconf 91' lang='lat'>†</span> <span class='ocrx_word' id='word_1_33' title='bbox 1645 1163 1774 1230; x_wconf 88' lang='lat' dir='ltr'>Petrus</span> <span class='ocrx_word' id='word_1_34' title='bbox 1798 1162 1895 1228; x_wconf 86' lang='lat' dir='ltr'>filius</span> <span class='ocrx_word' id='word_1_35' title='bbox 1918 1162 2091 1231; x_wconf 84' lang='lat' dir='ltr'>Grimaldi</span> <span class='ocrx_word' id='word_1_36' title='bbox 2123 1165 2339 1248; x_wconf 87' lang='lat' dir='ltr'>protopapae</span> <span class='ocrx_word' id='word_1_37' title='bbox 2371 1165 2452 1230; x_wconf 91' lang='lat' dir='ltr'>sub-</span> 
     </span>
    </p>
   </div>
   <div class='ocr_carea' id='block_1_4' title="bbox 599 1227 2445 1700">
    <p class='ocr_par' dir='ltr' id='par_1_4' title="bbox 599 1227 2445 1700">
     <span class='ocr_line' id='line_1_6' title="bbox 643 1227 1679 1391; baseline 0 -69"><span class='ocrx_word' id='word_1_38' title='bbox 643 1227 674 1343; x_wconf 89' lang='lat'>†</span> <span class='ocrx_word' id='word_1_39' title='bbox 696 1277 804 1341; x_wconf 81' lang='grc' dir='ltr'>πετρος</span> <span class='ocrx_word' id='word_1_40' title='bbox 819 1277 884 1330; x_wconf 67' lang='lat' dir='ltr'>uuo&lt;</span> <span class='ocrx_word' id='word_1_41' title='bbox 898 1257 1087 1340; x_wconf 76' lang='grc' dir='ltr'>γροιμαλδου</span> <span class='ocrx_word' id='word_1_42' title='bbox 1104 1277 1312 1340; x_wconf 65' lang='lat' dir='ltr'>superonustus</span> <span class='ocrx_word' id='word_1_43' title='bbox 1335 1258 1506 1341; x_wconf 78' lang='grc' dir='ltr'>υπεγραψα.</span> <span class='ocrx_word' id='word_1_44' title='bbox 1543 1304 1679 1391; x_wconf 44' lang='lat' dir='ltr'>Scripsi·</span> 
     </span>
     <span class='ocr_line' id='line_1_7' title="bbox 641 1403 2445 1537; baseline 0.004 -29"><span class='ocrx_word' id='word_1_45' title='bbox 641 1403 672 1519; x_wconf 87' lang='lat'>†</span> <span class='ocrx_word' id='word_1_46' title='bbox 696 1436 858 1508; x_wconf 62' lang='grc' dir='ltr'>ευῦταθῑθς</span> <span class='ocrx_word' id='word_1_47' title='bbox 879 1454 1089 1520; x_wconf 53' lang='lat' dir='ltr'>witellius</span> <span class='ocrx_word' id='word_1_48' title='bbox 1106 1435 1122 1502; x_wconf 74' lang='grc' dir='ltr'><strong>ὅ</strong></span> <span class='ocrx_word' id='word_1_49' title='bbox 1137 1441 1326 1522; x_wconf 52' lang='lat' dir='ltr'>teobaldo&gt;</span> <span class='ocrx_word' id='word_1_50' title='bbox 1341 1459 1446 1524; x_wconf 66' lang='grc' dir='ltr'>παρῑμῑ</span> <span class='ocrx_word' id='word_1_51' title='bbox 1461 1460 1509 1506; x_wconf 65' lang='grc' dir='ltr'>Επῑ</span> <span class='ocrx_word' id='word_1_52' title='bbox 1589 1421 1619 1536; x_wconf 93' lang='lat'>†</span> <span class='ocrx_word' id='word_1_53' title='bbox 1645 1449 1855 1517; x_wconf 85' lang='lat' dir='ltr'>Eustathius</span> <span class='ocrx_word' id='word_1_54' title='bbox 1878 1452 2095 1536; x_wconf 85' lang='lat' dir='ltr'>Topoterites</span> <span class='ocrx_word' id='word_1_55' title='bbox 2119 1449 2215 1517; x_wconf 87' lang='lat' dir='ltr'>filius</span> <span class='ocrx_word' id='word_1_56' title='bbox 2246 1450 2445 1537; x_wconf 87' lang='lat' dir='ltr'>Grimaldi,</span> 
     </span>
     <span class='ocr_line' id='line_1_8' title="bbox 599 1593 2445 1700; baseline -0.001 -40"><span class='ocrx_word' id='word_1_57' title='bbox 599 1636 633 1696; x_wconf 58' lang='lat' dir='ltr'>m</span> <span class='ocrx_word' id='word_1_58' title='bbox 656 1615 740 1694; x_wconf 62' lang='grc' dir='ltr'>δὼση</span> <span class='ocrx_word' id='word_1_59' title='bbox 762 1634 823 1676; x_wconf 58' lang='grc' dir='ltr'>των</span> <span class='ocrx_word' id='word_1_60' title='bbox 843 1614 889 1676; x_wconf 54' lang='grc' dir='ltr'>χε</span> <span class='ocrx_word' id='word_1_61' title='bbox 904 1617 1110 1694; x_wconf 76' lang='lat' dir='ltr'>oopuopaceo.</span> <span class='ocrx_word' id='word_1_62' title='bbox 1130 1635 1241 1699; x_wconf 56' lang='lat' dir='ltr'>,amp</span> <span class='ocrx_word' id='word_1_63' title='bbox 1255 1617 1418 1700; x_wconf 60' lang='lat' dir='ltr'>„,„„,p„,</span> <span class='ocrx_word' id='word_1_64' title='bbox 1434 1616 1508 1681; x_wconf 59' lang='grc' dir='ltr'><strong>ῑδῑο,</strong></span> <span class='ocrx_word' id='word_1_65' title='bbox 1543 1611 1712 1676; x_wconf 80' lang='lat' dir='ltr'>praesens</span> <span class='ocrx_word' id='word_1_66' title='bbox 1726 1593 1763 1658; x_wconf 90' lang='lat' dir='ltr'>in</span> <span class='ocrx_word' id='word_1_67' title='bbox 1782 1594 1974 1662; x_wconf 78' lang='lat' dir='ltr'>traditione</span> <span class='ocrx_word' id='word_1_68' title='bbox 1990 1593 2106 1661; x_wconf 81' lang='lat' dir='ltr'>xxiv</span> <span class='ocrx_word' id='word_1_69' title='bbox 2124 1593 2327 1680; x_wconf 89' lang='lat' dir='ltr'>solidorum,</span> <span class='ocrx_word' id='word_1_70' title='bbox 2344 1595 2445 1659; x_wconf 89' lang='lat' dir='ltr'>testis</span> 
     </span>
    </p>
   </div>
   <div class='ocr_carea' id='block_1_5' title="bbox 596 1739 2227 1973">
    <p class='ocr_par' dir='ltr' id='par_1_5' title="bbox 596 1739 2227 1973">
     <span class='ocr_line' id='line_1_9' title="bbox 596 1739 2051 1878; baseline -0.03 -32"><span class='ocrx_word' id='word_1_71' title='bbox 596 1814 712 1878; x_wconf 59' lang='grc' dir='ltr'><strong>γειρος,</strong></span> <span class='ocrx_word' id='word_1_72' title='bbox 1542 1739 1686 1822; x_wconf 80' lang='lat' dir='ltr'>propria</span> <span class='ocrx_word' id='word_1_73' title='bbox 1711 1757 1821 1807; x_wconf 89' lang='lat' dir='ltr'>manu</span> <span class='ocrx_word' id='word_1_74' title='bbox 1844 1740 2051 1826; x_wconf 85' lang='lat' dir='ltr'>subscripsi.</span> 
     </span>
     <span class='ocr_line' id='line_1_10' title="bbox 610 1855 2227 1973; baseline -0.025 16"><span class='ocrx_word' id='word_1_75' title='bbox 610 1859 619 1879; x_wconf 22' lang='grc' dir='ltr'>ι</span> <span class='ocrx_word' id='word_1_76' title='bbox 1587 1855 1618 1973; x_wconf 93' lang='lat'>†</span> <span class='ocrx_word' id='word_1_77' title='bbox 1637 1886 1711 1972; x_wconf 84' lang='lat' dir='ltr'>Ego</span> <span class='ocrx_word' id='word_1_78' title='bbox 1733 1887 1860 1953; x_wconf 88' lang='lat' dir='ltr'>Petrus</span> <span class='ocrx_word' id='word_1_79' title='bbox 1882 1883 2080 1971; x_wconf 87' lang='lat' dir='ltr'>imperialis</span> <span class='ocrx_word' id='word_1_80' title='bbox 2104 1884 2227 1952; x_wconf 88' lang='lat' dir='ltr'>ludex.</span> 
     </span>
    </p>
   </div>
   <div class='ocr_carea' id='block_1_6' title="bbox 646 1944 1232 2060">
    <p class='ocr_par' dir='ltr' id='par_1_6' title="bbox 646 1944 1232 2060">
     <span class='ocr_line' id='line_1_11' title="bbox 646 1944 1232 2060; baseline 0.005 -21"><span class='ocrx_word' id='word_1_81' title='bbox 646 1944 676 2058; x_wconf 90' lang='lat'>†</span> <span class='ocrx_word' id='word_1_82' title='bbox 702 1989 767 2059; x_wconf 79' lang='lat' dir='ltr'>ego</span> <span class='ocrx_word' id='word_1_83' title='bbox 789 1976 911 2058; x_wconf 89' lang='lat' dir='ltr'>petrus</span> <span class='ocrx_word' id='word_1_84' title='bbox 935 1974 1113 2060; x_wconf 90' lang='lat' dir='ltr'>imperiali</span> <span class='ocrx_word' id='word_1_85' title='bbox 1139 1977 1232 2044; x_wconf 89' lang='lat' dir='ltr'>criti.</span> 
     </span>
    </p>
   </div>
   <div class='ocr_carea' id='block_1_7' title="bbox 641 1990 2569 2309">
    <p class='ocr_par' dir='ltr' id='par_1_7' title="bbox 641 1990 2569 2309">
     <span class='ocr_line' id='line_1_12' title="bbox 1520 1990 2439 2148; baseline -0.005 -44"><span class='ocrx_word' id='word_1_86' title='bbox 1520 1990 1524 2148; x_wconf 66' lang='grc'><strong>,</strong></span> <span class='ocrx_word' id='word_1_87' title='bbox 1588 2007 1804 2124; x_wconf 87' lang='lat' dir='ltr'>†Nicolaus</span> <span class='ocrx_word' id='word_1_88' title='bbox 1827 2036 1946 2103; x_wconf 78' lang='lat' dir='ltr'>(lomes</span> <span class='ocrx_word' id='word_1_89' title='bbox 1968 2034 2081 2102; x_wconf 85' lang='lat' dir='ltr'>Certis</span> <span class='ocrx_word' id='word_1_90' title='bbox 2104 2035 2205 2100; x_wconf 88' lang='lat' dir='ltr'>tostis</span> <span class='ocrx_word' id='word_1_91' title='bbox 2234 2033 2439 2115; x_wconf 83' lang='lat' dir='ltr'>subscripsi.</span> 
     </span>
     <span class='ocr_line' id='line_1_13' title="bbox 641 2124 2569 2309; baseline 0.001 -71"><span class='ocrx_word' id='word_1_92' title='bbox 641 2124 845 2238; x_wconf 59' lang='grc' dir='ltr'>Ῠνηκθλαθς</span> <span class='ocrx_word' id='word_1_93' title='bbox 867 2172 963 2235; x_wconf 59' lang='lat' dir='ltr'>mliii</span> <span class='ocrx_word' id='word_1_94' title='bbox 985 2173 1095 2235; x_wconf 66' lang='lat' dir='ltr'>’le</span> <span class='ocrx_word' id='word_1_95' title='bbox 1118 2175 1278 2238; x_wconf 77' lang='lat' dir='ltr'>pupropuou</span> <span class='ocrx_word' id='word_1_96' title='bbox 1301 2158 1471 2241; x_wconf 68' lang='lat' dir='ltr'>urespuba.</span> <span class='ocrx_word' id='word_1_97' title='bbox 1518 2188 1524 2309; x_wconf 48' lang='lat' dir='ltr'>p</span> <span class='ocrx_word' id='word_1_98' title='bbox 1587 2149 1833 2264; x_wconf 85' lang='lat' dir='ltr'>†Stephanus</span> <span class='ocrx_word' id='word_1_99' title='bbox 1860 2181 1980 2246; x_wconf 85' lang='lat' dir='ltr'>Comes</span> <span class='ocrx_word' id='word_1_100' title='bbox 2011 2178 2123 2244; x_wconf 82' lang='lat' dir='ltr'>Coruis</span> <span class='ocrx_word' id='word_1_101' title='bbox 2154 2174 2299 2262; x_wconf 91' lang='lat' dir='ltr'>propria</span> <span class='ocrx_word' id='word_1_102' title='bbox 2332 2191 2441 2241; x_wconf 90' lang='lat' dir='ltr'>mauu</span> <span class='ocrx_word' id='word_1_103' title='bbox 2566 2247 2569 2256; x_wconf 55' lang='grc'>,</span> 
     </span>
    </p>
   </div>
   <div class='ocr_carea' id='block_1_8' title="bbox 638 2293 1744 2412">
    <p class='ocr_par' dir='ltr' id='par_1_8' title="bbox 638 2293 1744 2412">
     <span class='ocr_line' id='line_1_14' title="bbox 638 2293 1744 2412; baseline 0.009 -30"><span class='ocrx_word' id='word_1_104' title='bbox 638 2293 668 2408; x_wconf 80' lang='lat'>†</span> <span class='ocrx_word' id='word_1_105' title='bbox 693 2340 837 2402; x_wconf 79' lang='grc' dir='ltr'>στεφανος</span> <span class='ocrx_word' id='word_1_106' title='bbox 859 2341 953 2402; x_wconf 64' lang='lat' dir='ltr'>ropac</span> <span class='ocrx_word' id='word_1_107' title='bbox 976 2322 1084 2404; x_wconf 81' lang='grc' dir='ltr'><strong>κόρτης</strong></span> <span class='ocrx_word' id='word_1_108' title='bbox 1107 2325 1267 2407; x_wconf 68' lang='lat' dir='ltr'>occupatior</span> <span class='ocrx_word' id='word_1_109' title='bbox 1290 2347 1461 2412; x_wconf 73' lang='grc' dir='ltr'><strong>ικιοχειρος.</strong></span> <span class='ocrx_word' id='word_1_110' title='bbox 1539 2324 1744 2410; x_wconf 88' lang='lat' dir='ltr'>subscripsi.</span> 
     </span>
    </p>
   </div>
   <div class='ocr_carea' id='block_1_9' title="bbox 1297 2904 1716 3014">
    <p class='ocr_par' dir='ltr' id='par_1_9' title="bbox 1297 2904 1716 3014">
     <span class='ocr_line' id='line_1_15' title="bbox 1297 2904 1716 3014; baseline -0.019 -1"><span class='ocrx_word' id='word_1_111' title='bbox 1297 2904 1716 3014; x_wconf 65' lang='lat' dir='ltr'>accentuum.</span> 
     </span>
    </p>
   </div>
   <div class='ocr_carea' id='block_1_10' title="bbox 1364 3224 1652 3304">
    <p class='ocr_par' dir='ltr' id='par_1_10' title="bbox 1364 3224 1652 3304">
     <span class='ocr_line' id='line_1_16' title="bbox 1364 3224 1652 3304; baseline -0.01 -2"><span class='ocrx_word' id='word_1_112' title='bbox 1364 3228 1417 3302; x_wconf 88' lang='lat' dir='ltr'>A.</span> <span class='ocrx_word' id='word_1_113' title='bbox 1447 3227 1495 3303; x_wconf 90' lang='lat' dir='ltr'>D.</span> <span class='ocrx_word' id='word_1_114' title='bbox 1525 3224 1652 3304; x_wconf 80' lang='lat'><strong>1033.</strong></span> 
     </span>
    </p>
   </div>
   <div class='ocr_carea' id='block_1_11' title="bbox 631 3466 2552 3620">
    <p class='ocr_par' dir='ltr' id='par_1_11' title="bbox 631 3466 2679 3628">
     <span class='ocr_line' id='line_1_17' title="bbox 631 3466 2552 3620; baseline 0.003 -38"><span class='ocrx_word' id='word_1_115' title='bbox 631 3466 666 3605; x_wconf 54' lang='grc' dir='ltr'>ἰ’</span> <span class='ocrx_word' id='word_1_116' title='bbox 692 3521 731 3583; x_wconf 89' lang='lat' dir='ltr'>ln</span> <span class='ocrx_word' id='word_1_117' title='bbox 755 3519 899 3586; x_wconf 89' lang='lat' dir='ltr'>nomine</span> <span class='ocrx_word' id='word_1_118' title='bbox 916 3519 1049 3587; x_wconf 88' lang='lat' dir='ltr'>domini</span> <span class='ocrx_word' id='word_1_119' title='bbox 1068 3519 1332 3604; x_wconf 87' lang='lat' dir='ltr'>quintodecimo</span> <span class='ocrx_word' id='word_1_120' title='bbox 1349 3536 1442 3586; x_wconf 90' lang='lat' dir='ltr'>anno</span> <span class='ocrx_word' id='word_1_121' title='bbox 1459 3516 1682 3604; x_wconf 86' lang='lat' dir='ltr'>principatus</span> <span class='ocrx_word' id='word_1_122' title='bbox 1699 3518 1817 3586; x_wconf 79' lang='lat' dir='ltr'>donini</span> <span class='ocrx_word' id='word_1_123' title='bbox 1836 3521 1947 3586; x_wconf 89' lang='lat' dir='ltr'>nostri</span> <span class='ocrx_word' id='word_1_124' title='bbox 1964 3519 2146 3606; x_wconf 84' lang='lat' dir='ltr'>guaimari</span> <span class='ocrx_word' id='word_1_125' title='bbox 2163 3519 2318 3607; x_wconf 87' lang='lat' dir='ltr'>glorioso</span> <span class='ocrx_word' id='word_1_126' title='bbox 2333 3520 2435 3608; x_wconf 87' lang='lat' dir='ltr'>prin·</span> <span class='ocrx_word' id='word_1_127' title='bbox 2545 3609 2552 3620; x_wconf 27' lang='grc'>,</span> 
     </span>
    </p>
   </div>
   <div class='ocr_carea' id='block_1_12' title="bbox 576 3669 2523 5297">
    <p class='ocr_par' dir='ltr' id='par_1_12' title="bbox 577 3669 2523 5141">
     <span class='ocr_line' id='line_1_18' title="bbox 585 3669 2432 3758; baseline 0.002 -21"><span class='ocrx_word' id='word_1_128' title='bbox 585 3671 681 3757; x_wconf 85' lang='lat' dir='ltr'>cipe,</span> <span class='ocrx_word' id='word_1_129' title='bbox 706 3689 826 3739; x_wconf 89' lang='lat' dir='ltr'>mense</span> <span class='ocrx_word' id='word_1_130' title='bbox 850 3672 1065 3758; x_wconf 83' lang='lat' dir='ltr'>februarium,</span> <span class='ocrx_word' id='word_1_131' title='bbox 1090 3673 1207 3758; x_wconf 86' lang='lat' dir='ltr'>prima</span> <span class='ocrx_word' id='word_1_132' title='bbox 1232 3671 1440 3739; x_wconf 88' lang='lat' dir='ltr'>indictione.</span> <span class='ocrx_word' id='word_1_133' title='bbox 1458 3671 1746 3740; x_wconf 86' lang='lat' dir='ltr'>Memoratorium</span> <span class='ocrx_word' id='word_1_134' title='bbox 1763 3670 1861 3740; x_wconf 86' lang='lat' dir='ltr'>lactu</span> <span class='ocrx_word' id='word_1_135' title='bbox 1877 3692 1899 3739; x_wconf 90' lang='lat' dir='ltr'>a</span> <span class='ocrx_word' id='word_1_136' title='bbox 1914 3689 1969 3738; x_wconf 86' lang='lat' dir='ltr'>une</span> <span class='ocrx_word' id='word_1_137' title='bbox 1986 3669 2187 3739; x_wconf 81' lang='lat' dir='ltr'>friterisius</span> <span class='ocrx_word' id='word_1_138' title='bbox 2204 3690 2320 3742; x_wconf 91' lang='lat' dir='ltr'>comes</span> <span class='ocrx_word' id='word_1_139' title='bbox 2335 3675 2432 3742; x_wconf 88' lang='lat' dir='ltr'>filius</span> 
     </span>
     <span class='ocr_line' id='line_1_19' title="bbox 582 3781 2432 3912; baseline 0.002 -21"><span class='ocrx_word' id='word_1_140' title='bbox 582 3827 761 3912; x_wconf 90' lang='lat' dir='ltr'>quondam</span> <span class='ocrx_word' id='word_1_141' title='bbox 787 3826 974 3911; x_wconf 88' lang='lat' dir='ltr'>radoaldi,</span> <span class='ocrx_word' id='word_1_142' title='bbox 999 3825 1154 3912; x_wconf 93' lang='lat' dir='ltr'>eoquod</span> <span class='ocrx_word' id='word_1_143' title='bbox 1180 3829 1265 3894; x_wconf 89' lang='lat' dir='ltr'>ante</span> <span class='ocrx_word' id='word_1_144' title='bbox 1290 3781 1480 3911; x_wconf 70' lang='lat' dir='ltr'>subscripti</span> <span class='ocrx_word' id='word_1_145' title='bbox 1507 3831 1614 3894; x_wconf 90' lang='lat' dir='ltr'>testes</span> <span class='ocrx_word' id='word_1_146' title='bbox 1637 3842 1699 3912; x_wconf 90' lang='lat' dir='ltr'>per</span> <span class='ocrx_word' id='word_1_147' title='bbox 1723 3843 1814 3892; x_wconf 85' lang='lat' dir='ltr'>vona</span> <span class='ocrx_word' id='word_1_148' title='bbox 1838 3825 2102 3896; x_wconf 89' lang='lat' dir='ltr'>combenientia</span> <span class='ocrx_word' id='word_1_149' title='bbox 2137 3826 2286 3898; x_wconf 83' lang='lat' dir='ltr'>tradidit</span> <span class='ocrx_word' id='word_1_150' title='bbox 2312 3827 2359 3896; x_wconf 86' lang='lat' dir='ltr'>ad</span> <span class='ocrx_word' id='word_1_151' title='bbox 2381 3833 2432 3896; x_wconf 88' lang='lat' dir='ltr'>te·</span> 
     </span>
     <span class='ocr_line' id='line_1_20' title="bbox 582 3975 2429 4065; baseline -0.001 -18"><span class='ocrx_word' id='word_1_152' title='bbox 582 3977 741 4047; x_wconf 88' lang='lat' dir='ltr'>nendum</span> <span class='ocrx_word' id='word_1_153' title='bbox 765 3983 800 4046; x_wconf 89' lang='lat' dir='ltr'>et</span> <span class='ocrx_word' id='word_1_154' title='bbox 822 3977 1080 4064; x_wconf 89' lang='lat' dir='ltr'>pastenandum</span> <span class='ocrx_word' id='word_1_155' title='bbox 1104 3975 1231 4042; x_wconf 91' lang='lat' dir='ltr'>summi</span> <span class='ocrx_word' id='word_1_156' title='bbox 1258 3975 1330 4044; x_wconf 90' lang='lat' dir='ltr'>lilio</span> <span class='ocrx_word' id='word_1_157' title='bbox 1354 3977 1461 4063; x_wconf 83' lang='lat' dir='ltr'>petri,</span> <span class='ocrx_word' id='word_1_158' title='bbox 1485 3982 1521 4044; x_wconf 90' lang='lat' dir='ltr'>ot</span> <span class='ocrx_word' id='word_1_159' title='bbox 1544 3976 1737 4045; x_wconf 88' lang='lat' dir='ltr'>domnandi</span> <span class='ocrx_word' id='word_1_160' title='bbox 1763 3977 1836 4042; x_wconf 89' lang='lat' dir='ltr'>lilio</span> <span class='ocrx_word' id='word_1_161' title='bbox 1860 3977 1981 4063; x_wconf 79' lang='lat' dir='ltr'>augeli</span> <span class='ocrx_word' id='word_1_162' title='bbox 2006 3977 2048 4045; x_wconf 90' lang='lat' dir='ltr'>de</span> <span class='ocrx_word' id='word_1_163' title='bbox 2073 3981 2180 4046; x_wconf 88' lang='lat' dir='ltr'>rebus</span> <span class='ocrx_word' id='word_1_164' title='bbox 2205 3997 2312 4065; x_wconf 88' lang='lat' dir='ltr'>mea,</span> <span class='ocrx_word' id='word_1_165' title='bbox 2337 3979 2429 4065; x_wconf 89' lang='lat' dir='ltr'>quod</span> 
     </span>
     <span class='ocr_line' id='line_1_21' title="bbox 581 4126 2523 4217; baseline -0.002 -17"><span class='ocrx_word' id='word_1_166' title='bbox 581 4134 696 4200; x_wconf 90' lang='lat' dir='ltr'>habeo</span> <span class='ocrx_word' id='word_1_167' title='bbox 720 4132 759 4198; x_wconf 90' lang='lat' dir='ltr'>in</span> <span class='ocrx_word' id='word_1_168' title='bbox 783 4131 897 4198; x_wconf 90' lang='lat' dir='ltr'>locum</span> <span class='ocrx_word' id='word_1_169' title='bbox 922 4131 1019 4197; x_wconf 91' lang='lat' dir='ltr'>ribus</span> <span class='ocrx_word' id='word_1_170' title='bbox 1042 4129 1120 4196; x_wconf 88' lang='lat' dir='ltr'>altu</span> <span class='ocrx_word' id='word_1_171' title='bbox 1143 4126 1274 4195; x_wconf 88' lang='lat' dir='ltr'>finibus</span> <span class='ocrx_word' id='word_1_172' title='bbox 1298 4128 1548 4215; x_wconf 86' lang='lat' dir='ltr'>salernitane,</span> <span class='ocrx_word' id='word_1_173' title='bbox 1573 4127 1611 4195; x_wconf 91' lang='lat' dir='ltr'>in</span> <span class='ocrx_word' id='word_1_174' title='bbox 1635 4149 1703 4215; x_wconf 88' lang='lat' dir='ltr'>quo</span> <span class='ocrx_word' id='word_1_175' title='bbox 1726 4129 1804 4199; x_wconf 89' lang='lat' dir='ltr'>sala</span> <span class='ocrx_word' id='word_1_176' title='bbox 1826 4129 1960 4198; x_wconf 88' lang='lat' dir='ltr'>frabita</span> <span class='ocrx_word' id='word_1_177' title='bbox 1993 4133 2113 4198; x_wconf 84' lang='lat' dir='ltr'>batere</span> <span class='ocrx_word' id='word_1_178' title='bbox 2141 4133 2342 4217; x_wconf 87' lang='lat' dir='ltr'>habemus,</span> <span class='ocrx_word' id='word_1_179' title='bbox 2366 4131 2430 4216; x_wconf 89' lang='lat' dir='ltr'>qui</span> <span class='ocrx_word' id='word_1_180' title='bbox 2512 4149 2523 4158; x_wconf 93' lang='lat'><strong>·</strong></span> 
     </span>
     <span class='ocr_line' id='line_1_22' title="bbox 580 4280 2430 4369; baseline -0.001 -18"><span class='ocrx_word' id='word_1_181' title='bbox 580 4285 690 4352; x_wconf 88' lang='lat' dir='ltr'>habet</span> <span class='ocrx_word' id='word_1_182' title='bbox 714 4283 797 4350; x_wconf 89' lang='lat' dir='ltr'>linis</span> <span class='ocrx_word' id='word_1_183' title='bbox 820 4287 855 4349; x_wconf 87' lang='lat' dir='ltr'>et</span> <span class='ocrx_word' id='word_1_184' title='bbox 878 4280 1057 4348; x_wconf 88' lang='lat' dir='ltr'>mensurie</span> <span class='ocrx_word' id='word_1_185' title='bbox 1081 4280 1285 4366; x_wconf 85' lang='lat' dir='ltr'>supradicta</span> <span class='ocrx_word' id='word_1_186' title='bbox 1302 4286 1424 4350; x_wconf 90' lang='lat' dir='ltr'>nostra</span> <span class='ocrx_word' id='word_1_187' title='bbox 1438 4281 1665 4349; x_wconf 87' lang='lat' dir='ltr'>tradictioue:</span> <span class='ocrx_word' id='word_1_188' title='bbox 1683 4301 1704 4350; x_wconf 90' lang='lat' dir='ltr'>a</span> <span class='ocrx_word' id='word_1_189' title='bbox 1720 4287 1822 4369; x_wconf 88' lang='lat' dir='ltr'>parte</span> <span class='ocrx_word' id='word_1_190' title='bbox 1836 4283 1985 4352; x_wconf 90' lang='lat' dir='ltr'>orientis</span> <span class='ocrx_word' id='word_1_191' title='bbox 2002 4283 2072 4350; x_wconf 90' lang='lat' dir='ltr'>fine</span> <span class='ocrx_word' id='word_1_192' title='bbox 2095 4282 2212 4350; x_wconf 89' lang='lat' dir='ltr'>medio</span> <span class='ocrx_word' id='word_1_193' title='bbox 2229 4285 2304 4369; x_wconf 91' lang='lat' dir='ltr'>ipso</span> <span class='ocrx_word' id='word_1_194' title='bbox 2327 4283 2430 4350; x_wconf 91' lang='lat' dir='ltr'>ribus</span> 
     </span>
     <span class='ocr_line' id='line_1_23' title="bbox 579 4424 2432 4542; baseline 0.001 -38"><span class='ocrx_word' id='word_1_195' title='bbox 579 4437 705 4524; x_wconf 91' lang='lat' dir='ltr'>saltu,</span> <span class='ocrx_word' id='word_1_196' title='bbox 730 4437 830 4505; x_wconf 85' lang='lat' dir='ltr'>etde</span> <span class='ocrx_word' id='word_1_197' title='bbox 854 4436 968 4504; x_wconf 89' lang='lat' dir='ltr'>tribus</span> <span class='ocrx_word' id='word_1_198' title='bbox 991 4434 1153 4542; x_wconf 85' lang='lat' dir='ltr'>partibus</span> <span class='ocrx_word' id='word_1_199' title='bbox 1177 4434 1247 4500; x_wconf 85' lang='grc'>11111</span> <span class='ocrx_word' id='word_1_200' title='bbox 1272 4453 1351 4502; x_wconf 91' lang='lat' dir='ltr'>mea</span> <span class='ocrx_word' id='word_1_201' title='bbox 1374 4439 1410 4504; x_wconf 85' lang='lat' dir='ltr'>et</span> <span class='ocrx_word' id='word_1_202' title='bbox 1434 4437 1510 4522; x_wconf 90' lang='lat' dir='ltr'>ipso</span> <span class='ocrx_word' id='word_1_203' title='bbox 1533 4433 1633 4503; x_wconf 89' lang='lat' dir='ltr'>ribus</span> <span class='ocrx_word' id='word_1_204' title='bbox 1668 4435 1762 4505; x_wconf 89' lang='lat' dir='ltr'>saltu</span> <span class='ocrx_word' id='word_1_205' title='bbox 1786 4437 1832 4504; x_wconf 89' lang='lat' dir='ltr'>da</span> <span class='ocrx_word' id='word_1_206' title='bbox 1864 4438 1935 4504; x_wconf 86' lang='lat' dir='ltr'>llne</span> <span class='ocrx_word' id='word_1_207' title='bbox 1967 4455 2046 4504; x_wconf 90' lang='lat' dir='ltr'>mea</span> <span class='ocrx_word' id='word_1_208' title='bbox 2063 4424 2277 4522; x_wconf 86' lang='lat' dir='ltr'>discernit,</span> <span class='ocrx_word' id='word_1_209' title='bbox 2306 4441 2342 4505; x_wconf 89' lang='lat' dir='ltr'>et</span> <span class='ocrx_word' id='word_1_210' title='bbox 2376 4441 2432 4506; x_wconf 90' lang='lat' dir='ltr'>est</span> 
     </span>
     <span class='ocr_line' id='line_1_24' title="bbox 577 4573 2431 4680; baseline -0.003 -19"><span class='ocrx_word' id='word_1_211' title='bbox 577 4612 642 4680; x_wconf 89' lang='lat' dir='ltr'>per</span> <span class='ocrx_word' id='word_1_212' title='bbox 668 4594 852 4662; x_wconf 79' lang='lat' dir='ltr'>mensurio</span> <span class='ocrx_word' id='word_1_213' title='bbox 874 4594 917 4660; x_wconf 87' lang='lat' dir='ltr'>de</span> <span class='ocrx_word' id='word_1_214' title='bbox 940 4591 1125 4678; x_wconf 83' lang='lat' dir='ltr'>longitudo</span> <span class='ocrx_word' id='word_1_215' title='bbox 1149 4608 1269 4676; x_wconf 91' lang='lat' dir='ltr'>passos</span> <span class='ocrx_word' id='word_1_216' title='bbox 1293 4595 1436 4658; x_wconf 91' lang='lat' dir='ltr'>centum</span> <span class='ocrx_word' id='word_1_217' title='bbox 1461 4588 1590 4676; x_wconf 83' lang='lat' dir='ltr'>biginti</span> <span class='ocrx_word' id='word_1_218' title='bbox 1611 4639 1621 4674; x_wconf 88' lang='lat'>,</span> <span class='ocrx_word' id='word_1_219' title='bbox 1645 4573 1693 4656; x_wconf 86' lang='lat' dir='ltr'>et</span> <span class='ocrx_word' id='word_1_220' title='bbox 1714 4589 1756 4656; x_wconf 89' lang='lat' dir='ltr'>de</span> <span class='ocrx_word' id='word_1_221' title='bbox 1779 4589 1931 4658; x_wconf 88' lang='lat' dir='ltr'>latitudo</span> <span class='ocrx_word' id='word_1_222' title='bbox 1966 4607 2085 4676; x_wconf 87' lang='lat' dir='ltr'>passos</span> <span class='ocrx_word' id='word_1_223' title='bbox 2121 4590 2185 4659; x_wconf 87' lang='lat' dir='ltr'>alii</span> <span class='ocrx_word' id='word_1_224' title='bbox 2209 4594 2352 4658; x_wconf 91' lang='lat' dir='ltr'>centum</span> <span class='ocrx_word' id='word_1_225' title='bbox 2377 4591 2431 4657; x_wconf 93' lang='lat' dir='ltr'>bi·</span> 
     </span>
     <span class='ocr_line' id='line_1_25' title="bbox 577 4739 2431 4836; baseline -0.005 -21"><span class='ocrx_word' id='word_1_226' title='bbox 577 4747 685 4836; x_wconf 76' lang='lat' dir='ltr'>giuti,</span> <span class='ocrx_word' id='word_1_227' title='bbox 711 4747 757 4815; x_wconf 89' lang='lat' dir='ltr'>ad</span> <span class='ocrx_word' id='word_1_228' title='bbox 782 4747 877 4814; x_wconf 89' lang='lat' dir='ltr'>iusto</span> <span class='ocrx_word' id='word_1_229' title='bbox 899 4763 1042 4832; x_wconf 90' lang='lat' dir='ltr'>passum</span> <span class='ocrx_word' id='word_1_230' title='bbox 1066 4744 1200 4810; x_wconf 91' lang='lat' dir='ltr'>homini</span> <span class='ocrx_word' id='word_1_231' title='bbox 1224 4747 1471 4822; x_wconf 84' lang='lat' dir='ltr'>mensuratum</span> <span class='ocrx_word' id='word_1_232' title='bbox 1495 4761 1556 4827; x_wconf 90' lang='lat' dir='ltr'>per</span> <span class='ocrx_word' id='word_1_233' title='bbox 1580 4739 1781 4828; x_wconf 86' lang='lat' dir='ltr'>supradicte</span> <span class='ocrx_word' id='word_1_234' title='bbox 1806 4741 1887 4808; x_wconf 87' lang='lat' dir='ltr'>linis</span> <span class='ocrx_word' id='word_1_235' title='bbox 1910 4745 1945 4808; x_wconf 93' lang='lat' dir='ltr'>et</span> <span class='ocrx_word' id='word_1_236' title='bbox 1977 4741 2158 4809; x_wconf 90' lang='lat' dir='ltr'>mensurie</span> <span class='ocrx_word' id='word_1_237' title='bbox 2173 4745 2289 4808; x_wconf 89' lang='lat' dir='ltr'>totum</span> <span class='ocrx_word' id='word_1_238' title='bbox 2313 4747 2349 4810; x_wconf 88' lang='lat' dir='ltr'>et</span> <span class='ocrx_word' id='word_1_239' title='bbox 2374 4740 2431 4807; x_wconf 90' lang='lat' dir='ltr'>in-</span> 
     </span>
     <span class='ocr_line' id='line_1_26' title="bbox 577 4891 2432 4986; baseline -0.004 -18"><span class='ocrx_word' id='word_1_240' title='bbox 577 4902 716 4986; x_wconf 91' lang='lat' dir='ltr'>clitum,</span> <span class='ocrx_word' id='word_1_241' title='bbox 741 4918 822 4967; x_wconf 91' lang='lat' dir='ltr'>cum</span> <span class='ocrx_word' id='word_1_242' title='bbox 846 4899 967 4967; x_wconf 86' lang='lat' dir='ltr'>omnia</span> <span class='ocrx_word' id='word_1_243' title='bbox 991 4897 1087 4968; x_wconf 83' lang='lat' dir='ltr'>iufra</span> <span class='ocrx_word' id='word_1_244' title='bbox 1111 4915 1148 4963; x_wconf 89' lang='lat' dir='ltr'>se</span> <span class='ocrx_word' id='word_1_245' title='bbox 1172 4894 1385 4964; x_wconf 86' lang='lat' dir='ltr'>habentibus</span> <span class='ocrx_word' id='word_1_246' title='bbox 1409 4899 1444 4960; x_wconf 91' lang='lat' dir='ltr'>et</span> <span class='ocrx_word' id='word_1_247' title='bbox 1468 4893 1541 4959; x_wconf 89' lang='lat' dir='ltr'>suis</span> <span class='ocrx_word' id='word_1_248' title='bbox 1566 4892 1809 4979; x_wconf 89' lang='lat' dir='ltr'>pertinentiis,</span> <span class='ocrx_word' id='word_1_249' title='bbox 1833 4898 1973 4960; x_wconf 90' lang='lat' dir='ltr'>etcum</span> <span class='ocrx_word' id='word_1_250' title='bbox 1998 4892 2076 4959; x_wconf 89' lang='lat' dir='ltr'>bice</span> <span class='ocrx_word' id='word_1_251' title='bbox 2099 4892 2142 4959; x_wconf 89' lang='lat' dir='ltr'>de</span> <span class='ocrx_word' id='word_1_252' title='bbox 2166 4891 2226 4960; x_wconf 88' lang='lat' dir='ltr'>via</span> <span class='ocrx_word' id='word_1_253' title='bbox 2241 4911 2322 4980; x_wconf 88' lang='lat' dir='ltr'>sua,</span> <span class='ocrx_word' id='word_1_254' title='bbox 2349 4893 2432 4961; x_wconf 90' lang='lat' dir='ltr'>illut</span> 
     </span>
     <span class='ocr_line' id='line_1_27' title="bbox 578 5027 2424 5141; baseline -0.004 -22"><span class='ocrx_word' id='word_1_255' title='bbox 578 5055 735 5141; x_wconf 88' lang='lat' dir='ltr'>ipsorum</span> <span class='ocrx_word' id='word_1_256' title='bbox 762 5054 887 5118; x_wconf 89' lang='lat' dir='ltr'>summi</span> <span class='ocrx_word' id='word_1_257' title='bbox 913 5058 949 5119; x_wconf 89' lang='lat' dir='ltr'>et</span> <span class='ocrx_word' id='word_1_258' title='bbox 973 5049 1180 5134; x_wconf 85' lang='lat' dir='ltr'>damnandi,</span> <span class='ocrx_word' id='word_1_259' title='bbox 1205 5051 1297 5116; x_wconf 89' lang='lat' dir='ltr'>sicut</span> <span class='ocrx_word' id='word_1_260' title='bbox 1319 5048 1488 5132; x_wconf 83' lang='lat' dir='ltr'>diximus,</span> <span class='ocrx_word' id='word_1_261' title='bbox 1515 5047 1560 5114; x_wconf 91' lang='lat' dir='ltr'>ad</span> <span class='ocrx_word' id='word_1_262' title='bbox 1584 5027 1845 5132; x_wconf 78' lang='lat' dir='ltr'>pastenauuum</span> <span class='ocrx_word' id='word_1_263' title='bbox 1869 5044 2096 5130; x_wconf 65' lang='lat' dir='ltr'>tradidimus</span> <span class='ocrx_word' id='word_1_264' title='bbox 2120 5051 2156 5112; x_wconf 91' lang='lat' dir='ltr'>et</span> <span class='ocrx_word' id='word_1_265' title='bbox 2187 5044 2259 5113; x_wconf 91' lang='lat' dir='ltr'>illis</span> <span class='ocrx_word' id='word_1_266' title='bbox 2283 5063 2347 5130; x_wconf 92' lang='lat' dir='ltr'>pro</span> <span class='ocrx_word' id='word_1_267' title='bbox 2370 5050 2424 5114; x_wconf 83' lang='lat' dir='ltr'>ta-</span> 
     </span>
    </p>

    <p class='ocr_par' dir='ltr' id='par_1_13' title="bbox 576 5149 2493 5297">
     <span class='ocr_line' id='line_1_28' title="bbox 576 5149 2493 5297; baseline -0.005 -20"><span class='ocrx_word' id='word_1_268' title='bbox 576 5211 657 5278; x_wconf 88' lang='lat' dir='ltr'>liter</span> <span class='ocrx_word' id='word_1_269' title='bbox 681 5229 743 5297; x_wconf 87' lang='lat' dir='ltr'>per</span> <span class='ocrx_word' id='word_1_270' title='bbox 768 5228 859 5278; x_wconf 87' lang='lat' dir='ltr'>vona</span> <span class='ocrx_word' id='word_1_271' title='bbox 882 5209 1147 5278; x_wconf 88' lang='lat' dir='ltr'>combenientia</span> <span class='ocrx_word' id='word_1_272' title='bbox 1170 5206 1306 5295; x_wconf 80' lang='lat' dir='ltr'>guadio</span> <span class='ocrx_word' id='word_1_273' title='bbox 1332 5205 1421 5272; x_wconf 90' lang='lat' dir='ltr'>mihi</span> <span class='ocrx_word' id='word_1_274' title='bbox 1445 5202 1621 5270; x_wconf 86' lang='lat' dir='ltr'>dederunt</span> <span class='ocrx_word' id='word_1_275' title='bbox 1646 5207 1681 5268; x_wconf 89' lang='lat' dir='ltr'>et</span> <span class='ocrx_word' id='word_1_276' title='bbox 1705 5222 1742 5268; x_wconf 85' lang='lat' dir='ltr'>so</span> <span class='ocrx_word' id='word_1_277' title='bbox 1770 5202 1858 5286; x_wconf 87' lang='lat' dir='ltr'>ipsis</span> <span class='ocrx_word' id='word_1_278' title='bbox 1884 5199 2069 5268; x_wconf 87' lang='lat' dir='ltr'>mediatori</span> <span class='ocrx_word' id='word_1_279' title='bbox 2096 5201 2185 5268; x_wconf 90' lang='lat' dir='ltr'>mihi</span> <span class='ocrx_word' id='word_1_280' title='bbox 2216 5207 2426 5288; x_wconf 82' lang='lat' dir='ltr'>posueruut3</span> <span class='ocrx_word' id='word_1_281' title='bbox 2488 5149 2493 5156; x_wconf 23' lang='grc' dir='ltr'>ι</span> 
     </span>
    </p>
   </div>
   <div class='ocr_carea' id='block_1_13' title="bbox 576 5355 2424 5450">
    <p class='ocr_par' dir='ltr' id='par_1_14' title="bbox 576 5355 2424 5450">
     <span class='ocr_line' id='line_1_29' title="bbox 576 5355 2424 5450; baseline -0.005 -21"><span class='ocrx_word' id='word_1_282' title='bbox 576 5369 612 5432; x_wconf 90' lang='lat' dir='ltr'>et</span> <span class='ocrx_word' id='word_1_283' title='bbox 637 5383 700 5450; x_wconf 90' lang='lat' dir='ltr'>per</span> <span class='ocrx_word' id='word_1_284' title='bbox 724 5363 803 5450; x_wconf 88' lang='lat' dir='ltr'>ipsa</span> <span class='ocrx_word' id='word_1_285' title='bbox 825 5361 959 5450; x_wconf 85' lang='lat' dir='ltr'>guadia</span> <span class='ocrx_word' id='word_1_286' title='bbox 983 5360 1237 5447; x_wconf 80' lang='lat' dir='ltr'>obligaverunt</span> <span class='ocrx_word' id='word_1_287' title='bbox 1259 5377 1296 5426; x_wconf 90' lang='lat' dir='ltr'>se</span> <span class='ocrx_word' id='word_1_288' title='bbox 1320 5365 1355 5426; x_wconf 92' lang='lat' dir='ltr'>et</span> <span class='ocrx_word' id='word_1_289' title='bbox 1378 5358 1452 5424; x_wconf 90' lang='lat' dir='ltr'>suis</span> <span class='ocrx_word' id='word_1_290' title='bbox 1476 5355 1664 5424; x_wconf 85' lang='lat' dir='ltr'>heredibus</span> <span class='ocrx_word' id='word_1_291' title='bbox 1689 5355 1812 5422; x_wconf 86' lang='lat' dir='ltr'>amodo</span> <span class='ocrx_word' id='word_1_292' title='bbox 1834 5359 1870 5422; x_wconf 87' lang='lat' dir='ltr'>et</span> <span class='ocrx_word' id='word_1_293' title='bbox 1902 5373 2011 5441; x_wconf 89' lang='lat' dir='ltr'>usquo</span> <span class='ocrx_word' id='word_1_294' title='bbox 2017 5402 2322 5421; x_wconf 92' lang='grc'><strong>...........</strong></span> <span class='ocrx_word' id='word_1_295' title='bbox 2347 5356 2424 5421; x_wconf 92' lang='lat' dir='ltr'>suis</span> 
     </span>
    </p>
   </div>
   <div class='ocr_carea' id='block_1_14' title="bbox 468 5507 2425 5598">
    <p class='ocr_par' dir='ltr' id='par_1_15' title="bbox 468 5507 2425 5598">
     <span class='ocr_line' id='line_1_30' title="bbox 468 5507 2425 5598; baseline -0.004 -14"><span class='ocrx_word' id='word_1_296' title='bbox 468 5546 471 5552; x_wconf 96' lang='lat'>·</span> <span class='ocrx_word' id='word_1_297' title='bbox 575 5515 767 5584; x_wconf 87' lang='lat' dir='ltr'>heredibus</span> <span class='ocrx_word' id='word_1_298' title='bbox 789 5519 825 5582; x_wconf 86' lang='lat' dir='ltr'>et</span> <span class='ocrx_word' id='word_1_299' title='bbox 848 5513 1021 5598; x_wconf 90' lang='lat' dir='ltr'>homines,</span> <span class='ocrx_word' id='word_1_300' title='bbox 1046 5511 1136 5597; x_wconf 92' lang='lat' dir='ltr'>quod</span> <span class='ocrx_word' id='word_1_301' title='bbox 1160 5511 1232 5577; x_wconf 94' lang='lat' dir='ltr'>illis</span> <span class='ocrx_word' id='word_1_302' title='bbox 1256 5509 1387 5578; x_wconf 88' lang='lat' dir='ltr'>ibidem</span> <span class='ocrx_word' id='word_1_303' title='bbox 1412 5509 1590 5595; x_wconf 88' lang='lat' dir='ltr'>miserint,</span> <span class='ocrx_word' id='word_1_304' title='bbox 1615 5507 1750 5576; x_wconf 88' lang='lat' dir='ltr'>eteius</span> <span class='ocrx_word' id='word_1_305' title='bbox 1782 5509 1959 5593; x_wconf 87' lang='lat' dir='ltr'>heredes,</span> <span class='ocrx_word' id='word_1_306' title='bbox 1986 5507 2149 5576; x_wconf 91' lang='lat' dir='ltr'>inolitum</span> <span class='ocrx_word' id='word_1_307' title='bbox 2174 5507 2256 5574; x_wconf 91' lang='lat' dir='ltr'>illut</span> <span class='ocrx_word' id='word_1_308' title='bbox 2279 5527 2342 5577; x_wconf 89' lang='lat' dir='ltr'>sue</span> <span class='ocrx_word' id='word_1_309' title='bbox 2365 5527 2425 5594; x_wconf 92' lang='lat' dir='ltr'>po-</span> 
     </span>
    </p>
   </div>
   <div class='ocr_carea' id='block_1_15' title="bbox 576 5659 2426 5748">
    <p class='ocr_par' dir='ltr' id='par_1_16' title="bbox 576 5659 2426 5748">
     <span class='ocr_line' id='line_1_31' title="bbox 576 5659 2426 5748; baseline -0.002 -16"><span class='ocrx_word' id='word_1_310' title='bbox 576 5667 719 5734; x_wconf 88' lang='lat' dir='ltr'>testatis</span> <span class='ocrx_word' id='word_1_311' title='bbox 742 5670 862 5733; x_wconf 87' lang='lat' dir='ltr'>tenere</span> <span class='ocrx_word' id='word_1_312' title='bbox 886 5668 921 5730; x_wconf 88' lang='lat' dir='ltr'>et</span> <span class='ocrx_word' id='word_1_313' title='bbox 944 5662 1140 5746; x_wconf 88' lang='lat' dir='ltr'>dominare,</span> <span class='ocrx_word' id='word_1_314' title='bbox 1157 5667 1193 5728; x_wconf 89' lang='lat' dir='ltr'>et</span> <span class='ocrx_word' id='word_1_315' title='bbox 1216 5661 1313 5728; x_wconf 84' lang='lat' dir='ltr'>fovee</span> <span class='ocrx_word' id='word_1_316' title='bbox 1336 5664 1371 5728; x_wconf 91' lang='lat' dir='ltr'>et</span> <span class='ocrx_word' id='word_1_317' title='bbox 1396 5663 1511 5728; x_wconf 91' lang='lat' dir='ltr'>omnis</span> <span class='ocrx_word' id='word_1_318' title='bbox 1535 5681 1596 5730; x_wconf 88' lang='lat' dir='ltr'>sue</span> <span class='ocrx_word' id='word_1_319' title='bbox 1620 5661 1791 5731; x_wconf 89' lang='lat' dir='ltr'>utilitatis</span> <span class='ocrx_word' id='word_1_320' title='bbox 1815 5661 1944 5728; x_wconf 87' lang='lat' dir='ltr'>ibidem</span> <span class='ocrx_word' id='word_1_321' title='bbox 1970 5661 2099 5748; x_wconf 86' lang='lat' dir='ltr'>facere,</span> <span class='ocrx_word' id='word_1_322' title='bbox 2124 5660 2283 5746; x_wconf 88' lang='lat' dir='ltr'>qualiter</span> <span class='ocrx_word' id='word_1_323' title='bbox 2306 5659 2426 5728; x_wconf 86' lang='lat' dir='ltr'>uolue-</span> 
     </span>
    </p>
   </div>
   <div class='ocr_carea' id='block_1_16' title="bbox 573 5811 2425 5899">
    <p class='ocr_par' dir='ltr' id='par_1_17' title="bbox 573 5811 2425 5899">
     <span class='ocr_line' id='line_1_32' title="bbox 573 5811 2425 5899; baseline -0.003 -16"><span class='ocrx_word' id='word_1_324' title='bbox 573 5816 650 5883; x_wconf 84' lang='lat' dir='ltr'>rint</span> <span class='ocrx_word' id='word_1_325' title='bbox 673 5814 768 5883; x_wconf 87' lang='lat' dir='ltr'>iusta</span> <span class='ocrx_word' id='word_1_326' title='bbox 792 5815 984 5898; x_wconf 87' lang='lat' dir='ltr'>rationem,</span> <span class='ocrx_word' id='word_1_327' title='bbox 1009 5817 1179 5880; x_wconf 82' lang='lat' dir='ltr'>ettotam</span> <span class='ocrx_word' id='word_1_328' title='bbox 1205 5811 1285 5879; x_wconf 93' lang='lat' dir='ltr'>illut</span> <span class='ocrx_word' id='word_1_329' title='bbox 1310 5832 1371 5898; x_wconf 93' lang='lat' dir='ltr'>per</span> <span class='ocrx_word' id='word_1_330' title='bbox 1395 5813 1595 5899; x_wconf 83' lang='lat' dir='ltr'>supradicto</span> <span class='ocrx_word' id='word_1_331' title='bbox 1620 5813 1701 5880; x_wconf 84' lang='lat' dir='ltr'>linis</span> <span class='ocrx_word' id='word_1_332' title='bbox 1719 5817 1754 5878; x_wconf 89' lang='lat' dir='ltr'>et</span> <span class='ocrx_word' id='word_1_333' title='bbox 1778 5813 1956 5880; x_wconf 89' lang='lat' dir='ltr'>mensurie</span> <span class='ocrx_word' id='word_1_334' title='bbox 1981 5819 2169 5899; x_wconf 77' lang='lat' dir='ltr'>pastoriam</span> <span class='ocrx_word' id='word_1_335' title='bbox 2175 5861 2305 5878; x_wconf 91' lang='grc'><strong>.....</strong></span> <span class='ocrx_word' id='word_1_336' title='bbox 2334 5813 2425 5878; x_wconf 92' lang='lat' dir='ltr'>bono</span> 
     </span>
    </p>
   </div>
   <div class='ocr_carea' id='block_1_17' title="bbox 0 0 2716 7102">
    <p class='ocr_par' dir='ltr' id='par_1_18' title="bbox 0 0 2716 7102">
     <span class='ocr_line' id='line_1_33' title="bbox 0 0 2716 7102; baseline 0 0"><span class='ocrx_word' id='word_1_337' title='bbox 0 0 2716 7102; x_wconf 95' lang='lat' dir='ltr'> </span> 
     </span>
    </p>
   </div>
  </div>
 </body>
</html>
