5466 7106
994 587 1445 667 DIPL⁰MATICUS

1095 1025 1337 1110 DCCCII.

1074 1289 1129 1366 A.
1157 1286 1208 1366 D.
1235 1285 1363 1369 1028.

341 1527 377 1669 †
402 1583 442 1648 In
465 1579 609 1650 nomine
631 1579 769 1652 domini
793 1579 979 1650 undecimo
998 1597 1096 1649 anno
1112 1580 1336 1668 principatus
1352 1579 1469 1649 domni
1488 1580 1602 1652 nostri
1624 1583 1806 1669 guaimari
1822 1583 1897 1652 filio
1912 1583 2032 1653 domni
2045 1589 2150 1674 guai-

295 1733 403 1822 mari,
423 1733 569 1822 gloriosi
586 1733 822 1821 principibus,
838 1749 960 1800 mense
975 1733 1132 1818 octuber,
1148 1729 1358 1800 duodecima
1375 1731 1580 1802 indictione.
1600 1735 1891 1805 Memoratorium
1906 1738 2043 1806 factum
2057 1758 2080 1810 a
2096 1759 2153 1810 me

299 1887 452 1957 domnus
475 1888 672 1958 musandus
695 1887 920 1957 venerandus
943 1887 1054 1957 abbas
1076 1886 1284 1956 monasterii
1310 1894 1433 1958 sancte
1456 1889 1554 1976 sono,
1570 1887 1634 1976 qui
1657 1889 1766 1958 sitnm
1789 1895 1842 1959 est
1866 1891 1965 1960 intus
1987 1911 2026 1962 ec
2051 1894 2151 1966 cibos

296 2042 453 2130 salerno,
479 2043 529 2108 Eo
552 2041 646 2128 quod
669 2045 753 2112 ante
776 2039 966 2127 subscripti
990 2043 1097 2108 testes
1120 2059 1182 2127 per
1206 2041 1473 2130 convenientia,
1490 2062 1563 2112 una
1580 2059 1717 2112 mecum
1734 2044 1872 2114 adesset
1894 2033 2154 2132 potrus'advo-

301 2199 405 2266 cator
428 2195 543 2282 ipsius
566 2193 777 2263 monasterii
803 2191 963 2278 tradidit,
989 2211 1055 2280 ego
1078 2194 1234 2264 rainaldi
1259 2193 1332 2262 illio
1354 2195 1535 2282 quondam
1550 2195 1713 2284 iohanni,
1732 2201 1768 2266 et
1782 2197 1950 2285 moraldi,
1968 2203 2004 2268 et
2020 2201 2155 2271 maioni

300 2347 466 2440 germani
491 2347 559 2416 filii
582 2347 758 2435 quondam
783 2347 949 2434 stephani
973 2346 1016 2415 de
1040 2348 1202 2424 nuceria,
1227 2346 1270 2415 de
1295 2366 1368 2417 una
1391 2349 1493 2435 pecia
1516 2347 1559 2417 de
1582 2352 1681 2446 terra
1704 2368 1786 2417 cum
1801 2350 1962 2420 arbustis
1977 2351 2020 2420 de
2037 2351 2155 2421 locum

303 2503 448 2574 lenzara
484 2503 523 2570 in
551 2503 670 2590 capite
692 2500 736 2570 do
759 2502 859 2569 curte
882 2499 1018 2568 maiore
1042 2497 1156 2586 ipsius
1178 2499 1387 2568 monasterii
1411 2501 1610 2588 propinquo
1633 2520 1717 2570 casa
1740 2501 1911 2591 illorum,
1935 2507 2048 2572 otest
2073 2504 2158 2576 illut

307 2658 401 2727 unde
424 2674 490 2745 ego
515 2655 673 2742 ipsorum
695 2652 845 2724 tradidit
867 2651 959 2740 quod
983 2650 1139 2738 pertinet
1163 2652 1274 2739 ipsius
1298 2651 1506 2722 monasterii
1530 2673 1553 2724 a
1576 2655 1755 2740 quondam
1777 2655 1933 2742 gualleri
1958 2655 2032 2726 filio
2048 2657 2151 2744 guai-

303 2809 388 2898 seri,
403 2809 466 2896 qui
484 2809 562 2896 ipso
576 2807 794 2876 monasterio
810 2805 1014 2874 construxit
1030 2823 1092 2892 per
1109 2823 1150 2874 as
1173 2805 1262 2873 fines
1284 2807 1318 2872 ct
1341 2821 1539 2873 mensuras:
1566 2805 1612 2872 ab
1636 2805 1773 2873 oriente
1796 2807 1868 2873 fine
1891 2807 1933 2874 do
1957 2807 2035 2893 ipsa
2059 2811 2160 2876 curte

304 2963 439 3032 maiore
463 2932 577 3049 ipsius
600 2957 825 3045 monasterii,
848 2961 884 3026 et
908 2956 990 3026 inde
1013 2956 1096 3027 abet
1119 2956 1270 3025 latitudo
1293 2959 1389 3044 passi
1415 2957 1568 3044 triginta
1583 2975 1660 3026 sex.
1688 2960 1733 3027 Et
1755 2977 1879 3045 apars
1894 2957 2161 3028 sebtemtrionis

304 3117 378 3188 fine
402 3117 517 3204 ipsius
540 3111 764 3200 monasterii,
787 3115 824 3182 et
847 3112 931 3182 inde
954 3113 1037 3182 abet
1059 3109 1154 3198 passi
1178 3106 1421 3197 qnadraginta
1445 3127 1556 3176 unum
1579 3113 1616 3178 et
1639 3109 1806 3178 medium.
1832 3109 2082 3180 Revolventem
2097 3129 2161 3197 per

303 3273 429 3344 eadem
455 3272 527 3340 linc
551 3269 665 3358 ipsius
689 3269 883 3337 monasteri
906 3267 946 3334 in
968 3283 1053 3352 pars
1075 3261 1239 3348 meridie,
1263 3265 1299 3332 et
1321 3260 1405 3350 inde
1428 3235 1512 3331 abet
1534 3279 1598 3350 per
1622 3262 1701 3350 ipsa
1724 3261 1861 3330 revolta
1884 3261 1981 3349 passi
2008 3265 2160 3331 sebtem.

307 3428 353 3496 Et
377 3425 509 3496 iterum
534 3380 774 3494 revolventem
798 3423 837 3489 in
861 3437 946 3506 pars
968 3415 1161 3487 occidentis
1184 3414 1350 3484 similiter
1374 3415 1446 3482 fine
1468 3412 1619 3500 predicti
1643 3411 1879 3500 monasterii,
1911 3415 1947 3482 et
1971 3411 2054 3482 inde
2078 3417 2164 3483 sunt

307 3579 491 3668 longitudo
514 3577 613 3665 passi
635 3575 829 3662 sexaginta
852 3571 1041 3659 quadtuor.
1074 3569 1120 3638 Et
1142 3587 1165 3636 a
1188 3585 1272 3654 pars
1294 3564 1488 3634 occidentis
1509 3565 1581 3632 fine
1603 3564 1726 3651 dubio,
1750 3564 1844 3632 unde
1868 3583 1965 3652 aqua
1987 3583 2050 3650 per
2075 3569 2165 3633 tem·

307 3750 392 3821 pore
415 3729 589 3816 decurrit,
612 3731 649 3797 et
672 3725 756 3794 indo
778 3726 861 3792 abet
884 3741 947 3810 per
972 3719 1124 3791 latitudo
1147 3718 1241 3806 passi
1265 3717 1430 3787 tridecim
1453 3721 1489 3786 et
1512 3717 1671 3804 palmum
1695 3734 1778 3784 uno.
1803 3717 1849 3786 Et
1871 3736 1894 3786 a
1917 3717 2068 3784 meridie
2091 3716 2166 3786 flne

306 3885 423 3975 ipsius
445 3879 671 3969 monasterii,
695 3882 731 3950 et
755 3878 838 3947 inde
860 3877 946 3944 sunt
969 3871 1155 3962 longitudo
1178 3870 1274 3960 passi
1297 3871 1491 3958 sexaginta
1507 3871 1642 3942 sebtem
1657 3873 1693 3939 et
1708 3869 1838 3956 gubita
1854 3868 1941 3954 tria,
1956 3871 1993 3936 et
2009 3870 2055 3937 ab
2073 3867 2158 3938 inde

307 4038 551 4109 revolventem
575 4035 615 4104 in
638 4035 716 4123 ipsa
740 4049 823 4122 pars
845 4026 995 4099 meridie
1017 4045 1081 4115 per
1104 4025 1229 4095 eadem
1251 4024 1323 4092 fine
1346 4023 1458 4111 ipsius
1479 4019 1688 4092 monasterii
1705 4018 1832 4108 nostri,
1850 4019 1985 4090 atinde
2002 4025 2167 4110 suntpe'r

310 4196 389 4286 ipsa
404 4194 542 4266 revolta
557 4193 653 4283 passi
669 4189 790 4260 decem
805 4192 842 4257 et
863 4191 941 4256 octo
962 4185 1081 4254 minus
1104 4200 1176 4250 uno
1198 4179 1333 4269 gubito.
1351 4181 1397 4248 Et
1419 4179 1552 4248 iterum
1575 4178 1621 4246 ab
1644 4176 1726 4244 inde
1750 4173 1989 4246 revolventem
2014 4176 2054 4245 in
2078 4197 2166 4266 pars

307 4351 457 4420 orientis
480 4347 649 4418 similiter
671 4363 736 4434 por
760 4343 884 4414 eadem
908 4341 980 4409 fine
1003 4336 1115 4425 ipsius
1138 4333 1374 4422 monasterii,
1398 4337 1434 4401 et
1459 4330 1542 4400 inde
1566 4334 1651 4400 sunt
1673 4347 1784 4417 usque
1808 4330 1886 4417 ipsa
1916 4329 2040 4416 priora
2070 4333 2161 4404 fines

310 4503 407 4595 passi
429 4501 586 4589 triginta
608 4499 698 4586 duo,
723 4498 838 4566 totum
862 4491 908 4564 ad
931 4490 1023 4559 iusto
1047 4505 1190 4576 passum
1212 4483 1328 4553 omini
1347 4485 1400 4552 est
1425 4485 1682 4551 mensuratum.
1708 4482 1758 4550 Ec
1783 4499 1866 4550 voro
1890 4481 1933 4550 de
1956 4482 2166 4570 supradicta

307 4659 410 4748 pocia
432 4657 476 4726 de
498 4659 613 4741 terra,
637 4651 732 4740 quod
754 4644 911 4737 pertinet
935 4643 1048 4730 ipsius
1071 4636 1265 4708 monasteri
1289 4655 1353 4723 per
1377 4631 1584 4723 supradicte
1607 4632 1690 4700 finis
1710 4631 1950 4710 etmensurie,
1969 4631 2065 4701 sicut
2088 4633 2167 4704 dic·

313 4817 390 4880 tum
405 4815 475 4899 est,
494 4810 578 4880 illut
593 4825 659 4896 ego
673 4805 832 4892 ipsorum
855 4795 1011 4868 rainaldi
1035 4798 1071 4864 et
1094 4791 1246 4863 maraldi
1270 4795 1306 4862 et
1328 4787 1463 4860 maioni
1487 4786 1650 4858 tradidit.
1674 4787 1714 4852 In
1737 4803 1777 4852 oc
1792 4785 1967 4872 ordinem,
1982 4788 2023 4854 ut
2039 4787 2166 4860 amodo

308 4971 346 5036 et
375 4983 513 5054 semper
536 4967 612 5034 tota
634 4963 671 5029 et
694 4957 822 5028 inclita
845 4952 1051 5043 supradicta
1075 4947 1244 5018 tradictio
1267 4944 1314 5014 ad
1337 4943 1480 5012 illorum
1504 4945 1539 5010 et
1562 4939 1605 5010 de
1629 4939 1704 5008 suis
1726 4937 1889 5008 eredibus
1913 4937 1986 5009 sint
2014 4943 2168 5028 potesta·

308 5121 356 5190 tis
379 5114 574 5187 tenendum
598 5121 635 5182 et
657 5107 927 5193 dominandum,
950 5109 986 5174 et
1008 5103 1106 5171 sobee
1129 5103 1165 5168 et
1188 5096 1304 5166 omnis
1328 5113 1389 5162 sue
1412 5091 1584 5161 utilitatis
1607 5090 1704 5160 iusta
1727 5087 1903 5159 rationem
1929 5089 2002 5158 illis
2027 5091 2163 5163 ibidem

311 5269 467 5356 faciant,
491 5269 528 5337 et
552 5269 628 5334 tota
651 5259 858 5348 supradicta
881 5252 1060 5342 tradicti0,
1083 5269 1152 5340 qne
1174 5253 1229 5320 est
1246 5253 1345 5318 terra
1368 5264 1450 5314 cum
1474 5241 1629 5314 arbustis
1652 5242 1789 5330 vitatis,
1813 5261 1876 5330 per
1900 5243 2015 5312 omnis
2029 5263 2167 5316 annum

309 5423 395 5492 abto
429 5424 587 5506 tempore
622 5415 665 5484 de
690 5430 797 5500 super
820 5409 920 5478 etde
944 5409 1068 5476 subtus
1092 5402 1164 5471 illis
1188 5401 1393 5472 lavorarent
1416 5401 1452 5468 et
1474 5399 1664 5484 operarent
1686 5398 1722 5464 et
1744 5394 1924 5463 cultarent
1946 5413 2106 5484 vonum,
2130 5402 2167 5468 et
2192 5371 2198 5382 ’

286 5553 292 5563 ’
314 5573 375 5641 ubi
399 5568 589 5658 meruerit,
612 5568 757 5638 arbores
780 5567 816 5632 et
837 5560 927 5630 vites
943 5557 1081 5636 ,ibidem
1103 5555 1325 5643 plantarent,
1342 5553 1377 5618 et
1392 5548 1637 5636 pastenarent,
1656 5547 1692 5613 et
1708 5545 2006 5632 propaginarent,
2032 5550 2069 5616 et
2092 5551 2169 5618 stu.
2301 5531 2303 5540 ’

314 5725 463 5795 diarent
486 5727 523 5794 et
545 5723 697 5808 surgant
719 5717 812 5804 illut,
835 5714 928 5782 siout
950 5709 1137 5796 meruerit,
1164 5723 1294 5774 vonum
1318 5719 1394 5772 esse
1418 5703 1603 5782 arbustum
1627 5699 1666 5766 in
1690 5696 1766 5785 ipso
1790 5697 1918 5785 locum,
1943 5701 1983 5767 ut
2007 5719 2070 5787 per
2094 5693 2168 5770 orn·

317 5880 376 5948 nis
390 5896 525 5951 annum
539 5874 735 5965 perlectum
752 5871 879 5960 pareat
891 5867 1074 5954 operatum
1086 5863 1122 5932 et
1133 5860 1307 5930 cultatum
1319 5855 1362 5926 de
1385 5872 1491 5943 super
1516 5857 1552 5922 et
1574 5853 1617 5921 de
1633 5852 1759 5920 subtus
1783 5852 1859 5920 tota
1882 5851 1960 5939 ipsa
1976 5851 2162 5946 tradictio,
