5466 7106
1046 549 1451 633 nreuoulrrous
2032 535 2097 632 ric

258 772 264 778 ’
298 783 449 868 preter,
481 781 512 847 si
547 797 611 847 nos
640 783 703 848 aut
725 779 858 848 nostris
880 779 1045 849 eredibus
1068 780 1146 867 ipsa
1170 785 1294 852 nostra
1318 783 1475 853 sortione
1499 784 1542 854 de
1565 783 1643 872 ipsa
1666 787 1773 853 rebus
1797 783 1929 853 datura
1952 787 2015 854 aut
2038 783 2155 854 vindi-

298 935 385 1002 tura
409 932 616 1003 abuerimus
637 931 750 1020 ipsius
771 932 847 1002 ursi
871 933 928 1002 vel
950 934 997 1005 ad
1019 931 1096 1002 eius
1111 934 1244 1022 eredes,
1263 933 1345 1003 illut
1362 935 1617 1006 venumdemus
1641 935 1686 1005 ad
1709 935 1802 1004 iusto
1825 934 1994 1025 pretium,
2014 955 2085 1025 que
2101 935 2156 1004 iu-

302 1091 360 1157 ste
383 1087 643 1184 adprobatum,
667 1091 703 1158 et
726 1089 900 1159 iaciamus
923 1087 1006 1157 inde
1030 1087 1103 1158 illis
1126 1087 1219 1156 scire
1242 1104 1305 1175 per
1329 1087 1435 1157 tertio
1456 1088 1689 1157 constitutum
1712 1107 1823 1176 usque
1846 1089 1971 1160 diebus
2001 1087 2156 1177 triginta

302 1259 396 1311 sex:
421 1245 459 1310 et
480 1243 511 1310 si
535 1261 600 1330 per
622 1243 702 1330 ipsa
723 1243 916 1312 constituta
937 1241 1096 1312 noluerit
1118 1239 1200 1310 illut
1222 1259 1340 1311 emere
1363 1241 1409 1312 ad
1433 1241 1525 1312 iusto
1548 1243 1731 1331 pretinm,
1760 1249 1847 1314 tunc
1873 1249 1952 1334 post
1976 1245 2054 1332 ipsa
2076 1263 2159 1315 con-

302 1395 439 1466 stituta
463 1395 571 1466 liceat
592 1411 657 1462 nos
680 1393 762 1464 illut
783 1395 869 1466 dare
892 1397 952 1465 cui
973 1394 1215 1481 boluerimus;
1237 1411 1323 1464 nam
1346 1394 1380 1462 si
1403 1397 1489 1466 ante
1512 1395 1591 1482 ipsa
1624 1397 1817 1467 constituta
1850 1378 2051 1485 cuicunque
2078 1399 2159 1468 illut

301 1547 513 1620 dederimus
536 1549 670 1634 absque
693 1545 837 1614 illorum
860 1546 1060 1634 solutione,
1085 1551 1125 1615 ut
1146 1546 1190 1616 de
1213 1549 1337 1615 nostra
1358 1549 1569 1634 potestatem
1592 1567 1658 1618 exe
1681 1551 1947 1638 substractum,
1970 1555 2056 1619 tunc
2081 1551 2159 1620 sinc

309 1699 469 1787 pretium
505 1697 720 1786 perveniant
751 1697 797 1767 ad
831 1696 974 1764 illorum
1005 1699 1227 1783 potestatem.
1252 1698 1296 1766 de
1320 1717 1393 1784 qua
1415 1719 1478 1786 per
1502 1703 1595 1772 bona
1617 1701 1880 1771 combenientia
1902 1701 2036 1790 guadia
2059 1705 2161 1772 nobis

308 1851 386 1938 ipse
412 1868 499 1918 ursu
523 1848 634 1936 dedit,
656 1852 693 1917 et
716 1847 947 1918 mediatorem
970 1845 1073 1915 nobis
1095 1847 1213 1934 posuit
1236 1865 1359 1918 manso
1382 1849 1479 1919 filius
1501 1851 1649 1921 iohanni
1673 1851 1923 1940 ingeniosum;
1947 1859 1983 1921 et
2005 1872 2068 1941 per
2085 1855 2161 1942 ipsa

309 2002 446 2089 guadia
468 2006 533 2072 cto.
560 1977 710 2071 statuta
731 2003 866 2069 mulcta
887 1999 1128 2086 61916ιί6661
1158 2000 1352 2070 solidorum
1381 2003 1621 2074 Constantini.
1654 2005 1700 2074 Et
1730 2007 1824 2074 hunc
1858 2006 2001 2074 brebem
2035 2008 2164 2096 scripsi

304 2173 374 2242 ego
399 2155 575 2226 iohannes
597 2153 770 2224 notarius.

320 2375 325 2386 ,
361 2279 393 2396 †
416 2309 493 2395 Ego
516 2305 676 2376 ademari
698 2325 754 2375 me
777 2304 970 2394 subscripsi

358 2432 389 2551 †
416 2462 492 2550 Ego
515 2465 639 2550 petrus
661 2459 823 2530 notarius
846 2479 903 2530 me
926 2459 1129 2547 subscripsi.

1041 3007 1426 3090 DCCLXXXI.

1088 3271 1220 3370 an.
1249 3268 1376 3350 1026,

358 3489 394 3628 †
419 3540 460 3605 ln
484 3537 630 3605 nomine
651 3533 786 3603 domini
810 3532 991 3602 tricesimo
1013 3532 1137 3600 octabo
1154 3545 1248 3598 anno
1265 3527 1489 3615 principatus
1505 3527 1624 3596 domni
1642 3529 1754 3596 nostri
1769 3528 1969 3617 Guaimari,
1986 3532 2030 3598 Et
2045 3535 2169 3602 notabo

310 3709 409 3763 anno
431 3689 659 3778 principatus
683 3687 801 3758 domni
828 3685 1026 3774 guaimarii
1050 3686 1129 3752 eius
1152 3681 1220 3750 filii
1236 3681 1381 3769 gloriosi
1410 3679 1646 3768 principibus,
1670 3697 1791 3749 mense
1815 3681 1971 3770 magius,
1995 3700 2091 3752 nona
2114 3683 2169 3750 in-

312 3845 480 3916 dictione.
506 3843 796 3913 Memoratorium
819 3843 916 3940 lactu
940 3859 963 3908 a
986 3857 1042 3906 me
1065 3838 1161 3906 maio
1184 3834 1360 3922 presbiter
1391 3837 1428 3901 et
1456 3834 1567 3902 abbas
1599 3829 1748 3902 ecclesie
1772 3836 1889 3903 sancti
1914 3835 2090 3922 maximi,
2120 3839 2169 3906 llo

316 4000 411 4089 quod
436 4001 523 4069 ante
546 3997 738 4084 subscripti
762 3993 911 4080 ydoneis
933 3989 1137 4058 hominibus
1163 3988 1373 4056 coniunctus
1405 4005 1484 4054 sum
1519 4005 1601 4054 cum
1635 3987 1790 4056 iohanne
1825 3989 2066 4075 granianense
2096 3991 2170 4060 filio

312 4153 459 4224 mastali
483 4156 520 4221 et
542 4155 721 4220 ostensum
745 4151 799 4217 est
823 4165 885 4233 per
910 4144 1012 4215 illum
1033 4161 1145 4211 unum
1169 4143 1313 4209 brebem
1336 4141 1576 4210 continentem
1591 4140 1635 4209 de
1651 4141 1818 4208 vicesimo
1840 4157 1934 4209 nono
1957 4160 2053 4211 anno
2068 4141 2170 4231 prin-

315 4313 456 4398 cipatus
472 4309 594 4380 domni
610 4305 725 4374 nostri
741 4301 935 4392 guaimarii
952 4305 988 4370 ct
1002 4299 1109 4369 tertio
1125 4315 1219 4368 anno
1234 4296 1459 4383 principatus
1482 4295 1601 4364 domni
1626 4296 1776 4365 iohanni
1793 4298 1871 4365 eius
1887 4298 1973 4384 filio,
1991 4299 2034 4367 de
2050 4319 2170 4370 mense

314 4467 507 4537 ianuarius
530 4463 650 4551 prima
673 4458 892 4541 indictione,
919 4456 954 4522 et
984 4451 1139 4538 qualiter
1169 4467 1234 4536 ego
1264 4449 1470 4518 nominatus
1502 4451 1612 4518 abbas
1643 4450 1677 4516 ei
1702 4450 1922 4519 tradideram
1947 4450 2075 4521 inclita
2098 4471 2171 4522 me-

314 4617 453 4703 dietate
476 4613 521 4682 de
543 4616 645 4682 curte
668 4610 910 4698 pertinentem
931 4603 1044 4691 ipsius
1067 4601 1238 4672 aecclesie
1261 4599 1354 4687 quod
1376 4601 1459 4669 abet
1482 4599 1522 4666 in
1545 4599 1661 4668 locum
1677 4619 1806 4688 angre,
1824 4601 2047 4689 ubi-proprio
2070 4622 2171 4673 casa-

314 4773 449 4844 mabile
472 4769 621 4855 dicitur,
645 4770 729 4837 actu
753 4762 913 4848 nucerie,
937 4759 1034 4828 inira
1057 4777 1097 4827 as
1120 4759 1209 4825 fines
1232 4759 1268 4824 et
1291 4747 1496 4822 mensuras)
1516 4755 1547 4820 A
1570 4771 1655 4840 pars
1671 4753 1820 4822 orientis
1844 4754 1916 4823 fine
1932 4754 2043 4841 ipsius
2061 4757 2171 4826 eccle-

315 4927 368 4998 sie
392 4927 487 4995 unde
510 4923 570 4995 bia
593 4922 676 5010 suit,
693 4921 776 4990 inde
798 4915 893 5006 passi
918 4911 1285 5000 centum-nonaginta
1314 4906 1490 4995 quadtuor
1520 4925 1632 4993 usque
1664 4906 1724 4974 bia
1756 4908 1948 4994 quemodo
1972 4910 2170 5000 scandat,

316 5086 354 5152 et
377 5100 441 5169 per
465 5081 545 5167 ipsa
568 5078 630 5148 bia
652 5076 795 5146 abiente
826 5073 866 5139 in
888 5087 973 5158 pars
1005 5065 1155 5135 meridie
1178 5079 1288 5150 usque
1310 5060 1384 5130 alia
1407 5062 1466 5129 bia
1490 5059 1635 5148 publica
1660 5059 1792 5130 maiore
1807 5103 1826 5149 ‚=
1850 5065 1934 5130 sunt
1961 5063 2044 5132 inde
2076 5067 2170 5152 passi

255 5317 257 5320 ¹
316 5230 753 5322 quadragintaquinque:
780 5229 810 5294 A
834 5226 937 5313 parte
961 5218 1109 5290 meridie
1133 5219 1206 5302 fine
1230 5213 1308 5303 ipsa
1331 5213 1392 5282 bia
1416 5211 1559 5300 publica
1581 5213 1717 5282 maiore
1739 5233 1808 5299 que
1831 5213 1965 5282 dicitur
1989 5219 2189 5307 stabianus

316 5392 404 5458 surit
429 5385 514 5456 inde
537 5382 635 5471 passi
658 5383 801 5450 centum
825 5373 1130 5465 quadtuordecim:
1155 5375 1186 5439 A
1201 5375 1305 5458 parte
1322 5367 1516 5436 occidentis
1539 5371 1677 5436 rectum
1700 5369 1898 5436 mensurati
1921 5370 2016 5455 passi
2032 5373 2174 5458 septua-

312 5543 423 5631 ginta
446 5557 584 5625 unum,
616 5540 653 5606 et
681 5529 811 5604 abinde
835 5528 1039 5599 rebolbente
1063 5527 1102 5594 in
1126 5527 1205 5612 ipsa
1228 5527 1331 5611 parte
1355 5519 1549 5590 occidentis
1571 5523 1735 5606 rectum,
1766 5524 1802 5588 et
1824 5521 1979 5590 exiente*
1993 5531 2104 5611 usque
2127 5529 2175 5596 ad

315 5697 387 5768 fine
411 5695 456 5763 de
479 5691 629 5763 heredes
653 5687 773 5758 domni
797 5682 1018 5773 radelghisi,
1050 5685 1134 5748 sunt
1161 5678 1243 5748 inde
1266 5679 1362 5767 passi
1385 5672 1588 5762 nonaginta
1611 5672 1790 5760 quadtuor
1805 5723 1815 5762 ,
1829 5711 1831 5715 ·
1846 5680 1883 5743 et
1910 5676 2040 5746 abinde
2053 5659 2191 5748 ¹-rebol.2¹

319 5852 425 5921 bente
452 5846 493 5916 in
515 5857 600 5934 pars
623 5837 887 5931 septemtrionis
914 5835 1041 5904 contra
1070 5833 1150 5919 ipsa
1176 5831 1305 5920 padule
1333 5829 1416 5899 inde
1444 5827 1541 5918 passi
1566 5827 1778 5915 octuaginta
1807 5827 2007 5915 quadtuor:
2036 5833 2067 5899 Α
2090 5839 2175 5920 pars
