5422 7102
1015 546 1422 622 lllPLO-MATICUS
2024 549 2091 621 193

289 773 337 842 da
363 771 401 840 lu
416 769 595 840 boletablu
611 787 675 857 per
698 770 893 840 mensuria:
920 791 942 841 a
966 772 1229 860 septemtrionis
1250 777 1335 840 sunt
1357 776 1453 860 passi
1477 775 1621 862 biginti:
1637 795 1662 845 a
1684 773 1832 844 meridie
1849 775 1921 841 flue
1938 774 2031 861 petri
2054 791 2135 861 ger-

293 944 401 996 mano
428 942 514 993 suo:
540 925 587 993 ab
609 923 805 994 occidentis
828 929 913 995 sunt
937 925 1087 996 latitudo
1111 927 1207 1014 passi
1230 927 1294 997 alii
1317 928 1462 1015 biginti:
1487 929 1566 1014 ipsa
1587 929 1690 1015 pecia
1712 946 1775 1016 per
1801 929 1878 1014 ipsa
1892 925 2076 996 mensoria
2094 927 2133 992 in

298 1079 393 1145 sorte
417 1076 529 1162 ipsius
552 1075 683 1143 sellicti
707 1075 926 1164 tradiderad,
950 1081 986 1146 ct
1009 1078 1215 1149 tradiderad
1239 1079 1278 1148 in
1302 1086 1396 1150 sorte
1425 1101 1490 1151 sua
1514 1081 1614 1151 illam
1639 1082 1741 1169 pecia
1776 1101 1859 1151 cum
1879 1057 2079 1150 'insetitum
2103 1085 2138 1149 et

293 1231 551 1301 abellanietum
578 1247 650 1298 uno
673 1233 833 1299 teniente
856 1231 949 1319 illut,
965 1233 1027 1318 qui
1043 1233 1175 1302 dicitur
1198 1231 1245 1302 da
1267 1233 1501 1322 grimoaldus,
1518 1254 1582 1322 per
1598 1233 1750 1304 latitudo
1766 1234 1805 1301 in
1822 1253 1893 1303 uno
1909 1235 2026 1322 capite
2041 1238 2139 1322 passi

291 1392 365 1454 tres
389 1386 487 1453 etin
511 1385 584 1454 alio
607 1386 724 1472 capite
747 1387 842 1471 passi
867 1385 950 1475 duo,
974 1389 1010 1454 et
1026 1389 1080 1454 est
1103 1386 1287 1476 longitudo
1309 1387 1355 1455 da
1379 1385 1449 1456 fine
1473 1386 1515 1454 de
1539 1388 1761 1454 consortibus
1783 1387 1926 1455 illorum
1950 1406 2061 1474 usque
2078 1389 2140 1456 bia

292 1537 395 1605 caba:
421 1541 457 1604 et
480 1535 552 1605 illis
575 1543 890 1627 compreenserunt
911 1539 983 1609 alio
1005 1541 1148 1607 tantum
1173 1536 1340 1604 sortionis
1364 1554 1427 1604 sue
1449 1537 1583 1622 ibique*
1598 1537 1837 1624 coniuntum,
1861 1541 1897 1605 et
1930 1537 2140 1608 tradiderad

298 1693 336 1759 in
359 1697 452 1762 sorte
476 1693 522 1762 ab
545 1693 621 1779 ipso
644 1693 804 1762 sellictus
827 1699 863 1762 et
885 1700 1009 1782 petrus
1032 1696 1106 1764 alia
1129 1693 1266 1782 pociolo
1289 1713 1370 1762 cum
1387 1693 1588 1762 insirtitum
1604 1711 1667 1782 per
1691 1695 1786 1761 finis:
1803 1693 1846 1762 de
1863 1712 1936 1762 una
1951 1697 2055 1780 parte
2071 1695 2142 1762 fine

293 1845 411 1916 sancti
437 1847 602 1914 iohanni:
638 1848 681 1916 de
706 1866 776 1916 uno
800 1867 892 1936 capu
915 1848 986 1916 dne
1009 1847 1089 1933 ripa
1111 1847 1154 1914 de
1177 1845 1331 1914 ballone:
1356 1845 1399 1914 de
1422 1846 1493 1915 alio
1515 1847 1593 1914 latu
1627 1847 1698 1915 tine
1733 1847 1911 1916 benedicti
1935 1846 2145 1934 presbiteri:

295 1999 337 2068 de
359 2017 431 2067 uno
454 2019 546 2086 capu
569 2001 638 2068 tine
662 2001 705 2069 de
728 1999 901 2070 musando
924 1999 1150 2070 consortibus
1175 1998 1330 2085 illorum3
1354 2017 1417 2084 per
1441 1999 1515 2086 ipse
1538 1997 1622 2066 finis
1648 1998 1718 2086 ipsi
1735 1999 1899 2087 germani
1914 2017 2148 2086 conpreense-

297 2157 383 2220 runt
407 2153 446 2219 in
470 2157 564 2220 sorte
587 2173 666 2240 sua,
690 2157 726 2221 et
749 2155 825 2240 ipse
848 2153 986 2220 cicerus
1009 2121 1244 2239 compreensit
1268 2151 1395 2220 inclita
1418 2151 1573 2219 sortione
1597 2151 1741 2218 illorum
1766 2151 1810 2220 de
1835 2170 1910 2221 una
1940 2153 2041 2240 pecie
2068 2173 2149 2222 cum

294 2306 501 2374 castanietu
525 2305 616 2392 quod
640 2323 826 2376 commune
849 2307 1026 2375 abuerunt
1049 2323 1131 2373 cum
1154 2303 1374 2372 consortibus
1398 2302 1553 2390 illorum,
1579 2306 1695 2389 soepto
1712 2303 1787 2390 ipso
1811 2305 2030 2374 rubulietum
2057 2307 2149 2392 quod

295 2461 378 2528 abet
404 2461 442 2526 in
466 2459 585 2546 capite
608 2459 650 2528 de
675 2461 753 2546 ipsa
776 2459 878 2546 pecta
901 2476 1009 2544 super
1034 2458 1109 2544 ipso
1131 2457 1273 2526 ballone
1296 2457 1389 2543 quod
1412 2476 1598 2526 commune
1623 2461 1900 2529 reserbaverunt
1924 2462 2020 2528 inter
2056 2461 2145 2549 illis,

294 2612 474 2681 abendum
499 2611 596 2678 omni
618 2615 788 2698 tempore,
812 2613 889 2679 tota
911 2610 1117 2697 supradicta
1140 2611 1324 2679 mensuria
1347 2610 1392 2680 ad
1408 2609 1501 2678 iusto
1517 2629 1661 2698 passum
1676 2612 1833 2680 hominis
1848 2617 1901 2681 est
1924 2617 2145 2683 mensurata:

298 2763 423 2831 inclite
447 2761 653 2850 supradicte
676 2765 776 2848 pecie
799 2765 1002 2829 mensurate
1024 2762 1201 2830 tenuerad
1225 2761 1299 2849 ipse
1322 2762 1482 2832 sellictus
1504 2783 1568 2850 per
1593 2765 1710 2853 ipsum
1734 2767 1879 2833 brebem
1895 2763 2098 2853 divisionis,
2114 2770 2151 2834 et

295 2919 573 2986 reservaberunt
596 2915 634 2982 in
657 2917 893 2984 communiter
918 2915 956 2981 in
979 2915 1173 3002 montibus,
1196 2919 1232 2982 et
1248 2919 1506 3002 septuaberunt
1529 2897 1707 3003 quadtuor
1731 2918 1830 3005 pecie
1854 2918 1896 2985 de
1919 2921 2028 2988 terris
2051 2919 2147 3006 quod

301 3067 584 3136 beuumdcderad
608 3068 745 3146 cicerus
768 3067 929 3152 genitore
952 3083 1038 3132 suo:
1064 3065 1236 3153 scriptum
1257 3067 1374 3153 ipsum
1398 3070 1543 3136 brebem
1558 3057 1746 3136 divisionis
1763 3087 1825 3154 per
1842 3086 1954 3138 manu
1969 3068 2142 3139 romoaldi

297 3221 444 3308 notarii,
466 3225 502 3289 ot
517 3219 645 3288 ibidem
669 3219 802 3307 scripto
824 3219 1020 3289 ademmari
1044 3219 1184 3289 notario
1207 3223 1244 3287 et
1266 3219 1419 3287 odelfrit.
1445 3219 1545 3288 Unde
1570 3220 1696 3307 etipse
1712 3219 1872 3287 sellictus
1887 3222 2059 3307 querebat
2075 3221 2144 3290 tol·

155 3413 158 3420 ·
299 3375 372 3442 lere
395 3374 552 3442 sortione
575 3374 620 3443 de
643 3392 717 3441 una
740 3372 877 3459 peciola
899 3373 942 3441 de
964 3376 1065 3442 terra
1087 3373 1285 3460 propinquo
1308 3390 1392 3441 oasa
1416 3371 1642 3459 machenolfi,
1667 3373 1760 3459 quod
1783 3372 1924 3442 dicebat
1946 3375 1986 3443 in
2003 3373 2144 3444 vicaria

297 3526 472 3595 tenuisset
490 3527 536 3594 da
560 3527 742 3596 masciano
765 3530 801 3594 et
825 3526 958 3594 ibidem
982 3527 1173 3594 sortionem
1198 3528 1335 3611 aberet,
1360 3523 1453 3592 unde
1478 3523 1553 3610 ipse
1575 3524 1818 3593 machenollus
1841 3524 1936 3594 dixit
1971 3545 2035 3612 pro
2067 3545 2142 3593 sor-

296 3681 398 3748 tione
423 3679 535 3768 ipsius
559 3678 688 3747 sellicti
711 3680 830 3747 tenuit
853 3679 950 3748 inira
972 3681 1052 3766 ipsa
1074 3678 1269 3766 mensuria‚
1285 3678 1348 3745 ubi
1364 3679 1440 3764 ipse
1462 3677 1620 3746 sellictus
1643 3683 1695 3746 est
1717 3679 1908 3748 residente.
1934 3679 2032 3748 Infra
2056 3682 2139 3766 ipsa

301 3833 485 3902 mensuria
509 3831 599 3918 quod
623 3831 702 3918 ipsu
725 3833 868 3898 brebem
892 3830 1066 3917 continet,
1090 3833 1126 3898 et
1148 3830 1448 3920 mensurabimus,
1474 3837 1509 3900 et
1531 3832 1632 3900 abuit
1654 3837 1691 3900 et
1725 3834 1842 3901 tenuit
1868 3835 1943 3920 ipse
1978 3833 2139 3904 sellictus

299 3988 431 4056 ibidem
455 3988 551 4057 intra
574 3991 653 4074 ipsa
676 3988 887 4074 mensuria‚
911 3991 1084 4073 quantum
1107 4004 1170 4072 per
1193 3987 1272 4074 lege
1294 3985 1417 4054 debuit
1452 3985 1535 4055 inde
1566 3985 1711 4056 ebenire
1746 3985 1789 4054 de
1820 3988 1897 4073 ipsa
1927 3987 2066 4074 peciola
2097 3989 2146 4058 da

295 4141 505 4229 masciano,
530 4143 623 4209 unde
647 4144 731 4210 aute
754 4141 897 4226 mequi
920 4159 1029 4226 supra
1053 4139 1234 4210 castaldus
1256 4141 1467 4209 ortaberunt
1491 4142 1587 4209 inter
1618 4158 1655 4208 se
1685 4156 1777 4209 vona
1810 4143 2071 4212 combenientia
2110 4146 2146 4211 et

295 4314 358 4381 per
370 4273 490 4382 partes
501 4293 838 4378 manifestaberunt,
856 4295 910 4375 ut,
925 4289 1080 4378 qualiter
1095 4291 1169 4378 ipse
1184 4292 1365 4360 monimen
1380 4293 1556 4378 continet,
1572 4293 1696 4363 taliter
1714 4292 1796 4360 illut
1812 4310 1875 4380 per
1893 4297 2015 4380 partes
2027 4297 2143 4365 abere

293 4450 330 4514 et
352 4445 531 4534 possidere
555 4465 664 4532 asque
688 4463 781 4513 unus
804 4443 954 4512 alterius
978 4443 1256 4532 contrarietate,
1280 4444 1415 4532 etipse
1438 4445 1596 4514 sellictus
1618 4447 1861 4516 manifestabit
1883 4447 1927 4515 de
1962 4446 2041 4534 ipsa
2076 4445 2143 4540 pess'

295 4599 388 4671 ciola
406 4599 452 4670 da
467 4599 660 4685 masciano,
678 4603 718 4666 ut
733 4598 835 4667 nulla
851 4597 933 4666 iude
949 4595 1145 4684 aliquando
1159 4599 1316 4684 tempore
1331 4615 1484 4684 querere
1499 4597 1665 4686 sortione,
1683 4601 1719 4667 et
1741 4598 1817 4686 ipse
1840 4567 2085 4668 machenelfus
2104 4595 2142 4668 se'

295 4753 550 4840 manifestabit,
574 4756 615 4820 ut
637 4751 738 4820 nulla
760 4751 844 4820 inde
867 4754 1023 4837 querant
1044 4749 1168 4819 tollere
1191 4748 1346 4817 sortione
1372 4795 1564 4817 ......
1590 4749 1682 4836 quod
1704 4749 1806 4817 modo
1828 4753 1926 4820 tenet
1949 4753 2025 4838 ipse
2049 4751 2146 4820 selli-

295 4905 373 4970 ctus
396 4903 495 4969 intus
519 4904 598 4989 ipsa
621 4899 807 4970 mensuria
830 4899 924 4987 quod
947 4899 1156 4967 inbenimus
1180 4918 1286 4986 super
1310 4899 1389 4986 ipsa
1411 4899 1610 4988 mensuria‚
1636 4865 1733 4970 unde¹
1755 4901 1852 4969 inter
1885 4919 1922 4970 se
1955 4920 2019 4989 per
2050 4919 2143 4972 vona

295 5052 559 5124 combenientia
581 5054 717 5143 guadia
739 5053 914 5122 dederunt
937 5056 973 5121 et
994 5052 1228 5121 mediatorem
1252 5053 1347 5121 inter
1370 5071 1408 5120 se
1431 5058 1640 5140 posuerunt:
1659 5056 1735 5142 ipse
1757 5055 2002 5124 machenolfus
2021 5055 2143 5142 posuit

295 5208 489 5278 mediatore
512 5209 626 5297 ipsius
649 5207 778 5277 sellicti
802 5205 1002 5276 romoaldus
1025 5207 1122 5273 filius
1144 5205 1274 5275 raccisi
1298 5207 1473 5293 presbiter
1497 5206 1541 5274 de
1563 5205 1643 5274 locu
1661 5206 1873 5293 mascianu3
1909 5210 1946 5275 et
1969 5227 2033 5295 per
2056 5207 2141 5295 ipsa

297 5361 433 5447 guadia
456 5359 629 5448 obligavit
652 5378 688 5428 se
711 5359 786 5448 ipse
809 5356 1053 5428 machenolfus
1071 5363 1113 5433 ¹et
1135 5359 1209 5428 suis
1233 5360 1318 5428 filiis
1342 5363 1378 5429 et
1400 5359 1560 5448 heredeS,
1584 5363 1625 5429 ut
1648 5361 1679 5428 si
1710 5360 1831 5429 taliter
1854 5363 1977 5432 omnia
2011 5379 2139 5448 supra·

295 5511 431 5598 scripta
454 5510 638 5580 noluerint
659 5509 844 5597 adinplere
867 5510 906 5578 in
929 5513 1172 5600 suprascripto
1194 5512 1337 5602 ordine,
1355 5513 1411 5583 vel
1426 5513 1557 5602 aliquit
1578 5513 1663 5583 inde
1686 5517 1867 5583 remobere
1891 5519 1954 5586 aut
1978 5520 2145 5586 contrane

295 5665 486 5753 quesierit,
508 5683 573 5752 per
595 5664 674 5752 ipsa
697 5663 831 5752 guadia
853 5664 1028 5751 obligavit
1050 5683 1087 5733 se
1111 5665 1188 5752 ipse
1210 5666 1453 5735 machenolsus
1475 5671 1512 5736 et
1535 5668 1610 5736 suis
1633 5666 1720 5736 filiis
1742 5671 1778 5738 et
1800 5669 1951 5738 heredes
1975 5669 2020 5739 ad
2049 5686 2145 5738 com·

292 5816 494 5902 ponendum
518 5817 632 5905 ipsius
655 5817 785 5887 sellioti
809 5819 845 5885 et
868 5816 913 5886 ad
937 5817 1013 5886 eius
1038 5818 1185 5888 heredes
1203 5817 1336 5907 biginti
1352 5819 1434 5890 auri
1449 5820 1553 5891 solidi
1569 5822 1813 5912 constantini,
1830 5824 1867 5892 et
1883 5824 2005 5894 omnia
2021 5840 2149 5911 supra·

484 5969 555 6028 los.
576 5987 602 6030 v.
1915 5974 1952 6034 25
