5370 7104
976 498 1090 570 usus
1118 496 1172 566 DE
1202 494 1484 570 TEMPORIBUS

581 728 615 798 in
631 724 842 820 campaniam
857 722 953 794 venit
968 744 1075 814 usque
1104 725 1199 814 aqui-

585 915 679 964 num.
722 887 913 960 Richardus
948 886 1105 981 princeps
1131 894 1199 958 ter-

499 1041 505 1054 ’
586 1078 656 1125 ram
685 1074 875 1124 marsorum
906 1049 1063 1122 introivit
1090 1051 1125 1128 ¹).

301 1231 401 1298 ltlIl.
465 1245 501 1296 rx
563 1217 718 1292 Ecclesia
745 1238 833 1286 nova
868 1213 903 1286 S.
933 1211 1111 1285 Benedicti
1144 1210 1201 1280 de-

585 1389 697 1462 dicata
724 1397 776 1457 est
804 1408 822 1454 a
848 1384 887 1454 Ι).
918 1381 984 1453 ΡΡ.
1009 1379 1201 1454 Alexandro

582 1551 638 1622 dio
664 1549 737 1620 llal.
768 1546 926 1618 Octobris
952 1567 1030 1616 oum
1050 1544 1204 1637 quinque

583 1723 707 1796 Altaris
734 1719 806 1792 suis
831 1708 858 1798 ²)
875 1711 901 1813 ⁰}
915 1717 961 1812 1).

297 1899 398 1970 11113.
461 1917 498 1968 ιιι
561 1893 754 1965 Alexander
772 1888 838 1961 ΡΡ.
859 1887 1060 1982 defungitur
1087 1897 1121 1959 et
1139 1886 1203 1958 hil·

559 2018 564 2028 Ι
585 2065 780 2159 deprandus
801 2061 1071 2134 Arelridiaeonus
1091 2061 1126 2130 in
1142 2059 1204 2130 Pa-

591 2257 666 2328 pam
687 2232 882 2328 gregorium
903 2230 1081 2302 ordinatur
1108 2253 1204 2301 men-

584 2430 620 2476 se
647 2405 785 2500 Aprilis.

300 2585 401 2654 14115.
462 2601 523 2653 ιιιι
563 2579 726 2650 Termino
765 2576 868 2672 liujus
906 2580 986 2649 anni
1015 2576 1104 2648 idest
1131 2577 1202 2670 ipsa

466 2807 469 2812 .
587 2761 688 2826 nooto
708 2753 832 2872 natalis
846 2753 977 2825 domini
1005 2767 1124 2849 eaptus
1151 2769 1202 2826 est

588 2925 782 3020 praedictus
818 2922 884 2994 ΡΡ.
915 2947 1019 3019 super
1045 2932 1200 2996 sanetum

585 3099 691 3172 altare
709 3124 727 3170 a
745 3099 948 3193 quibusdam
969 3099 1120 3172 romanis
1150 3124 1202 3170 m-

582 3273 754 3346 lldelibus.
790 3273 856 3347 Sed
883 3273 916 3345 vi
944 3281 978 3346 et
1005 3274 1200 3348 constantia

636 3742 854 3804 llUllATOIlI

336 3953 359 4033 ¹)
380 3953 472 4015 1062.
497 3972 527 4013 v.
551 3951 707 4016 -Stella
731 3958 875 4013 cometes
909 4000 915 4011 .
943 3999 950 4011 .
978 3999 984 4010 .
1019 3951 1199 4028 Aquinum.

294 4099 479 4163 Richardus
499 4148 504 4160 .
526 4148 533 4162 .
554 4148 560 4161 .
578 4101 759 4162 Marsorum
783 4103 929 4163 intravit

336 4259 382 4338 ²).
405 4307 411 4318 .
432 4303 439 4319 .
458 4277 531 4320 oum
555 4259 702 4336 quinquo
727 4256 887 4317 altaribus
911 4257 981 4316 suis
999 4305 1005 4326 ,
1026 4301 1033 4318 .
1054 4304 1060 4318 .

294 4517 558 4530 ..ρ-ι*-

680 4707 811 4768 PERTZ

334 4933 360 5009 ⁶)
379 4980 385 4994 .
407 4980 413 4993 .
434 4980 440 4994 .
461 4951 561 4995 .ou1n
583 4929 730 5008 quinque
755 4928 915 4990 altaribus
937 4927 1073 4989 suis-
1087 4931 1123 4992 in
1144 4951 1201 4994 no-

294 5099 329 5151 to
356 5078 380 5168 ⁶)
403 5088 530 5150 altariis
555 5106 640 5150 corr.
666 5085 826 5146 altaribus
851 5103 879 5144 o.
903 5119 944 5128 -
966 5084 1067 5148 Forse
1088 5088 1200 5152 aeteva

293 5245 376 5305 dtre:
401 5244 532 5306 altorir's
556 5263 583 5304 o.
599 5225 769 5304 ¹altoribus
792 5263 856 5305 cor.

328 5698 357 5766 a)
376 5695 439 5748 Non
467 5693 524 5764 pud
549 5691 665 5765 negarsi
694 5689 747 5746 ohe
777 5689 806 5742 lo
830 5689 932 5759 porols
956 5689 1003 5745 del
1027 5687 1129 5746 (lodice
1155 5685 1198 5744 sio

290 5841 412 5908 altariis,
429 5855 477 5893 ma
495 5837 578 5892 l’uno
597 5834 644 5890 dei
662 5837 717 5890 due
738 5837 748 5888 i
766 5850 836 5904 pooo
856 5847 972 5902 appare.

2044 509 2090 581 35

1530 727 1684 800 omnium
1703 745 1924 804 romanorum
1948 732 2064 805 eadem
2084 734 2140 804 die

1526 903 1683 990 receptus
1709 907 1760 970 est
1786 896 1823 994 ³).

1244 1050 1342 1122 1076.
1404 1073 1463 1129 xiv
1514 1055 1706 1132 Ilobbertus
1744 1062 1811 1134 dux
1838 1066 1933 1168 uenit
1959 1091 2062 1164 super
2088 1094 2140 1144 sa-

1527 1227 1661 1302 lernum
1677 1232 1763 1326 prid.
1781 1258 1864 1308 non.
1884 1237 2013 1332 magias
2028 1245 2063 1310 et
2080 1239 2138 1310 oh-

1239 1431 1243 1440 ·
1527 1395 1616 1466 sedit
1642 1419 1716 1468 eam
1745 1409 1834 1472 terra
1862 1404 2016 1498 marique
2034 1415 2068 1477 et
2086 1429 2142 1477 oe-

1533 1565 1578 1654 pit
1593 1589 1666 1636 eam
1679 1568 1734 1638 die
1750 1569 2141 1661 idibusdeoembristt).

1586 2022 1801 2084 llURA'l'OIll

1281 2175 1305 2253 3)
1327 2174 1421 2240 1073.
1445 2178 1496 2240 11.
1514 2213 1553 2224 -
1569 2179 1759 2240 Alexander
1782 2181 1844 2242 ΡΡ.
1870 2181 2115 2258 defungitur..
2138 2232 2145 2244 .

1241 2347 1355 2390 mense
1378 2331 1515 2411 Aprilis.
1550 2335 1703 2394 Termino
1737 2335 1836 2408 liujus
1868 2337 1945 2395 anni
1976 2335 2143 2399 idest...

1242 2490 1394 2566 receptus
1419 2494 1481 2549 est.

1276 2918 1321 2986 *Il
1342 2917 1484 2973 L'Autore
1498 2917 1656 2975 dell'Essai
1669 2917 1741 2976 Hist.
1761 2920 1797 2976 de
1818 2919 1916 2976 l'Abb.
1936 2921 1971 2976 de
1991 2921 2068 2978 Cara
2077 2937 2146 2992 pag.

1152 3101 1158 3114 .
1238 3058 1281 3112 39.
1300 3056 1377 3111 Nota.
1394 3057 1422 3128 2)
1442 3055 1566 3114 sostiene
1586 3058 1639 3113 ohe
1658 3059 1689 3112 la
1702 3058 1764 3112 sola
1782 3060 1853 3114 dota
1871 3077 1940 3116 vera
1957 3061 2037 3116 della
2055 3079 2141 3142 presa

1239 3202 1268 3257 di
1291 3202 1410 3260 Solemo
1433 3207 1481 3276 pel
1504 3207 1585 3262 Duos.
1608 3205 1733 3261 Roberto
1757 3204 1800 3258 sia
1818 3205 1918 3275 quella
1938 3206 2070 3262 adottata
2089 3207 2138 3261 dal

1239 3351 1378 3408 llIuratori
1397 3351 1469 3408 Anu.
1488 3351 1606 3408 d'Italia
1626 3367 1652 3407 a.
1672 3354 1749 3420 1077,
1768 3369 1784 3406 e
1803 3349 1896 3406 difesa
1915 3351 1952 3404 da
1972 3350 1999 3404 S.
2014 3351 2048 3404 de
2061 3350 2142 3406 Blnsi

1239 3488 1326 3545 Series
1346 3489 1405 3545 ΡΡ.
1426 3489 1489 3546 Lu.
1505 3505 1536 3560 p.
1556 3491 1617 3556 127,
1638 3489 1708 3545 Len.
1725 3487 1812 3555 feroit.
1827 3507 1858 3559 1²·
1878 3493 1924 3556 55,-
1944 3507 2021 3546 oome
2044 3490 2143 3560 quello.

1239 3636 1292 3692 ohe
1315 3635 1340 3691 si
1359 3643 1440 3692 trove
1459 3637 1486 3690 d'
1501 3639 1619 3692 socordo
1647 3637 1690 3692 coi
1719 3635 1881 3692 documenti
1913 3638 2144 3708 contemporanei

1238 3781 1285 3835 del
1309 3789 1406 3836 nostro
1431 3779 1571 3836 Archivio.
1591 3779 1646 3834 Noi
1664 3797 1720 3833 non
1740 3777 1882 3834 crediamo
1903 3775 1932 3830 di
1951 3776 2146 3834 allontansroi
2223 3809 2228 3818 ·

1238 3924 1275 3978 da
1298 3925 1398 3996 quella
1421 3925 1475 3981 ohe
1493 3924 1518 3981 si
1537 3925 1621 3998 legge
1641 3924 1689 3980 nel
1708 3922 1811 3980 Codice
1831 3923 1884 3980 che
1903 3923 2098 4008 descriviamo.
2117 3925 2143 3980 11

1237 4069 1295 4144 aig.
1313 4071 1477 4130 Weinreieh
1495 4091 1548 4130 oon
1570 4071 1733 4130 erudizione
1748 4071 1913 4128 vastissima
1926 4090 2017 4143 prora
2029 4071 2142 4128 chiara-

1237 4221 1343 4285 monte,
1355 4213 1408 4271 ohe
1422 4214 1495 4270 l'An
1501 4214 1530 4270 in
1544 4213 1590 4272 oui
1604 4217 1730 4272 aooodde
1743 4224 1844 4288 questo
1857 4233 1945 4288 grave
1960 4215 2141 4272 arvenimen·

1237 4365 1267 4414 to
1285 4356 1329 4412 sis.
1348 4365 1476 4430 oppunto
1493 4357 1515 4414 il
1528 4365 1648 4432 regnato
1661 4359 1711 4415 dal
1724 4367 1822 4416 nostro
1834 4359 2020 4428 Annotstore,
2033 4358 2094 4416 oioe
2105 4391 2139 4399 -

1236 4513 1307 4566 1076
1324 4513 1383 4566 roa.
1403 4515 1437 4568 14
1454 4511 1547 4567 sarona
1566 4474 1777 4568 nemun&
1796 4509 1899 4567 nune
1917 4528 1973 4566 non
1991 4515 2075 4580 poter
2095 4509 2140 4564 rn-

1110 4703 1117 4716 .
1236 4653 1324 4711 sarire
1343 4673 1395 4727 per
1413 4655 1506 4713 intere
1525 4655 1553 4712 le
1572 4657 1628 4712 due
1647 4655 1752 4730 pagine
1771 4659 1814 4713 89.
1828 4675 1843 4712 e
1856 4658 1900 4713 90.
1919 4654 1999 4710 della.
2012 4670 2065 4710 sus
2077 4653 2140 4710 dot·

1236 4802 1348 4860 tissima.
1360 4803 1582 4874 Dissertszione3
1592 4821 1639 4860 ma
1649 4803 1744 4861 taluni
1757 4803 1850 4873 broni,
1862 4802 1996 4860 massime
2008 4801 2075 4874 quei
2089 4802 2143 4856 ohe

1237 4941 1261 4998 si
1280 4942 1447 4999 riferiseono
1464 4943 1524 4999 alle
1543 4951 1640 5002 nostre
1660 4944 1856 5014 annotazioni,
1874 4942 2017 5000 orediamo
2040 4943 2140 5014 pregio

1236 5089 1398 5161 dell'opera
1417 5089 1447 5145 di
1464 5091 1514 5163 qul
1532 5091 1695 5164 riprodurre
1717 5095 1963 5152 testrrslmentm
1984 5093 2045 5159 Quo
2065 5109 2142 5148 men·

1120 5269 1125 5284 ·
1236 5263 1251 5298 (ι
1272 5263 1302 5301 se
1321 5251 1352 5301 et
1370 5243 1417 5302 die
1439 5247 1591 5303 Salernum
1609 5247 1679 5304 urbs
1698 5257 1785 5319 capta
1803 5249 1850 5318 sit,
1868 5248 1945 5306 inter
1964 5265 2060 5304 omnes
2080 5247 2143 5303 fon·

1235 5401 1313 5452 «tes
1333 5401 1455 5454 constat.
1474 5395 1534 5451 Am.
1553 5398 1579 5452 8.
1598 5397 1640 5451 23:
1661 5395 1721 5452 «le
1741 5395 1864 5467 sequent
1878 5396 1936 5466 jor,
1949 5391 2039 5464 liquel
2053 5389 2144 5447 estoit

1235 5555 1251 5591 a
1270 5537 1328 5608 yde
1347 5537 1383 5592 de
1402 5535 1563 5605 ddemhre,
1583 5535 1662 5592 o'est
1680 5536 1708 5590 lo
1726 5534 1790 5590 XVI
1813 5534 1993 5606 (mutandum
2012 5531 2041 5588 in
2061 5533 2143 5606 XIII)

1236 5701 1252 5734 <
1265 5679 1354 5755 jos-'ss
1372 5683 1446 5739 Ann.
1463 5683 1537 5740 Ben:
1558 5702 1572 5737 a
1594 5682 1700 5740 festum
1718 5700 1740 5738 s.
1759 5679 1904 5748 Lucioe”,
1922 5677 2011 5734 Arion.
2031 5677 2093 5734 Cas.
2114 5683 2144 5732 et

1238 5850 1253 5884 (ι
1272 5830 1344 5886 Anu.
1364 5828 1444 5884 (lave
1465 5825 1540 5882 «Id.
1559 5825 1663 5888 Deos,
1684 5825 1761 5880 Rom.
1784 5825 1842 5881 Sal.
1855 5831 1885 5881 et
1898 5823 1964 5881 Chr.
1983 5823 2055 5877 Am:
2075 5837 2143 5872 sm.
