5414 7098
634 559 657 627 8
1210 543 1217 556 ”
1270 556 1444 628 CODEX
1486 557 1750 632 CAVENSIS

584 787 624 850 et
646 785 735 852 meis
760 782 845 851 tiliis
868 787 904 852 et
927 784 1051 854 eredes
1074 783 1205 854 exinde
1229 787 1393 854 auctores
1415 787 1452 854 et
1474 784 1677 855 defensores
1700 783 1807 854 abere
1830 785 2048 874 quesieritis,
2061 803 2126 874 ego
2141 789 2264 855 autem
2287 788 2325 853 et
2341 785 2434 856 meis
2538 839 2547 846 .

583 933 668 1004 tiliis
690 941 726 1005 et
750 935 871 1006 eredes
896 937 1020 1006 inclita
1044 936 1250 1024 supradicta
1273 955 1354 1006 mea
1369 937 1588 1006 bindictione
1611 937 1679 1006 tibi
1703 939 1829 1025 tuique
1842 937 2010 1006 eredibus
2025 937 2249 1006 defensemus
2265 942 2301 1008 et
2315 939 2437 1009 omnia

580 1088 828 1177 adinpleamus
845 1056 859 1166 ‚⁸
881 1091 973 1159 sicut
995 1089 1161 1177 superius
1183 1088 1346 1176 legitur,
1377 1107 1441 1176 per
1465 1089 1671 1176 supradicta
1704 1089 1840 1177 guadio
1875 1091 1912 1157 et
1934 1087 2095 1174 obligata
2124 1109 2228 1176 pena.
2256 1091 2370 1168 Quam
2399 1095 2434 1160 te

581 1241 740 1312 ademari
764 1245 925 1312 notarius
948 1244 1106 1312 scribere
1128 1241 1346 1330 rogabimuS,
1369 1233 1490 1310 actu'm
1514 1241 1667 1312 salerno.

627 1367 658 1482 †
683 1397 758 1484 Ego
782 1395 972 1465 radoaldus
996 1414 1053 1464 me
1077 1394 1273 1481 subscripsi

632 1522 663 1636 †
688 1551 763 1635 Ego
787 1555 907 1638 petrus
931 1550 1094 1618 notarius
1117 1568 1174 1620 me
1200 1549 1408 1634 subscripsi.

1280 1799 1719 1814 ——n-——u--n——n—-fl-

1372 2036 1650 2146 ncoxm.

1359 2327 1414 2404 A.
1448 2326 1500 2403 D.
1528 2323 1649 2405 1018.

624 2565 660 2706 ἰ’
685 2619 725 2684 ln
748 2619 893 2686 nomine
916 2615 1049 2685 domiui
1066 2635 1162 2685 anno
1177 2617 1357 2686 tricesimo
1382 2615 1604 2703 principatus
1626 2617 1747 2685 domni
1771 2618 1887 2686 nostri
1910 2618 2107 2706 guaimari,
2130 2621 2166 2685 et
2189 2621 2304 2704 primo
2328 2635 2426 2688 anno

579 2757 803 2857 principatus
824 2768 943 2836 domni
967 2767 1149 2856 guaimari
1172 2770 1250 2836 eius
1273 2768 1353 2856 filii,
1377 2767 1524 2854 gloriosi
1548 2769 1784 2859 principibus,
1809 2788 1932 2839 mense
1956 2770 2158 2858 ianuarius,
2190 2771 2347 2840 secunda
2372 2773 2431 2839 in·

577 2921 744 2991 dictione.
770 2919 1061 2990 Memoratorium
1085 2921 1183 2989 sactu
1206 2939 1229 2988 a
1251 2937 1307 2988 me
1332 2920 1512 2989 landolfus
1535 2940 1649 2990 comes
1672 2923 1769 2992 filius
1803 2923 1983 3010 quondam
2005 2923 2187 3010 guaimari
2212 2924 2363 3010 comiti,
2388 2943 2431 2993 eo

575 3077 668 3164 quod
691 3082 775 3147 ante
800 3075 993 3164 subscripti
1017 3079 1124 3144 testes
1147 3092 1210 3162 per
1236 3091 1328 3143 vona
1351 3074 1613 3145 combenieutia
1636 3075 1785 3144 tradidit
1809 3075 1956 3145 iohanni
1979 3081 2015 3145 et
2049 3075 2142 3164 petri
2166 3077 2331 3164 germani
2357 3078 2426 3146 filii

576 3229 755 3315 quondam
780 3229 934 3314 maroni,
951 3231 987 3294 et
1002 3227 1093 3313 petri
1118 3231 1269 3312 congato
1291 3227 1433 3294 illorum
1457 3228 1531 3296 filio
1554 3229 1645 3316 petri
1669 3233 1781 3319 turbi,
1804 3230 1874 3299 due
1897 3230 2053 3298 clusurie
2076 3230 2120 3298 de
2144 3233 2244 3298 terra
2263 3249 2345 3298 cum
2367 3249 2435 3301 ar-

577 3385 719 3453 bustum
743 3383 903 3456 vitatum,
929 3388 965 3452 et
988 3385 1114 3471 pomiS,
1138 3387 1174 3452 et
1196 3383 1312 3470 insiti,
1337 3389 1373 3452 et
1395 3387 1568 3470 castanei,
1593 3386 1685 3470 quod
1709 3387 1796 3454 abeo
1819 3385 1858 3452 in
1880 3385 1960 3454 locu
1983 3386 2068 3455 sitia
2092 3383 2162 3454 ista
2185 3390 2288 3473 parte
2312 3385 2422 3452 dubio

576 3540 764 3624 pecentino
788 3557 850 3624 per
873 3538 955 3610 finis
978 3541 1014 3605 et
1037 3536 1228 3607 mensurie.
1253 3537 1397 3606 Una-de
1421 3539 1496 3625 ipse
1521 3538 1678 3605 clusurio
1700 3538 1743 3606 de
1766 3555 1840 3608 una
1867 3543 1968 3626 parte
2001 3539 2072 3605 fine
2107 3557 2188 3608 mea
2218 3538 2302 3607 inde
2326 3538 2419 3607 sicut

573 3690 736 3776 rebolbit‚
760 3691 843 3758 inde
866 3697 951 3759 sunt
975 3691 1070 3778 passi
1096 3695 1240 3759 centum
1263 3691 1457 3778 sexaginta
1480 3695 1584 3758 octo:
1611 3689 1654 3756 de
1678 3707 1783 3774 super
1806 3690 1877 3757 flue
1901 3707 1992 3775 mea,
2017 3691 2110 3758 sicut
2135 3691 2196 3760 bia
2227 3689 2416 3778 discernit,

577 3845 671 3912 sicut
696 3845 846 3913 rebolbit
870 3847 946 3931 ipsa
970 3845 1053 3932 via,
1078 3846 1161 3914 inde
1185 3849 1268 3914 sunt
1291 3865 1354 3932 per
1378 3847 1456 3932 ipsa
1479 3845 1540 3912 via
1562 3845 1657 3931 passi
1681 3847 1827 3912 centum
1851 3842 2005 3930 triginta
2030 3847 2184 3912 nobem:
2210 3848 2257 3914 ab
2279 3849 2419 3915 oriente

575 3999 645 4066 fine
675 4015 782 4084 mea,
807 3999 890 4067 inde
914 4003 998 4067 sunt
1021 3999 1114 4087 passi
1139 3999 1340 4086 nonaginta
1364 4017 1441 4066 sex.
1460 3999 1540 4084 Ipsa
1563 3998 1636 4066 alia
1659 3995 1818 4070 clusuris
1840 4015 1903 4083 per
1926 4016 1966 4066 ec
1991 3997 2074 4065 finis
2097 4003 2133 4066 et
2157 3999 2349 4068 mensurie:
2375 4005 2421 4070 ab

573 4153 710 4222 oriente
733 4153 804 4220 fine
828 4169 908 4222 mea
921 4204 931 4242 ‚
957 4153 1039 4222 inde
1062 4155 1145 4220 suut
1167 4151 1262 4238 passi
1286 4149 1498 4238 octuaginta
1520 4154 1609 4218 octo:
1633 4151 1676 4219 de
1700 4169 1807 4238 super
1830 4151 1998 4220 similiter
2021 4152 2093 4219 flue
2118 4169 2211 4230 mea,
2229 4152 2312 4220 inde
2337 4161 2422 4223 sunt

574 4310 669 4393 passi
695 4308 960 4396 quinquaginta
982 4310 1082 4376 octo:
1108 4310 1154 4377 ab
1177 4305 1357 4374 occidente
1380 4305 1545 4375 similiter
1572 4307 1642 4375 flue
1665 4324 1756 4394 mea,
1781 4305 1864 4375 inde
1886 4311 1971 4374 sunt
1993 4308 2089 4394 passi
2113 4307 2348 4394 octuaginta:
2373 4310 2417 4376 de

572 4464 696 4530 subtus
720 4483 742 4530 a
764 4462 912 4532 meridie
936 4461 1007 4530 fine
1031 4481 1121 4549 mea,
1147 4460 1229 4528 inde
1253 4465 1339 4528 sunt
1362 4460 1456 4548 passi
1474 4457 1666 4546 sexaginta
1690 4463 1774 4544 tres
1791 4462 1866 4528 tota
1881 4459 2122 4546 soprascripta
2138 4462 2245 4528 rebus
2260 4462 2305 4530 ad
2323 4462 2416 4530 iusto

573 4634 717 4702 passum
741 4616 864 4684 omini:
892 4615 1017 4685 inclita
1040 4617 1119 4703 ipsa
1142 4614 1301 4683 clusuria
1323 4613 1445 4700 priore
1468 4611 1681 4680 tradidimus
1705 4611 1816 4710 ipsius
1840 4611 1990 4680 iohanni
2014 4611 2260 4699 medietatem,
2284 4613 2419 4701 etipsa

574 4768 649 4838 alia
673 4769 860 4838 medietate
883 4769 1098 4839 tradidimus
1122 4770 1278 4855 ipsorum
1301 4766 1392 4854 petri
1417 4770 1452 4833 et
1476 4764 1583 4853 petri,
1608 4765 1687 4852 ipsa
1710 4767 1784 4835 alia
1807 4765 1966 4834 clusoria
1982 4766 2177 4852 posteriore
2191 4767 2415 4864 tradidimus

574 4924 724 5010 predicti
747 4923 912 5010 germani
935 4922 1003 4990 filii
1027 4923 1175 4992 maioni.
1200 4923 1241 4986 In
1265 4920 1331 4989 tali
1355 4919 1480 4988 ordine
1504 4918 1585 4987 illut
1606 4937 1728 4986 eorum
1751 4919 1992 5006 tradidimus,
2029 4924 2068 4987 ut
2103 4921 2228 4988 amodo
2262 4928 2298 4990 et
2321 4925 2417 4991 omni

572 5083 729 5164 tempore
753 5078 798 5146 ad
820 5097 886 5146 sua
908 5077 1010 5145 etde
1034 5078 1109 5144 suis
1132 5075 1296 5144 eredibus
1319 5075 1392 5142 sint
1415 5077 1588 5162 potestate
1614 5077 1696 5144 illut
1720 5078 1923 5163 tenendum,
1948 5075 2232 5162 dominandum,
2257 5080 2293 5143 et
2317 5077 2417 5144 fobee

571 5237 607 5300 et
630 5231 746 5298 omnis
770 5250 833 5298 sue
857 5230 1026 5299 utilitatis
1049 5229 1180 5299 ibidem
1205 5229 1420 5315 iaciendum,
1443 5233 1480 5298 et
1502 5227 1633 5296 ibidem
1657 5229 1813 5297 residere
1836 5233 1872 5297 et
1893 5230 2045 5315 abitare,
2070 5235 2106 5298 et
2120 5233 2231 5297 totum
2257 5230 2332 5318 ipso
2357 5249 2418 5299 ar-

574 5388 716 5453 bustum
739 5401 803 5451 suo
827 5389 985 5472 tempore
1008 5384 1051 5451 dc
1074 5402 1181 5472 super
1204 5387 1240 5452 et
1262 5384 1306 5451 de
1328 5381 1451 5450 subter
1477 5381 1637 5450 lavorare
1663 5383 1699 5448 et
1722 5361 1888 5468 euitare,
1920 5382 2012 5449 sicut
2037 5380 2075 5447 in
2099 5380 2174 5468 ipso
2198 5383 2315 5450 locum
2340 5399 2418 5450 me-

573 5540 700 5625 ruerit,
725 5542 784 5625 et,
810 5537 872 5605 ubi
898 5539 1101 5624 meruerit,
1127 5537 1208 5606 illut
1231 5536 1374 5604 cludere
1399 5539 1434 5602 et
1458 5533 1595 5601 clusum
1620 5533 1721 5600 illum
1746 5535 1889 5621 abeant,
1917 5539 1952 5602 et
1973 5536 2024 5602 sic
2048 5554 2110 5622 per
2141 5553 2277 5603 annum
2299 5539 2413 5602 totum

571 5691 657 5760 illut
681 5691 845 5762 lavorare
868 5695 903 5758 et
926 5689 1074 5776 cultare,
1099 5695 1139 5758 ut
1161 5689 1352 5778 proficiant
1374 5693 1410 5757 et
1432 5706 1503 5756 non
1526 5689 1744 5776 dispereant,
1766 5691 1804 5755 et
1826 5686 1964 5755 salbum
1989 5687 2070 5756 illut
2094 5689 2261 5775 saciant,
2292 5693 2329 5756 et
2353 5707 2417 5777 per

571 5863 709 5916 annum
733 5847 776 5914 de
800 5845 980 5914 vindemie
1004 5843 1140 5913 saciant
1163 5861 1218 5911 me
1234 5843 1289 5912 vel
1306 5860 1400 5912 meos
1422 5840 1544 5910 eredes
1567 5844 1671 5928 scire,
1688 5846 1728 5909 ut
1751 5843 1897 5909 missum
1920 5847 2081 5912 nostrum
2097 5841 2183 5911 illuc
2198 5843 2415 5932 dirigamuS,
