5422 7102
1261 533 1430 607 deunx
1464 537 1730 612 cat'bltsls

1351 970 1645 1056 DCCGXL.

1359 1231 1412 1308 Α.
1441 1231 1489 1309 D.
1519 1233 1640 1314 1031.

619 1464 720 1604 †ln
743 1517 887 1586 nomine
912 1517 1048 1586 domini
1071 1520 1333 1604 quartodecimo
1363 1541 1459 1590 anno
1489 1525 1715 1612 principatus
1749 1526 1869 1594 domni
1905 1527 2018 1592 nostri
2053 1524 2234 1612 guaimari
2268 1523 2417 1610 gloriosi

575 1669 750 1756 principis
773 1669 843 1736 tilii
866 1670 985 1738 domni
1009 1672 1203 1758 guaimari,
1220 1690 1339 1740 mense
1360 1677 1563 1763 nobember,
1588 1678 1856 1763 quintadecima
1880 1675 2089 1745 indictione.
2107 1675 2194 1742 (lum
2217 1692 2330 1744 essem
2353 1692 2420 1760 ego

576 1823 796 1911 grimoaldus
820 1841 935 1892 comes
957 1829 993 1894 et
1017 1824 1125 1896 iudex
1148 1828 1232 1893 ante
1256 1826 1376 1894 aulam
1400 1829 1514 1896 sancti
1538 1829 1686 1898 maximi
1710 1831 1771 1915 qui
1788 1831 1953 1898 eficatum
1970 1833 2023 1896 est
2040 1828 2136 1896 intus
2154 1827 2415 1896 salernitanam

577 1973 776 2062 cibitatem,
798 1981 858 2044 tuc
884 1976 1004 2063 ibique
1028 1983 1110 2046 ante
1126 1995 1181 2044 mc
1196 1978 1359 2047 eoniunti
1383 1985 1468 2047 sunt
1490 1980 1742 2067 maghenulfus
1758 1982 1931 2067 presbiter
1948 1981 2045 2046 tilius
2061 1938 2238 2065 quondam
2255 1979 2418 2064 granati,

575 2128 611 2194 et
634 2131 755 2212 petrus
778 2127 948 2196 diaconus
973 2129 1068 2196 filius
1092 2130 1239 2199 iohanni
1263 2149 1343 2198 cum
1378 2132 1615 2220 rodelgrimus
1645 2136 1681 2200 et
1714 2137 1861 2219 acceptu
1894 2133 2058 2219 germani
2093 2130 2157 2197 filii
2183 2129 2350 2216 maraldi,
2382 2137 2427 2196 et

575 2279 776 2347 romoaldus
799 2285 835 2348 et
859 2282 1044 2368 iohannes
1068 2284 1131 2368 qui
1154 2287 1238 2350 sunt
1261 2285 1423 2368 germani
1448 2281 1513 2349 filii
1537 2282 1699 2368 iohanni,
1723 2283 1785 2368 qui
1812 2285 1896 2349 sunt
1919 2281 2088 2350 abitatori
2112 2282 2153 2348 de
2179 2280 2296 2347 locum
2312 2298 2419 2348 mun-

578 2435 710 2518 torum,
725 2431 792 2518 ipsi
817 2435 978 2519 germani
1004 2453 1067 2520 pro
1091 2436 1167 2502 bice
1191 2455 1255 2504 sua
1278 2442 1313 2502 et
1336 2452 1399 2521 pro
1422 2434 1499 2502 bice
1523 2433 1564 2501 de
1587 2434 1652 2501 alii
1676 2451 1847 2520 germano
1871 2450 1933 2499 suo
1956 2437 2098 2518 propter
2115 2432 2206 2517 quod
2223 2437 2416 2502 causanter

578 2582 752 2650 dicebant
775 2583 843 2670 ipsi
866 2587 1113 2673 maghenolsus
1136 2585 1308 2672 presbiter
1332 2593 1368 2652 et
1390 2586 1579 2654 iamdictus
1603 2591 1736 2672 petruS,
1761 2591 1801 2651 ut
1824 2585 1890 2670 ipsi
1916 2583 2082 2672 germani
2099 2585 2299 2651 retinerent
2316 2587 2422 2652 rebus

582 2733 619 2798 in
644 2733 720 2820 ipso
744 2734 857 2802 locum
882 2741 1049 2804 muntoru
1083 2737 1145 2821 qui
1169 2741 1222 2804 est
1246 2736 1481 2822 pertinentem
1505 2738 1616 2821 ipsius
1638 2737 1784 2804 ecclesie
1807 2736 1924 2804 sancti
1949 2735 2113 2822 maximi,
2138 2735 2230 2821 quod
2254 2735 2424 2804 dicebant

579 2885 650 2972 ipsi
673 2888 919 2974 maghenolsus
942 2893 978 2955 et
1002 2893 1137 2974 petruS,
1161 2894 1201 2957 ut
1224 2886 1305 2954 illut
1328 2889 1484 2955 retinere
1519 2887 1558 2954 in
1592 2886 1803 2955 beneficium
1838 2907 1860 2954 a
1895 2889 1997 2972 parte
2025 2885 2137 2971 ipsius
2166 2885 2339 2972 ecclesie,
2365 2895 2419 2954 set

580 3038 649 3124 ipsi
673 3041 838 3125 germani
863 3041 940 3126 ipsa
964 3043 1070 3108 rebus
1095 3040 1241 3108 minime
1265 3042 1533 3126 operaberunt‚
1563 3041 1658 3109 sicut
1680 3041 1763 3108 inde
1786 3039 1931 3127 obligati
1959 3039 2132 3126 fuerunt,
2159 3045 2193 3108 et
2221 3059 2283 3126 per
2307 3040 2421 3127 legem

497 3221 500 3228 -
579 3188 663 3256 inde
685 3206 892 3275 componere
915 3191 1089 3258 debebant
1112 3189 1158 3258 ad
1181 3209 1265 3272 pars
1287 3190 1396 3274 ipsius
1418 3191 1563 3258 ecclesie
1582 3210 1591 3273 3
1624 3196 1677 3258 set
1701 3194 1893 3273 antequam
1927 3190 2177 3273 compositione
2200 3189 2282 3255 inde
2314 3196 2420 3274 esset,

581 3342 838 3428 perbenierunt
861 3341 942 3408 indo
966 3341 1005 3408 in
1025 3341 1302 3409 combenientia.
1328 3342 1395 3428 ipsi
1418 3343 1583 3428 germani
1617 3341 1818 3408 boluntarie
1853 3359 1917 3410 sne
1951 3357 2014 3426 pro
2048 3341 2185 3408 bicibus
2215 3339 2291 3406 suis
2320 3340 2420 3408 etde

581 3493 745 3581 germani
769 3496 824 3560 sui
847 3492 981 3580 guadia
1002 3493 1176 3562 dederunt
1198 3495 1354 3580 ipsorum
1377 3492 1591 3580 maghenolfi
1613 3497 1648 3560 et
1671 3493 1777 3580 petri,
1793 3497 1830 3561 et
1845 3493 2075 3561 mediatorem
2099 3509 2221 3561 eorum
2244 3493 2362 3580 posuit
2386 3512 2424 3560 se

563 3647 684 3733 ·ipsis;
708 3649 744 3714 et
767 3665 829 3732 per
854 3645 932 3730 ipsa
955 3645 1089 3732 guadia
1111 3644 1362 3731 obligabcrunt
1384 3663 1420 3713 se
1444 3651 1479 3714 et
1502 3645 1575 3713 suis
1598 3646 1774 3733 eredibus,
1793 3651 1832 3714 ut
1851 3645 2029 3733 plicarent
2053 3645 2171 3712 brebri
2195 3645 2258 3730 qui
2283 3643 2326 3712 de
2347 3643 2426 3730 ipsa
2495 3655 2500 3668 ’

582 3799 689 3864 rebus
706 3799 801 3882 abet,
825 3803 861 3864 ct
878 3797 1107 3865 remicterent
1122 3795 1195 3861 illis
1211 3795 1255 3864 ad
1272 3801 1480 3881 potestatem
1497 3798 1608 3882 ipsius
1624 3797 1782 3882 ecclesie,
1800 3801 1835 3865 et
1851 3798 2085 3865 communiter
2102 3815 2207 3880 super
2224 3797 2303 3881 ipsa
2319 3797 2427 3864 rebus

582 3957 786 4039 pergerent,
804 3957 840 4021 et
865 3950 965 4020 illum
986 3955 1247 4036 mensurarent,
1264 3955 1299 4019 et
1315 3951 1474 4019 facerent
1489 3951 1572 4019 inde
1589 3949 1709 4016 brebri
1725 3950 1819 4018 inter
1835 3968 1887 4037 se,
1906 3955 1945 4018 ut
1961 3947 2057 4016 omni
2074 3954 2232 4036 tempore
2249 3949 2331 4018 illut
2349 3951 2429 4036 ipsa

584 4105 694 4172 rebus
717 4103 790 4172 illis
814 4105 969 4172 retinere
992 4111 1028 4173 ct
1051 4105 1213 4174 laborare
1228 4109 1263 4171 et
1280 4105 1428 4190 cultare,
1445 4110 1481 4171 et
1495 4108 1670 4189 quantum
1687 4105 1810 4171 binum
1826 4103 1908 4170 inde
1925 4101 2070 4189 exierit,
2094 4103 2319 4170 medietatem
2344 4103 2428 4171 illut

582 4241 669 4326 dare
692 4257 737 4326 ad
760 4277 845 4344 pars
868 4258 980 4343 ipsius
1000 4258 1172 4344 ecclesie,
1198 4263 1232 4325 et
1255 4256 1482 4326 medietatem
1506 4256 1588 4324 illut
1611 4257 1681 4324 sibi
1705 4261 1836 4343 abere,
1864 4263 1900 4324 et
1924 4257 2002 4343 ipsa
2025 4259 2183 4325 sortione
2207 4255 2250 4324 de
2275 4255 2350 4342 ipso
2376 4257 2430 4323 bi·

582 4426 668 4477 num
692 4410 804 4495 ipsius
826 4409 997 4496 ecclesie,
1022 4409 1094 4477 illis
1117 4428 1287 4496 reponere
1312 4413 1348 4477 et
1373 4395 1518 4478 ‘salbum
1542 4409 1682 4494 facere,
1707 4407 1799 4476 sicut
1821 4409 2019 4494 meruerit,
2045 4414 2081 4476 ct
2103 4395 2316 4476 terraticum
2340 4407 2430 4476 dare

584 4570 621 4632 et
643 4566 915 4654 palmentateca,
939 4572 974 4635 et
997 4566 1144 4633 missum
1168 4565 1279 4651 ipsius
1303 4562 1449 4632 ecclesie
1473 4563 1621 4648 nutrire,
1639 4567 1675 4630 et
1692 4579 1754 4647 per
1771 4561 1851 4647 ipsa
1873 4559 2007 4648 guadia
2030 4565 2095 4628 cte.
2122 4563 2271 4630 statuta
2296 4563 2436 4630 intacta

585 4721 847 4806 quinquaginta
862 4721 948 4786 auri
962 4720 1153 4787 solidorum
1171 4718 1409 4786 Constantini.
1429 4721 1673 4784 verumtamen
1693 4719 1729 4782 et
1745 4714 1907 4784 abellane
1922 4734 1991 4801 que
2009 4715 2140 4783 ibidem
2164 4715 2303 4800 fecerit,
2329 4716 2433 4783 simi-

585 4869 670 4938 liter
694 4870 754 4939 ille
778 4871 1000 4940 medietatem
1022 4869 1107 4936 dare
1131 4866 1176 4936 ad
1199 4885 1280 4952 pars
1307 4867 1419 4952 ipsius
1443 4866 1612 4951 ecclesie,
1636 4873 1672 4934 et
1696 4865 1945 4953 obligaberunt
1969 4867 2098 4954 seipsi
2123 4869 2304 4956 germani,
2328 4873 2369 4935 ut
2393 4870 2433 4936 in
2507 4941 2515 4954 ,

490 5075 492 5082 .
587 5021 833 5107 suprascripta
848 5021 983 5090 saciant
999 5036 1207 5107 permanere
1223 5017 1291 5104 ipsi
1308 5017 1371 5085 alii
1389 5017 1550 5102 germani
1568 5017 1624 5083 sui
1640 5023 1676 5083 et
1693 5035 1814 5084 eorum
1830 5017 1963 5084 erodes.
1981 5023 2017 5087 ot
2034 5039 2098 5104 pro
2114 5027 2216 5105 parte
2234 5019 2348 5107 ipsius
2376 5039 2435 5087 ec-

587 5173 695 5241 clesie
719 5175 873 5241 scribere
898 5173 1042 5241 fecimus
1065 5177 1100 5240 te
1125 5170 1310 5256 iaquintus
1334 5171 1512 5236 notarius.

635 5296 666 5412 †
690 5327 765 5414 Ego
788 5327 848 5411 qui
873 5343 982 5410 supra
1007 5322 1177 5412 grimoalt
1200 5339 1315 5390 comes
1338 5325 1374 5390 et
1397 5320 1521 5388 iudex.

1276 5669 1723 5681 m
