5466 7106
1265 527 1438 604 CODEX
1472 533 1737 611 clvnhsls

1211 1034 1214 1042 ,
1326 965 1650 1050 DCGLXIII.

1346 1233 1401 1310 A.
1430 1231 1480 1310 D.
1508 1232 1635 1315 1025.

613 1453 712 1596 †ln
737 1506 880 1575 nomine
903 1507 1039 1575 domini
1062 1509 1120 1577 dei
1145 1509 1335 1580 salvatoris
1359 1509 1463 1578 ihesu
1486 1512 1612 1580 christi
1638 1515 1740 1582 Anno
1770 1512 1919 1601 septimo
1953 1513 2088 1584 decimo
2122 1515 2273 1584 ducatus
2296 1515 2418 1584 domni

565 1659 685 1746 Sergii
711 1660 859 1728 Gloriosi
883 1662 998 1748 ducis,
1016 1663 1073 1731 die
1089 1663 1259 1733 vicesima
1283 1667 1415 1733 mensis
1438 1666 1573 1752 martii,
1592 1664 1787 1734 indictione
1802 1667 1929 1734 octaba
1945 1665 2190 1754 infrascripta.
2208 1668 2349 1736 Certum
2365 1675 2420 1738 est

567 1831 624 1879 me
648 1814 856 1900 gregorium
880 1816 1003 1885 divina
1026 1819 1149 1905 gratia
1172 1818 1372 1906 episcopum
1388 1817 1481 1886 sedis
1496 1825 1641 1888 sanctae
1658 1822 1843 1890 stavianae
1859 1823 1890 1888 A
1906 1823 2064 1909 presenti
2081 1822 2137 1890 die
2152 1822 2419 1910 promptissima

568 1966 757 2036 voluntate
780 1969 941 2038 dedimus
964 1976 1071 2058 atque
1095 1971 1134 2038 in
1158 1972 1314 2059 presenti
1339 1971 1553 2040 tradidimus
1577 1970 1646 2039 tibi
1668 1972 1795 2039 domno
1819 1973 1974 2042 mirandi
1999 1974 2108 2042 iudici
2134 1975 2208 2042 lilio
2234 1975 2346 2044 doleri
2377 1977 2420 2044 de

567 2122 738 2211 nuceria,
771 2125 843 2190 Hoc
867 2128 923 2191 est
946 2125 991 2192 ad
1015 2125 1247 2196 laborandum
1272 2129 1308 2194 et
1330 2123 1560 2193 detinendum
1583 2122 1748 2191 inclitam
1771 2142 1882 2192 unam
1904 2124 2037 2211 petiam
2060 2129 2220 2196 nostram
2243 2127 2286 2195 de
2308 2131 2419 2214 terra,

566 2293 634 2362 que
657 2277 841 2344 arbustum
859 2295 934 2346 esse
955 2277 1106 2366 videtur,
1131 2279 1331 2364 pertinente
1354 2278 1397 2345 de
1420 2277 1665 2364 suprascripta
1688 2282 1815 2345 sancta
1837 2283 1959 2347 nostra
1982 2277 2134 2347 ecclesia
2157 2280 2309 2366 positam
2333 2299 2418 2348 vero

570 2426 608 2494 in
633 2430 721 2516 loco,
739 2431 801 2516 qui
825 2433 972 2498 vocatur
997 2449 1110 2516 angre
1133 2433 1169 2498 et
1193 2430 1325 2498 dicitur
1348 2449 1432 2500 casa
1455 2431 1609 2500 amabile
1633 2429 1853 2518 pertinentia
1876 2434 2034 2519 nucerie,
2052 2433 2159 2501 simul
2183 2438 2219 2501 et
2242 2450 2324 2500 cum
2341 2434 2420 2502 bice

566 2579 609 2647 do
633 2583 693 2650 via
717 2601 781 2650 sua
805 2587 840 2649 et
864 2603 943 2650 cum
978 2584 1142 2650 omnibus
1177 2585 1244 2653 sibi
1279 2581 1495 2653 habentibus
1518 2585 1554 2649 et
1577 2581 1846 2668 pertinentibus
1868 2584 2056 2651 coherente
2079 2583 2172 2651 sibi:
2210 2587 2255 2653 ab
2279 2587 2418 2654 oriente

565 2749 646 2798 cum
670 2731 742 2798 fine
765 2732 807 2800 de
831 2732 1075 2820 suprascripta
1097 2737 1222 2803 sancta
1246 2737 1369 2802 nostra
1392 2732 1572 2819 ecclesia,
1603 2751 1710 2820 quam
1733 2738 1775 2800 tu
1798 2735 1843 2803 ad
1868 2733 2103 2804 laborandum
2127 2736 2290 2822 retines,
2323 2737 2417 2805 unde

563 2885 660 2950 omni
685 2903 807 2954 annuo
830 2885 916 2954 dare
939 2886 1099 2954 debeatis
1122 2889 1225 2954 nobis
1247 2893 1390 2956 tarenos
1413 2889 1565 2973 nobem,
1589 2890 1625 2954 et
1648 2886 1757 2954 habet
1781 2886 1912 2952 ibidem
1935 2903 2057 2972 passos
2084 2890 2294 2976 octuaginta
2317 2889 2411 2956 duo:

566 3037 596 3102 A
621 3042 722 3122 parte
746 3038 894 3105 meridie
918 3057 998 3105 cum
1022 3043 1121 3106 terra
1145 3039 1314 3107 heredum
1338 3039 1443 3107 sandi
1466 3044 1502 3108 et
1525 3044 1623 3108 terra
1646 3039 1793 3107 heredes
1815 3040 1908 3125 petri
1932 3040 2104 3127 castaldi,
2139 3047 2176 3108 et
2211 3045 2320 3111 habet
2345 3043 2415 3111 ibi-

562 3187 641 3256 dem
665 3208 787 3276 passos
811 3190 1020 3276 octuaginta
1043 3193 1191 3258 nobem:
1230 3195 1283 3259 Ab
1318 3191 1499 3260 occidente
1530 3211 1611 3259 cum
1644 3191 1703 3260 via
1736 3195 1771 3260 et
1794 3192 1837 3259 de
1860 3191 1942 3260 aliis
1965 3211 2034 3278 que
2058 3193 2104 3261 ad
2128 3195 2217 3261 fines
2240 3171 2352 3282 sunt,
2376 3201 2413 3264 et

564 3341 671 3408 habet
688 3340 737 3408 ibi
754 3359 874 3428 passos
897 3341 1109 3429 octuaginta
1132 3346 1231 3410 octo:
1256 3345 1300 3410 Et
1315 3364 1338 3412 a
1354 3345 1605 3430 septemtrione
1623 3343 1708 3412 item
1724 3363 1805 3411 cum
1822 3345 1895 3432 via,
1911 3349 1947 3413 et
1962 3347 2072 3414 habet
2088 3345 2138 3412 ibi
2156 3365 2275 3432 passos
2290 3353 2413 3417 octua-

565 3491 670 3578 ginta
686 3510 762 3578 sex,
778 3494 843 3561 toti
861 3512 943 3560 vero
960 3494 1196 3581 suprascripti
1214 3495 1310 3581 passi
1327 3501 1410 3564 sunt
1426 3495 1623 3564 mensurati
1640 3496 1685 3564 ad
1700 3513 1844 3583 passum
1860 3499 2211 3568 sanctae-stavianae
2226 3500 2416 3589 ecclesiae,

567 3647 622 3713 lta
646 3649 686 3712 ut
710 3644 954 3732 suprascripta
978 3645 1106 3716 inclita
1128 3649 1226 3734 petia
1246 3609 1291 3716 de
1315 3653 1413 3717 terra
1436 3667 1505 3734 que
1528 3650 1715 3717 arbustum
1740 3665 1817 3715 esse
1850 3648 2018 3736 videtur,
2053 3648 2208 3735 qualiter
2243 3651 2410 3736 superius

566 3797 632 3866 tibi
657 3800 899 3887 suprascripto
921 3800 1047 3867 domno
1070 3800 1234 3870 mirando
1257 3800 1367 3868 iudici
1390 3800 1550 3868 dedimus
1572 3804 1608 3868 et
1630 3798 1858 3886 tradidimus,
1882 3803 1923 3866 ut
1946 3800 2110 3886 superius
2134 3801 2281 3888 legitur,
2305 3803 2346 3868 In
2369 3821 2412 3873 eo

565 3955 686 4022 lamen
708 3957 860 4041 tenore,
885 3960 1061 4041 quatenus
1085 3959 1125 4023 tu
1148 3959 1184 4023 ot
1207 3955 1261 4024 tui
1285 3954 1433 4023 heredes
1458 3953 1636 4040 integram
1662 3952 1761 4021 illam
1786 3955 1874 4020 bene
1898 3957 1933 4020 et
1955 3951 2149 4040 diligenter
2173 3955 2345 4042 vitigiare
2374 3963 2413 4025 et
2541 3971 2546 3978 ·

564 4108 754 4175 arbustare
778 4113 814 4176 et
836 4109 994 4178 sructare
1017 4108 1189 4195 debeatis,
1214 4113 1321 4194 atque
1336 4107 1382 4176 ad
1398 4107 1582 4175 meliorem
1598 4105 1734 4172 cultum
1750 4104 1943 4191 perducere
1958 4106 2131 4193 debeatiS,
2148 4111 2184 4176 et
2206 4127 2269 4195 per
2293 4127 2415 4178 omnes

568 4259 658 4327 fines
693 4259 769 4328 eius
804 4261 968 4332 claudere
991 4268 1027 4360 et
1048 4263 1235 4332 defendere
1258 4260 1443 4348 debeatis,
1468 4259 1588 4328 omnia
1612 4257 1657 4328 ad
1682 4261 1803 4326 vestra
1826 4277 1984 4343 expensa
2007 4265 2193 4346 vestroque
2218 4261 2338 4331 labore
2364 4264 2415 4333 la·

569 4415 700 4482 borare
723 4423 759 4484 et
781 4418 988 4484 restaurare
1011 4435 1092 4483 cum
1116 4419 1212 4483 omni
1236 4420 1352 4482 uestro
1375 4431 1544 4500 expense,
1571 4417 1611 4480 ut
1633 4415 1761 4498 pareat
1784 4431 1923 4498 semper
1948 4414 2078 4480 bonum
2110 4415 2312 4484 laboratum
2335 4421 2417 4486 ante

567 4572 676 4638 bonos
699 4571 873 4638 homines.
899 4571 943 4638 Et
965 4569 1088 4638 omnia
1111 4588 1179 4656 que
1204 4567 1255 4636 ibi
1279 4567 1443 4635 dominus
1466 4567 1552 4634 deus
1575 4565 1712 4634 dederit
1735 4567 1774 4633 in
1797 4567 1954 4653 quolibet
1977 4568 2168 4655 seminato,
2193 4587 2256 4638 sou
2290 4570 2416 4638 uinum

568 4729 603 4792 et
628 4725 798 4798 sructora‚
825 4725 864 4789 in
884 4727 946 4790 tua
964 4721 1105 4808 tuisque
1129 4721 1318 4789 heredibus
1341 4721 1414 4789 sint
1437 4723 1625 4807 potestate,
1649 4719 1851 4788 laciendum
1875 4721 2007 4788 exinde
2031 4723 2242 4807 omniaque
2266 4723 2419 4790 volueri-

567 4875 629 4964 tis,
653 4881 688 4945 et
713 4875 850 4944 nullam
873 4879 1012 4961 partem
1036 4873 1104 4943 tibi
1127 4875 1269 4962 tuisque
1292 4873 1482 4941 heredibus
1505 4871 1636 4940 exinde
1660 4890 1883 4960 queramus,
1912 4877 1975 4941 aut
1998 4873 2165 4941 tollamus
2188 4891 2251 4959 per
2276 4873 2417 4941 nullum

569 5030 711 5098 modum
734 5028 784 5096 im
817 5031 1039 5115 perpetuum.
1065 5025 1318 5096 Tantummodo
1353 5023 1450 5090 omni
1479 5026 1638 5108 ternpore
1662 5027 1702 5090 tu
1725 5028 1761 5091 et
1783 5025 1835 5092 tui
1861 5025 2008 5093 heredes
2032 5025 2130 5090 omni
2154 5043 2249 5093 anno
2273 5027 2359 5095 dare
2382 5032 2421 5094 et

570 5179 745 5249 adducere
769 5164 927 5246 debeatis
951 5177 1053 5245 nobis
1076 5177 1278 5262 nostrisque
1301 5176 1451 5262 posteris
1475 5175 1578 5242 etad
1602 5177 1847 5262 suprascripta
1877 5183 2003 5245 sancta
2039 5181 2164 5246 nostra
2199 5179 2349 5248 ecclesia
2376 5179 2417 5246 in

572 5333 628 5400 die
651 5332 853 5401 festivitatis
876 5338 1023 5402 sanctae
1046 5331 1183 5400 mariae
1207 5332 1249 5400 de
1272 5349 1391 5398 mense
1415 5333 1556 5428 agust0,
1572 5327 1663 5395 idest
1680 5329 1762 5396 auri
1778 5333 1875 5396 tares
1899 5329 2020 5396 decem
2043 5330 2125 5398 boni
2152 5333 2288 5416 pesanti
2311 5351 2425 5422 nego-

569 5485 709 5554 tiantili
733 5487 816 5554 boni
840 5487 879 5554 in
903 5505 1005 5573 capu,
1024 5485 1102 5553 sine
1126 5484 1325 5553 detinentia
1347 5487 1383 5550 et
1407 5483 1541 5567 absque
1564 5479 1661 5546 omni
1686 5483 1811 5546 nostra
1835 5480 2093 5550 amaricatione
2110 5483 2166 5550 vel
2181 5482 2417 5556 damnietate.

568 5637 624 5704 lta
648 5641 686 5704 ut
709 5637 851 5725 integra
871 5636 1116 5724 suprascripta
1139 5633 1235 5722 petia
1257 5635 1299 5702 do
1323 5639 1513 5717 terraque
1537 5633 1723 5700 arbustum
1747 5650 1822 5700 esse
1847 5633 2002 5720 videtur,
2026 5651 2098 5700 non
2122 5637 2287 5704 habeatis
2308 5636 2421 5705 licen-

570 5789 659 5857 tiam
684 5795 745 5856 aut
769 5793 977 5875 potestatem
1002 5808 1063 5857 vos
1086 5794 1150 5856 aut
1172 5789 1282 5858 vestri
1304 5787 1449 5856 heredes
1475 5786 1591 5874 dare,
1615 5791 1677 5856 aut
1699 5787 1918 5876 subiugare,
1943 5788 1999 5856 vel
2023 5787 2164 5856 offerire
2189 5789 2234 5858 ad
2258 5791 2422 5877 qualem·
