5414 7098
1047 522 1458 596 DIPLOMATICUS
2088 521 2134 594 57

325 743 435 815 clesie
458 745 560 815 nobis
582 764 654 815 non
679 748 926 837 adimpleberit
949 755 985 818 et
1008 749 1140 838 aliquit
1163 750 1245 821 inde
1268 749 1558 840 contradixerit,
1593 770 1655 838 per
1691 750 1769 838 ipsa
1802 749 1937 838 guadia
1968 767 2180 838 componere

327 897 505 988 obligavit
537 920 574 970 se
602 901 677 989 ipse
705 903 815 972 abbas
838 905 964 991 suique
987 905 1250 973 successoribus
1273 909 1309 974 et
1332 923 1416 992 pars
1439 903 1551 992 ipsius
1572 903 1719 975 ecclesie
1742 905 1833 973 mihi
1857 904 2037 974 nominati
2062 905 2178 994 angili

328 1058 365 1121 et
389 1053 436 1121 ad
459 1054 547 1122 meis
571 1055 762 1124 heredibus
786 1056 917 1144 biginti
941 1058 1020 1125 auri
1045 1057 1148 1124 solidi
1174 1057 1380 1126 costantini.
1404 1059 1663 1128 Verumtamen
1687 1062 1724 1127 ot
1748 1057 1862 1128 licead
1893 1058 1991 1126 omni
2024 1060 2182 1145 tempore

329 1229 413 1298 pars
435 1211 549 1297 ipsius
573 1212 719 1282 ecclesie
743 1212 860 1280 fodere
884 1232 947 1300 per
971 1229 1042 1280 uno
1065 1212 1152 1300 lucc,
1176 1212 1271 1282 unde
1294 1217 1418 1300 aptum
1441 1214 1616 1302 paruerit,
1641 1233 1703 1302 per
1727 1216 1806 1302 ipsa
1827 1213 2024 1318 traditione
2040 1213 2084 1282 de
2100 1215 2176 1302 ipso

332 1368 521 1434 arbustum
545 1383 608 1452 pro
632 1367 818 1436 arcaturia
840 1366 883 1433 de
907 1365 1079 1434 molinum
1102 1371 1138 1434 et
1161 1385 1257 1452 aqua
1283 1367 1365 1435 inde
1387 1369 1589 1437 ammittere
1614 1369 1659 1438 ad
1682 1370 1798 1456 ipsum
1823 1368 2009 1456 molinum,
2033 1373 2070 1436 et
2092 1367 2179 1437 ada-

331 1538 442 1604 quare
473 1523 596 1587 ortora
630 1539 699 1606 que
738 1521 833 1590 iacta
855 1521 966 1589 suerit
993 1519 1038 1589 ad
1063 1519 1140 1606 ipso
1163 1520 1345 1588 olibetum.
1370 1521 1467 1598 Quod
1491 1521 1618 1609 scripsi
1642 1539 1708 1610 ego
1732 1520 1959 1608 supradictus
1982 1497 2179 1607 myrand'us

331 1674 504 1742 notarius.

378 1798 410 1915 †
434 1830 509 1916 Ego
532 1829 594 1915 qui
619 1848 730 1916 supra
753 1829 847 1899 maio
870 1829 1046 1915 presbiter
1069 1832 1105 1896 et
1127 1830 1237 1898 abbas

375 1952 408 2069 †
431 1983 506 2068 Ego
530 1987 654 2070 petrus
676 1983 853 2070 presbiter
875 1987 911 2052 et
933 1982 1159 2071 primicerius

376 2106 408 2224 †
434 2137 510 2224 Ego
534 2135 690 2204 friderisi
714 2137 890 2224 presbiter

378 2260 410 2377 †
434 2289 510 2377 Ego
533 2290 693 2360 ademari
717 2290 884 2360 notarius
908 2309 963 2358 me
987 2289 1179 2377 subscripsi

374 2416 406 2532 †
431 2445 506 2530 Ego
529 2443 720 2516 radoaldus
744 2461 799 2509 me
823 2443 1027 2529 subscripsi.

1063 2690 1469 2702 —--—---—-.-......

1123 2974 1401 3055 DCCXLI.

1108 3228 1162 3305 A.
1191 3226 1242 3305 D.
1271 3225 1399 3307 1022.

377 3471 414 3611 †
439 3523 478 3590 ln
502 3522 647 3590 nomine
671 3519 805 3588 domini
821 3539 917 3590 anno
931 3520 1111 3589 tricesimo
1135 3524 1263 3607 quarto
1282 3519 1505 3608 principatus
1520 3519 1642 3589 domni
1658 3523 1772 3590 nostri
1789 3524 1984 3612 guaimari,
2003 3529 2039 3594 et
2054 3531 2186 3613 quarto

334 3696 430 3746 anno
453 3677 678 3765 principatus
700 3675 821 3744 domni
844 3673 1025 3762 guaimari
1050 3673 1128 3740 eius
1150 3672 1253 3760 filio,
1278 3672 1423 3759 gloriosi
1447 3673 1685 3762 principibuS,
1709 3695 1829 3744 mense
1853 3681 2028 3772 agustus,
2054 3679 2181 3764 quinta

336 3831 541 3900 indictione.
567 3829 858 3898 memoratorium
882 3827 1016 3894 sactum
1039 3845 1062 3894 a
1086 3827 1188 3894 nobis
1211 3827 1318 3894 bocco
1334 3826 1409 3894 tilio
1424 3828 1602 3914 quondam
1627 3830 1777 3898 iohanni
1794 3834 1830 3899 et
1844 3835 1966 3917 petrus
1982 3831 2057 3898 tilio
2073 3849 2186 3918 quon-

334 3985 417 4054 dam
442 3982 681 4070 constantini,
706 3981 767 4069 qui
800 3997 922 4046 sumus
945 3979 1141 4066 congnati,
1174 3999 1215 4048 eo
1246 3981 1338 4066 quod
1368 3986 1452 4051 ante
1476 3982 1666 4069 subscripti
1691 3987 1823 4072 testes,
1855 3986 1976 4052 tamen
1998 4003 2065 4072 ego
2095 3986 2185 4055 iam-

333 4137 450 4206 dictus
472 4140 595 4225 petrus
617 4135 695 4204 vice
718 4155 798 4204 mea
821 4138 858 4202 et
881 4134 958 4203 vice
981 4151 1121 4221 gemme
1145 4151 1236 4202 uxor
1260 4153 1340 4204 mea
1363 4133 1440 4204 fllia
1463 4135 1660 4223 supradicti
1685 4137 1837 4206 iohanni
1859 4137 2105 4206 coniunsimus
2120 4157 2188 4208 nos

331 4311 412 4362 cum
435 4297 559 4380 potrus
582 4289 734 4357 clericus
757 4287 853 4356 filius
877 4287 1056 4374 quondam
1080 4287 1186 4374 petri.
1204 4284 1266 4356 llle
1290 4291 1410 4357 autem
1434 4289 1583 4358 admisit
1606 4292 1648 4358 et
1672 4289 1769 4359 dedit
1793 4290 1837 4359 de
1859 4295 1957 4361 terra
1975 4310 2040 4361 sua
2056 4293 2187 4363 baciba

331 4446 373 4514 de
397 4445 497 4513 intus
528 4446 622 4512 hanc
645 4441 905 4512 salernitanam
927 4439 1086 4528 cibitate,
1109 4440 1156 4511 ad
1179 4443 1299 4509 ortum
1323 4460 1521 4532 mangnum
1546 4442 1589 4512 de
1617 4443 1769 4512 latitudo
1793 4445 1975 4514 semmisse
1999 4462 2124 4534 unum,
2147 4419 2184 4514 11

333 4617 399 4668 nos
423 4599 597 4684 amboque
621 4596 767 4683 congati
792 4593 1002 4664 admisimus
1024 4597 1060 4662 et
1083 4592 1244 4662 dedimus
1268 4595 1311 4664 de
1334 4599 1434 4666 terra
1457 4601 1583 4668 nostra
1605 4595 1734 4668 baciba
1758 4598 1801 4666 de
1825 4599 2109 4689 intuspredicta
2131 4601 2186 4667 ci·

333 4757 446 4825 bitate
472 4754 594 4840 ibique
618 4725 829 4819 coniuntum
852 4749 896 4818 de
921 4747 1073 4817 latitudo
1096 4747 1271 4816 scmmissi
1294 4753 1380 4836 1111,
1404 4749 1450 4819 ad
1474 4751 1566 4818 iusto
1589 4750 1714 4837 pedem
1738 4769 1885 4820 manum
1907 4751 2045 4820 homini
2067 4755 2181 4821 totum

331 4911 400 4979 fuit
423 4910 696 4992 mensuratum3
721 4909 757 4974 et
780 4905 929 4973 fecimus
952 4904 1038 4972 duos
1061 4903 1167 4990 pedes
1189 4902 1232 4971 de
1256 4900 1406 4971 latitudo
1431 4905 1467 4970 et
1489 4919 1552 4987 por
1577 4901 1760 4990 longitudo
1783 4901 1825 4971 de
1848 4902 2038 4972 handitum
2061 4922 2184 4975 comu-

331 5082 376 5132 ne
401 5065 463 5150 qui
487 5065 539 5131 est
562 5081 585 5131 a
606 5079 691 5149 pars
714 5059 874 5146 meridie,
899 5062 935 5127 et
958 5076 1070 5144 nsque
1093 5055 1258 5125 strectola
1281 5072 1468 5123 commune
1492 5055 1555 5140 qui
1577 5059 1631 5122 est
1654 5073 1676 5123 a
1699 5054 1863 5142 partibus
1888 5058 2184 5144 septemtrionis,

332 5223 370 5288 in
394 5218 460 5290 tan
486 5219 611 5286 ordine
644 5221 765 5304 partes
787 5214 947 5302 partium
971 5216 1050 5301 ipsa
1074 5219 1172 5283 terra
1194 5213 1289 5280 inter
1313 5230 1377 5280 nos
1400 5210 1638 5299 admisimus,
1664 5214 1702 5278 ut
1727 5211 1803 5298 ipsa
1824 5217 1947 5300 petrus
1971 5213 2122 5283 clericus
2145 5221 2182 5286 et

331 5393 412 5442 suos
446 5373 567 5441 eredes
602 5371 646 5442 ad
677 5372 792 5439 omnis
815 5387 918 5437 suum
943 5368 1148 5455 espendium
1173 5367 1359 5448 mitterent
1382 5371 1418 5435 ct
1442 5365 1621 5436 fabricare
1645 5368 1683 5434 in
1710 5371 1814 5436 ambo
1837 5367 1906 5455 ipsi
1928 5369 2010 5455 pedi
2033 5369 2077 5438 dc
2101 5369 2180 5456 ipsa

335 5533 435 5596 terra
451 5544 515 5614 per
530 5524 681 5596 latitudo
703 5525 877 5611 parietem
901 5539 1031 5610 vonum
1048 5521 1092 5591 ad
1108 5524 1206 5607 petre
1231 5525 1266 5588 11
1289 5518 1436 5590 calceet
1458 5518 1598 5606 pumice
1614 5536 1758 5608 vonum,
1775 5520 1868 5588 sicut
1890 5521 2075 5608 meruerit,
2099 5540 2180 5590 cum

335 5681 609 5750 tundamentum
632 5697 708 5766 suo,
734 5677 826 5745 sicut
849 5677 1035 5764 meruerit,
1059 5677 1101 5745 de
1127 5675 1276 5744 latitudo
1299 5675 1473 5764 parietem
1497 5675 1612 5762 ipsum
1636 5675 1742 5762 pedes
1765 5675 1834 5744 duo
1857 5679 1893 5744 et
1916 5693 1979 5764 per
1995 5675 2181 5764 longitudo

335 5838 382 5906 da
408 5838 484 5924 ipso
509 5835 675 5906 anditum
699 5849 848 5902 comune
872 5837 907 5900 et
931 5850 1042 5918 nsque
1067 5831 1146 5918 ipsa
1169 5829 1336 5901 strectola
1359 5849 1508 5900 comune
1531 5830 1593 5915 qui
1617 5837 1697 5917 est,
1723 5831 1814 5900 sicut
1836 5829 2023 5918 diximus,
2051 5851 2074 5900 a
2095 5849 2182 5918 pars

485 5990 554 6046 'lon
578 6007 604 6046 v.
706 6032 712 6044 .
1973 5983 1988 6039 8
