5466 7106
1054 529 1454 604 DIPLOMATICUS
2059 527 2126 606 115

319 763 380 818 ras
403 749 482 836 ipsa
515 749 702 820 mensuris
736 751 775 820 in
809 755 911 839 parte
945 753 1207 840 septemtrionis
1231 773 1343 842 usque
1366 755 1489 826 obside
1517 755 1560 825 de
1582 755 1742 844 predicta
1766 755 1889 825 obside
1912 754 2027 824 sancti
2052 703 2181 842 quiri-¹

314 900 348 968 oi
368 947 742 970 ...............
756 905 876 973 666116
897 904 1081 992 potestatis
1102 909 1287 975 teneamus
1302 909 1338 975 et
1353 906 1574 977 dominamus
1598 925 1663 976 nos
1677 911 1713 976 et
1727 907 1900 993 homines,
1917 905 2011 994 quod
2030 904 2162 974 ibidem

316 1055 362 1126 ad
384 1056 617 1128 lavoranoum
639 1058 852 1138 miserimus,
876 1060 1033 1130 6116166
1056 1064 1092 1130 61
1114 1061 1230 1129 omnis
1253 1065 1372 1130 nostre
1396 1061 1567 1132 utilitatis
1591 1061 1886 1131 16616161166616
1890 1109 2166 1131 ...........
2252 1035 2255 1041 ’

314 1211 377 1296 qui
401 1210 474 1279 iam
497 1209 684 1300 diximus,
709 1214 769 1280 ubi
794 1215 848 1281 est
871 1216 1013 1282 eentum
1036 1214 1228 1302 sexaginta
1250 1213 1345 1300 passi
1369 1213 1493 1282 amodo
1517 1219 1553 1283 61
1577 1214 1883 1302 omnitempore,
1908 1219 1948 1284 ut
1971 1213 2045 1286 iam
2067 1215 2167 1286 dixi·

315 1381 407 1440 mus,
431 1363 607 1435 cultemus
630 1368 666 1433 61
689 1383 874 1453 operemus
896 1363 979 1435 inde
1004 1367 1412 1454 centumquadraginta
1436 1367 1557 1456 passi:
1582 1371 1704 1438 tamen
1727 1371 1842 1438 toturn
1874 1368 1955 1437 illut
1978 1367 2165 1439 eludamus

315 1517 452 1604 amede,
476 1522 512 1587 61
534 1517 671 1588 elusum
693 1519 774 1586 illut
798 1521 978 1606 abeamus,
1001 1522 1049 1608 et,
1075 1519 1136 1587 ubi
1159 1523 1359 1609 meruerit,
1382 1523 1545 1591 abellane
1568 1521 1665 1591 inira
1688 1522 1770 1590 illut
1794 1521 1844 1590 ibi
1869 1525 2097 1610 pastenemus
2121 1529 2157 1592 et

316 1688 520 1758 surgamus,
544 1676 580 1741 61
604 1675 715 1740 totum
738 1672 821 1740 illut
844 1669 1044 1741 1616166116
1057 1721 1067 1760 ,
1091 1675 1127 1740 61
1150 1690 1363 1761 surgamus,
1388 1681 1423 1744 et
1446 1675 1667 1762 studiemus,
1692 1675 1785 1742 siout
1809 1675 2007 1760 meruerit,
2031 1693 2162 1742 vonum

317 1822 597 1910 abelianietnm,
633 1830 673 1896 ut
695 1843 833 1914 semper
856 1826 896 1894 in
920 1825 1048 1894 melius
1071 1825 1242 1913 proficiad
1265 1831 1301 1896 61
1324 1846 1395 1896 666
1418 1828 1616 1916 disperead,
1640 1831 1676 1896 et
1698 1845 1761 1914 per
1785 1845 1923 1896 annum
1946 1846 2078 1896 vonum
2102 1849 2165 1915 pa-

316 1976 400 2047 read
423 1983 564 2048 aratum
590 1983 626 2047 61
649 1981 847 2051 1616161616
870 1984 906 2050 61
929 1981 1120 2068 euitatum,
1136 1987 1173 2050 et
1196 1981 1289 2049 unde
1313 1983 1487 2054 meruerit
1509 1983 1646 2050 clusum
1670 1981 1738 2069 ipsi
1755 1979 1887 2068 viginti
1903 1980 1968 2051 alii
1986 1979 2083 2068 passi
2102 1983 2165 2068 qui

315 2135 399 2199 sunt
421 2131 464 2199 de
492 2131 570 2218 ipsa
593 2135 805 2221 mensuria,
839 2135 1004 2204 insimul
1030 2139 1216 2205 teneamus
1239 2133 1321 2202 illut
1345 2155 1426 2204 oum
1449 2137 1524 2222 ipso
1548 2135 1639 2205 aliut
1662 2133 1723 2222 qui
1747 2133 1907 2206 diximus
1931 2153 2041 2222 usque
2066 2135 2160 2203 iam-

315 2283 413 2352 dicta
435 2282 557 2354 obsida
580 2291 616 2354 et
639 2286 678 2354 in
700 2288 770 2376 ipsi
794 2287 926 2376 viginti
949 2287 1045 2375 passi
1069 2285 1166 2356 inira
1188 2289 1264 2374 ipse
1287 2286 1450 2357 abellane
1473 2306 1541 2374 que
1566 2285 1615 2353 ibi
1639 2288 1748 2370 sunt3
1779 2285 1945 2354 similiter
1980 2283 2159 2372 abellane,

313 2437 375 2506 ubi
398 2437 585 2524 meruerit,
608 2439 810 2527 plantemus
833 2443 990 2528 tempore
1013 2440 1219 2528 aptassent
1242 2441 1425 2518 1661116111,
1451 2446 1487 2509 61
1511 2442 1570 2510 ubi
1588 2443 1738 2528 parutus
1761 2439 1824 2528 sit,
1841 2443 1881 2507 ut
1893 2458 1956 2527 per
1975 2442 2048 2506 tres
2065 2439 2162 2508 vices

315 2591 481 2662 abelleno
506 2592 708 2679 plantemus
731 2597 767 2662 et
790 2592 985 2662 studiemus
1009 2612 1139 2662 vonum
1162 2597 1199 2662 61
1222 2613 1293 2663 non
1317 2596 1541 2684 prandemus,
1564 2613 1636 2662 non
1660 2595 1794 2663 siamus
1817 2593 1900 2661 inde
1924 2591 1977 2662 eis
1999 2592 2162 2680 culpavi·

308 2749 380 2838 lis,
413 2754 466 2819 set
487 2749 730 2819 tantummodo
754 2750 932 2818 1161611116
956 2749 1050 2821 inira
1073 2748 1316 2837 suprascripta
1346 2751 1528 2819 mensuria
1557 2766 1621 2836 per
1653 2765 1766 2815 annos
1792 2794 2059 2816 ...........
2087 2748 2163 2836 ipso

310 2902 566 2972 abellanietum
590 2901 779 2990 colligendi
804 2901 978 2972 iaciamus
1001 2905 1119 2989 ipsum
1142 2901 1292 2969 domnus
1315 2902 1425 2994 abbas
1449 2902 1485 2968 et
1508 2901 1589 2970 eius
1612 2899 1733 2968 eredes
1756 2900 1861 2988 scire,
1878 2905 1919 2967 ut
1942 2899 1991 2967 ibi
2016 2899 2160 2988 dirigad

315 3055 463 3122 missum
486 3071 603 3142 suum,
628 3053 782 3142 quistet
808 3052 870 3141 ibi,
895 3070 1006 3140 usque
1029 3070 1249 3140 perannum
1272 3057 1344 3122 1616
1368 3053 1441 3140 ipse
1466 3019 1628 3122 abellane
1652 3052 1929 3140 collexerimus,
1955 3053 1985 3120 si
2009 3053 2163 3123 voluerit

309 3207 385 3295 ille,
409 3212 446 3276 et
469 3227 581 3296 usque
605 3208 689 3276 dum
712 3181 842 3276 ibidem
866 3205 1090 3276 616161111116
1114 3205 1228 3295 ipsum
1253 3223 1357 3275 suum
1381 3206 1529 3275 missum
1552 3207 1718 3294 notriad,
1747 3205 1903 3294 qualiter
1927 3205 2094 3294 voluerit,
2124 3209 2161 3275 61

308 3378 396 3449 nos,
420 3365 460 3429 ut
483 3361 656 3449 diximus,
681 3364 754 3449 ipse
777 3360 941 3432 abellane
964 3359 1176 3448 colligamus
1200 3365 1236 3429 et
1258 3361 1443 3430 seokemus
1468 3360 1597 3430 ibidem
1621 3361 1721 3428 intus
1744 3361 1823 3447 ipsa
1846 3362 1953 3428 rebus
1975 3361 2014 3428 in
2038 3362 2158 3448 ipsum

311 3514 512 3603 alipergum
535 3516 590 3584 161
614 3534 698 3586 casa
721 3536 790 3603 que
814 3516 864 3586 ibi
886 3515 1052 3602 iacimus,
1077 3517 1112 3583 et
1136 3485 1305 3602 abemus,
1329 3518 1364 3583 et
1385 3517 1520 3600 quante
1543 3511 1707 3582 abeliane
1730 3512 1814 3581 inde
1837 3511 2072 3601 colligimus,
2095 3534 2158 3602 per

312 3667 535 3738 medietatem
560 3667 620 3736 ille
644 3666 763 3755 ibique
786 3666 1016 3736 dividamus:
1049 3667 1196 3736 missum
1219 3667 1296 3736 eius
1319 3665 1569 3752 medietatem,
1603 3669 1639 3732 61
1662 3683 1726 3734 666
1760 3665 1999 3734 medietatem.
2025 3665 2110 3734 lllut
2133 3687 2156 3737 a

310 3823 405 3893 16166
427 3823 505 3910 ipsa
529 3825 712 3892 mensurio
734 3843 802 3910 quo
823 3821 1005 3909 diximus,
1028 3821 1194 3890 similiter
1217 3820 1300 3891 illut
1324 3821 1523 3891 lavoremus
1546 3823 1583 3889 et
1597 3821 1643 3890 ad
1660 3819 1893 3889 lavorandum
1914 3817 2050 3905 demus,
2067 3837 2156 3905 qua·

311 3977 394 4047 liter
416 3977 636 4065 potuerimus
655 4025 665 4064 ,
691 3981 727 4044 61
751 3975 909 4064 quitquit
931 3976 1091 4064 frugium
1114 3975 1196 4046 inde
1220 3977 1353 4046 exierit
1375 3996 1438 4065 per
1460 3994 1595 4046 annum
1618 3975 1763 4063 quercia
1787 3974 1843 4044 161
1868 3975 1940 4044 6116
1962 3975 2122 4063 frugium
2144 4021 2154 4058 ,

311 4149 376 4200 nos
403 4131 486 4200 illut
509 4129 722 4218 colligamus
744 4134 780 4198 61
802 4129 1011 4197 residiemus
1026 4126 1053 4213 ¹)
1067 4135 1102 4198 61
1117 4149 1180 4217 per
1203 4129 1429 4200 medietatem
1445 4129 1527 4200 illut
1542 4129 1673 4200 ibidem
1693 4128 1901 4198 admissum
1924 4127 2003 4197 eius
2018 4099 2157 4214 demus,

307 4285 534 4354 medietatem
557 4282 659 4351 nobis
682 4302 741 4352 eos
762 4284 942 4368 abeamus3
966 4282 1054 4350 etsi
1079 4285 1159 4369 quit
1181 4301 1244 4371 per
1267 4301 1403 4354 annum
1426 4282 1464 4351 in
1487 4281 1733 4370 suprascripta
1756 4283 1834 4370 ipsa
1856 4301 1922 4351 sua
1941 4281 2153 4369 traditione,

309 4439 446 4513 sivein
470 4443 586 4531 ipsum
610 4440 879 4530 abellanietum,
903 4441 1040 4511 sivein
1064 4441 1139 4530 ipso
1162 4441 1256 4512 alius
1279 4443 1516 4530 seminamus,
1540 4441 1663 4510 demus
1686 4439 1769 4510 inde
1793 4440 1916 4528 ibique
1940 4439 2158 4510 admissum

309 4593 386 4664 eius
409 4595 621 4667 terraticum
645 4594 839 4666 seeundum
862 4594 1155 4664 consuetudinem
1179 4593 1222 4663 de
1245 4595 1321 4682 ipso
1342 4593 1472 4680 looum,
1495 4591 1643 4661 missum
1665 4590 1744 4660 eius
1767 4589 1830 4679 qui
1852 4591 2024 4678 diximus,
2047 4590 2158 4659 donee

305 4767 526 4834 perannum
550 4769 615 4838 pro
637 4749 712 4838 ipse
736 4747 899 4819 abellane
922 4747 1179 4836 recipiendum,
1204 4745 1258 4816 161
1282 4765 1347 4836 pro
1371 4746 1447 4834 ipso
1470 4745 1583 4817 alium
1607 4744 1767 4834 frugium
1782 4743 1992 4832 tollendum,
2011 4743 2067 4814 vel
2090 4761 2156 4830 pro

305 4903 383 4990 ipso
407 4903 620 4974 terraticum
644 4901 774 4970 ibidem
796 4901 949 4988 steterit,
972 4917 1037 4968 nos
1060 4916 1141 4968 eum
1157 4900 1356 4968 nutriamus
1366 4895 1560 4966 secundum
1576 4896 1735 4964 nostram
1751 4893 2034 4980 possibilitatem.
2056 4895 2156 4998 Unde

306 5073 370 5143 per
395 5053 694 5125 combenientiam
718 5052 854 5142 guadia
876 5050 966 5120 mihi
983 5049 1099 5139 ipsum
1115 5050 1264 5119 domnus
1280 5051 1390 5121 abbas
1404 5049 1502 5120 dedit
1518 5053 1554 5118 et
1569 5046 1799 5117 mediatorem
1823 5044 1915 5115 mihi
1938 5045 2059 5135 posuit
2081 5049 2156 5137 gri·

305 5207 467 5280 moaldus
490 5223 606 5276 comes
628 5203 725 5274 filius
748 5203 926 5293 quondam
951 5204 1070 5291 amizi;
1086 5208 1122 5273 et
1136 5223 1199 5292 per
1215 5204 1294 5292 ipsa
1309 5204 1445 5293 gualia
1467 5207 1530 5275 616.
1555 5205 1705 5274 Statana
1728 5203 1862 5272 mulcta
1886 5200 2017 5290 6161611
2031 5201 2156 5272 solido·

302 5381 387 5432 rum
412 5363 652 5434 Constantini.
677 5362 831 5431 lantum
854 5359 898 5429 de
921 5357 1001 5427 illut
1023 5357 1070 5428 da
1092 5357 1160 5446 ipsi
1184 5361 1329 5430 eentum
1351 5357 1596 5448 quadraginta
1617 5357 1726 5446 passi,
1744 5358 1807 5446 qui
1826 5355 1987 5425 diximus
2011 5357 2050 5424 in
2074 5359 2154 5444 ipsa

345 5825 370 5902 ⁵)
396 5823 600 5886 residiemus:
623 5821 810 5896 Residiore,
833 5837 894 5883 1611
916 5820 1074 5900 vulgaris,
1100 5838 1309 5884 coacervare.
1333 5818 1435 5882 Deest
1457 5823 1491 5881 111
1513 5819 1562 5882 Du
1586 5821 1707 5903 Gange.
