5466 7106
592 514 661 589 132
1072 567 1079 578 .
1231 514 1411 588 tubex
1452 517 1717 593 unvunsls

592 744 732 812 Eadem
756 747 888 814 charta
911 745 1064 812 continet
1091 741 1344 811 tractatorem
1365 745 1577 830 morpoaccb
1600 744 1644 812 ab
1667 745 1783 815 eodem
1818 747 1977 816 Iohanne
2007 749 2148 832 factam
2180 741 2386 818 Rodclaitac

541 899 656 966 amori
680 917 764 966 sace
785 899 843 966 dic
865 897 1020 966 secanda
1043 897 1271 982 nuptiarum,
1295 900 1328 964 et
1351 897 1406 966 ita
1429 901 1584 986 sequitur
1602 921 1632 966 ».

583 1094 620 1236 †
647 1149 687 1216 ln
710 1146 855 1215 nomine
878 1145 1013 1215 domini
1037 1164 1131 1214 nono
1154 1163 1249 1215 anno
1272 1147 1498 1236 principatus
1521 1149 1640 1219 domni
1658 1151 1773 1220 nostri
1789 1151 1986 1239 guaimari,
2000 1154 2037 1221 et
2054 1150 2397 1240 primoanno'prin·

535 1301 680 1386 cipatus
702 1300 829 1369 domne
852 1299 1079 1388 gaitelgrime
1101 1300 1277 1388 genitrice
1301 1299 1392 1389 eius,
1416 1302 1583 1388 gloriosis
1605 1299 1845 1388 principibus,
1869 1319 1990 1370 mense
2014 1301 2153 1388 iunius,
2177 1301 2316 1372 decima
2340 1304 2397 1370 in-

535 1453 709 1523 dictione.
742 1455 908 1541 Ydeoquc
938 1471 1004 1542 ego
1035 1453 1208 1522 iohannes
1232 1453 1327 1520 illius
1350 1453 1454 1538 ydem
1478 1455 1644 1542 iohanni,
1668 1455 1753 1523 dum
1778 1457 1887 1524 michi
1911 1459 1947 1524 te
1971 1453 2102 1525 mulier
2126 1455 2270 1526 nomine
2294 1457 2394 1526 rode·

538 1606 630 1678 laita
652 1608 729 1678 fllia
751 1608 844 1696 petri
870 1613 907 1679 at
931 1626 1008 1678 meo
1034 1609 1169 1678 sociavi
1191 1608 1371 1698 coniugio,
1397 1610 1483 1676 tunc
1500 1608 1539 1676 in
1554 1607 1627 1678 alia
1642 1607 1699 1676 die
1715 1607 1925 1696 nuptiarum
1942 1611 2027 1678 ante
2049 1613 2217 1696 parentes
2240 1615 2276 1680 et
2300 1611 2389 1681 ami-

536 1778 596 1830 ces
619 1765 758 1830 nostros
781 1762 978 1831 secundum
1002 1763 1094 1832 ritus
1117 1764 1237 1856 gentis
1260 1767 1381 1832 nostre
1417 1762 1720 1850 langobardorum
1751 1779 1815 1848 per
1846 1763 1942 1830 hunc
1976 1761 2150 1852 scriptum
2179 1766 2392 1852 morgincap

541 1915 645 1984 trado
667 1917 776 2002 atque
798 1917 969 1984 confirmo
992 1916 1061 1987 tibi
1084 1916 1243 2005 predicte
1267 1918 1374 1986 uxori
1398 1934 1475 1984 mee
1499 1919 1665 2002 quartam
1689 1915 1787 1982 enim
1810 1917 1914 2001 parto
1935 1915 1979 1983 de
2010 1934 2057 1984 ex
2086 1917 2252 1985 omnibus
2287 1920 2393 1987 rebus

540 2067 753 2138 substantiis
774 2071 878 2158 meis,
901 2090 924 2157 y
947 2074 1033 2139 sunt
1057 2067 1150 2138 casis
1171 2073 1208 2138 et
1231 2067 1449 2137 intrinsecus
1473 2066 1578 2154 casis,
1602 2067 1798 2156 territorio,
1822 2067 1963 2154 vinem,
1988 2068 2163 2156 arbusta,
2188 2069 2392 2156 quertieta,

536 2223 751 2310 castanieta,
775 2223 924 2312 campis,
949 2221 1066 2310 silbis,
1089 2222 1267 2291 montibus
1291 2239 1399 2308 quam
1422 2225 1458 2289 et
1483 2221 1522 2287 in
1547 2220 1680 2308 planiS,
1695 2220 1830 2289 cultum
1847 2220 1902 2290 vel
1918 2219 2113 2309 incultum,
2131 2223 2261 2292 mobile
2281 2227 2390 2311 atquc

538 2377 719 2466 inmobile,
742 2379 856 2446 servis
880 2377 937 2445 rel
960 2375 1103 2446 ancillis
1126 2375 1226 2462 moia,
1250 2373 1413 2463 peculiis,
1437 2375 1539 2461 ydest
1561 2375 1604 2444 de
1628 2375 1748 2444 omnia
1771 2380 1807 2444 et
1831 2377 1871 2443 in
1888 2376 2053 2444 omnibus
2077 2395 2146 2463 que
2169 2395 2267 2445 nuno
2290 2379 2391 2448 modo

542 2533 643 2619 abac,
660 2531 715 2600 vel
731 2530 824 2618 quod
848 2533 887 2600 iu
911 2533 1019 2599 antea
1043 2529 1288 2615 undecumque
1311 2546 1374 2596 seu
1398 2526 1721 2614 quomodocumque
1746 2519 1876 2614 parare
1900 2532 1964 2596 aut
1987 2529 2202 2615 conquidere
2230 2533 2390 2616 potueri-

538 2701 640 2772 mus,
664 2685 739 2753 sive
763 2683 855 2770 quod
878 2689 932 2752 est
955 2687 1105 2770 paterna
1129 2682 1185 2750 vel
1208 2683 1372 2750 materna
1395 2679 1599 2749 substantia
1624 2679 1734 2748 miehi
1757 2677 1929 2768 pertinet,
1955 2679 2010 2748 vel
2034 2681 2256 2768 pertinentes
2280 2685 2390 2752 suerit

540 2839 660 2924 abere,
675 2838 718 2906 de
742 2841 854 2907 totum
877 2837 945 2906 tibi
969 2837 1126 2924 predicte
1150 2836 1255 2903 uxori
1279 2852 1357 2903 mee
1380 2837 1548 2920 quartam
1564 2837 1666 2919 parte
1683 2832 1833 2920 tradidi,
1852 2835 1919 2901 sub
1935 2852 1978 2903 ea
1994 2833 2138 2921 quidem
2154 2835 2320 2905 videlicet
2334 2856 2392 2907 ra-

540 2993 654 3083 tione,
678 2999 719 3062 ut
742 2995 788 3064 ab
812 2993 998 3062 odiernum
1021 2992 1079 3060 die
1095 2996 1134 3060 at
1148 2997 1212 3060 tua
1230 3008 1297 3077 que
1321 3009 1432 3077 supra
1455 2992 1562 3060 uxori
1584 3007 1661 3058 mee
1684 2989 1758 3058 sint
1781 2993 2005 3077 potestatem,
2031 2989 2234 3059 faciendum
2257 2991 2387 3061 exinde

538 3148 635 3218 iusta
658 3147 773 3236 legem
796 3146 919 3216 omnia
942 3145 1035 3233 quod
1059 3143 1256 3231 volueritis3
1282 3147 1336 3212 set
1360 3161 1475 3230 neque
1500 3163 1523 3213 a
1546 3161 1601 3212 me
1625 3143 1686 3230 qui
1711 3161 1821 3228 supra
1845 3141 1923 3210 viro
1945 3143 2040 3229 tuus,
2064 3160 2180 3230 neque
2204 3165 2226 3214 a
2255 3146 2385 3214 nostris

539 3303 743 3389 heredibus,
766 3320 881 3389 neque
904 3321 927 3370 a
951 3301 1072 3369 nullus
1095 3316 1297 3387 quenquam
1322 3295 1526 3366 hominibus
1550 3294 1687 3364 abeatis
1710 3294 1843 3362 exinde
1866 3294 2059 3380 aliquando
2082 3295 2243 3383 aliquam
2268 3301 2386 3386 requi-

541 3455 721 3542 sitionem,
744 3459 800 3525 set
823 3460 862 3524 in
886 3453 1069 3542 perpetuis
1091 3450 1311 3538 temporibus
1335 3469 1460 3518 securo
1483 3449 1626 3517 nomine
1649 3465 1708 3516 eos
1731 3449 1838 3518 abere
1861 3452 1896 3516 et
1912 3447 2091 3534 possidere
2109 3449 2273 3520 baleatis.
2295 3454 2392 3530 Quod

541 3633 624 3682 vero
646 3613 820 3700 scriptum
844 3613 962 3696 ystum
987 3607 1196 3696 morgincap
1219 3623 1268 3694 yn
1292 3623 1332 3674 eo
1357 3605 1506 3674 hordine
1530 3605 1674 3672 firmum
1697 3608 1733 3672 et
1756 3602 1885 3670 stavile
1909 3609 2131 3690 permaneat.
2158 3604 2273 3680 Quam
2297 3607 2395 3676 enim

537 3771 572 3837 te
598 3767 784 3855 iaquintus
808 3768 969 3838 notarius
994 3763 1151 3834 scribere
1175 3761 1381 3852 rogabimus
1405 3763 1552 3830 hactum
1575 3757 1731 3827 salerno.

581 3893 611 4009 †
638 3923 713 4010 Ego
737 3919 901 3990 lanfreda
924 3919 1115 4006 presbiter.

585 4049 616 4166 †
642 4079 717 4168 Ego
740 4078 826 4147 sico.

1255 4357 1672 4370 ...-..-—-.-———..-----

1320 4649 1617 4735 DCCXCII·

1319 4917 1372 4994 A.
1401 4911 1451 4990 D.
1480 4907 1609 4992 1022.

592 5162 628 5304 †
653 5217 693 5282 ln
717 5211 860 5281 nomine
882 5211 1016 5280 domini
1038 5227 1133 5278 nono
1148 5225 1243 5279 amm
1259 5207 1484 5295 principatus
1499 5203 1619 5271 domni
1637 5201 1750 5270 nostri
1768 5199 1982 5288 guaimarii,
2006 5205 2042 5269 et
2058 5200 2173 5286 primo
2197 5219 2292 5270 anno
2308 5203 2406 5290 prin-

547 5369 688 5460 cipatus
709 5369 836 5437 domne
858 5365 1086 5454 gaitelgrime
1110 5361 1292 5450 genetrice
1316 5361 1405 5446 eiuS,
1423 5357 1570 5447 gloriosi
1588 5355 1781 5443 principes,
1800 5371 1920 5422 mense
1937 5353 2063 5440 iulius,
2088 5353 2225 5424 decima
2242 5353 2406 5425 indictio·

546 5543 604 5593 ne.
632 5521 921 5592 Memoratorium
946 5521 1080 5590 sactum
1102 5537 1124 5587 a
1148 5533 1203 5582 me
1226 5510 1422 5598 radelgbisi
1445 5529 1560 5580 comes
1585 5510 1680 5579 filius
1703 5509 1883 5598 quondam
1917 5507 2094 5586 adollam,
2119 5525 2160 5575 eo
2191 5509 2285 5594 quod
2321 5515 2406 5582 anto

544 5677 738 5763 subscripti
762 5679 870 5744 testes
897 5692 961 5762 per
985 5675 1077 5742 bona
1101 5667 1352 5739 conbenientia
1382 5664 1535 5736 tradidit
1566 5663 1612 5732 ad
1645 5662 1838 5732 tenendum
1870 5665 1905 5730 et
1935 5661 2211 5750 gubernandum
2248 5665 2405 5734 iohanni

543 5825 641 5914 greci
666 5830 702 5895 et
725 5826 915 5895 molinator
940 5843 1052 5892 unum
1078 5819 1250 5888 molinum
1273 5809 1391 5887 metim
1413 5816 1666 5904 pertinentem,
1690 5816 1783 5904 quod
1807 5818 1895 5886 abeo
1918 5815 2124 5886 edificatum
2148 5817 2188 5885 in
2210 5817 2318 5885 dubio
2335 5820 2402 5888 be·
