5414 7098
1272 552 1447 625 CODEX
1489 552 1757 634 GAVENSIS

1328 991 1662 1074 DCCXVIII.

1344 1254 1397 1330 A.
1425 1252 1475 1330 D.
1505 1251 1628 1333 1019.

629 1489 728 1628 †1n
753 1543 897 1611 nomine
920 1542 1056 1610 domini
1079 1542 1137 1610 dei
1161 1543 1355 1612 salvatoris
1380 1543 1482 1611 ihesu
1504 1544 1621 1632 cristi,
1645 1545 1844 1632 imperante
1868 1545 1997 1614 domno
2020 1547 2149 1617 basilio
2173 1567 2307 1638 magno
2330 1551 2445 1640 impe-

581 1700 704 1766 ratore
726 1715 822 1766 anno
845 1699 1083 1785 sexagesimo,
1100 1698 1162 1766 sed
1185 1700 1222 1766 et
1244 1696 1478 1765 Constantino
1502 1713 1634 1782 magno
1657 1697 1873 1783 imperatore
1896 1699 2010 1767 frater
2033 1698 2112 1768 eius
2137 1719 2233 1770 anno
2260 1703 2442 1792 quinqua-

579 1848 718 1936 gesimo
741 1851 916 1938 septimo,
941 1849 1000 1918 die
1024 1850 1195 1918 bicesima
1218 1853 1351 1934 quarta
1376 1849 1509 1916 mensis
1532 1849 1730 1934 novembri,
1756 1848 1953 1919 indictione
1979 1853 2090 1922 tertia
2113 1854 2268 1942 neapoli.
2294 1857 2438 1928 Certum

578 2008 634 2071 est
657 2022 713 2072 me
736 2003 855 2072 maria
878 2005 982 2071 heres
1005 2004 1069 2089 qui
1092 2001 1266 2074 manenda
1288 2001 1487 2088 clamatur,
1510 2001 1588 2070 filia
1611 2002 1790 2088 quondam
1822 2003 1942 2072 domni
1973 2005 2084 2092 sergii
2115 2008 2178 2093 qui
2208 2011 2440 2097 cognomina-

579 2161 688 2228 batur
710 2159 904 2246 passibola,
927 2159 1057 2227 relicta
1078 2161 1199 2227 autem
1222 2157 1401 2244 quondam
1423 2156 1544 2222 domni
1567 2154 1728 2224 theodori
1752 2154 1935 2243 mischini,
1959 2177 1982 2227 a
2005 2159 2163 2245 presenti
2182 2161 2240 2229 die
2265 2166 2434 2250 promtis·

578 2312 670 2382 sima
685 2311 878 2380 volumtate
893 2309 1119 2379 venumdedi
1135 2314 1171 2379 et
1186 2308 1336 2378 tradidit
1351 2308 1417 2376 tibi
1433 2308 1565 2394 sergio,
1589 2307 1651 2394 qui
1675 2308 1884 2377 nominatur
1908 2311 2130 2398 spongatello
2155 2311 2230 2382 filio
2254 2316 2434 2402 quondam

579 2465 675 2533 leoni
697 2465 831 2533 dudum
856 2465 1047 2551 nauclerii,
1072 2465 1134 2552 qui
1157 2463 1343 2531 dicebatur
1367 2460 1644 2548 scacarititiata,
1669 2461 1762 2530 idest
1778 2461 1964 2549 integrum
1977 2464 2206 2534 horticellum
2228 2486 2348 2537 meum
2371 2474 2435 2559 qui

577 2616 667 2684 mihi
691 2620 849 2705 pertinet
872 2637 935 2704 per
958 2618 1136 2704 quondam
1156 2614 1392 2703 suprascripti
1419 2616 1545 2683 domno
1568 2614 1705 2683 teodori
1739 2614 1908 2684 mischini
1943 2615 2015 2685 biri
2046 2619 2144 2706 mei,
2167 2621 2320 2707 positum
2349 2643 2432 2695 voro

575 2789 649 2838 non
674 2771 797 2859 procul
821 2775 867 2840 ab
890 2771 1043 2839 ecclesia
1065 2770 1184 2840 sancti
1208 2767 1438 2855 archangeli,
1462 2773 1591 2854 queet
1613 2769 1760 2855 ponitur
1784 2772 1909 2838 subtus
1923 2789 2025 2837 muro
2040 2772 2182 2857 publico
2205 2777 2431 2862 regrediente

575 2929 681 3009 porta
704 2926 887 3011 novensis,
911 2926 951 2992 in
974 2924 1082 2992 simul
1107 2942 1182 2991 una
1205 2940 1287 2989 oum
1304 2919 1491 2989 introitum
1503 2939 1609 3030 suum
1624 2925 1662 2988 et
1677 2920 1841 2990 omnibus
1856 2922 1924 2990 sivi
1941 2922 2220 3014 pertinentibus
2236 2929 2432 3001 coherente

575 3080 645 3148 sivi
669 3081 712 3147 de
737 3097 808 3146 uno
834 3079 947 3148 latere
970 3081 1073 3165 parte
1097 3074 1360 3163 septemtrionis
1383 3075 1528 3141 hortum
1550 3071 1698 3141 ecclesio
1721 3073 1893 3143 vocabulo
1916 3077 2032 3145 sancti
2057 3078 2154 3146 felici
2179 3081 2272 3150 iuris
2289 3084 2429 3155 domurn

574 3232 720 3301 heredes
745 3232 925 3318 quondam
948 3229 1070 3298 domni
1093 3229 1203 3316 sergii
1228 3229 1272 3296 de
1295 3228 1442 3314 appium
1465 3227 1685 3313 postmodum
1713 3222 1798 3294 re'ro
1821 3233 1968 3316 monte,
1991 3231 2099 3302 sicuti
2132 3235 2228 3304 inter
2263 3257 2301 3306 se
2336 3243 2431 3328 sepis

573 3383 714 3455 exlinat
738 3389 837 3453 etex
855 3386 923 3452 alio
947 3383 1060 3453 latere
1082 3383 1187 3470 parte
1211 3379 1361 3447 meridie
1385 3382 1439 3447 est
1453 3378 1621 3467 bicalem,
1637 3382 1732 3452 unde
1749 3386 1788 3451 tu
1814 3387 1850 3453 et
1865 3384 2013 3454 heredes
2029 3387 2105 3456 tuis
2118 3389 2250 3460 exinde
2267 3395 2433 3464 anditum

574 3546 611 3610 et
637 3539 825 3608 introitum
849 3543 957 3609 abere
980 3539 1139 3608 debeatis
1162 3559 1184 3606 a
1206 3538 1454 3624 suprascripto
1477 3535 1676 3604 orticellum
1700 3537 1762 3625 qui
1786 3539 1952 3626 superius
1980 3541 2047 3609 tibi
2072 3545 2340 3637 Venumdedit,
2366 3553 2429 3622 het

572 3695 621 3764 da
636 3695 773 3765 duabus
791 3693 969 3781 capitibus
986 3693 1032 3762 da
1048 3697 1184 3780 partem
1203 3693 1376 3760 horientis
1400 3695 1437 3760 et
1452 3691 1498 3759 da
1513 3694 1654 3778 partem
1669 3692 1864 3762 occidentis
1880 3699 1965 3764 sunt
1980 3697 2128 3767 hossuas
2143 3701 2256 3787 ipsius
2280 3704 2428 3774 ecclesie

570 3848 692 3918 sancti
716 3847 956 3936 archangeli,
979 3847 1151 3933 quomodo
1185 3845 1279 3933 sepis
1310 3843 1462 3931 exfinat,
1485 3844 1530 3912 de
1560 3846 1691 3932 quibus
1705 3845 1799 3914 nihil
1814 3845 1906 3916 mihi
1929 3849 2061 3919 exinde
2084 3851 2230 3940 aliquod
2253 3858 2429 3925 remansit

572 4003 664 4072 haut
689 4003 872 4073 reservabi
892 4053 902 4090 ,
925 4021 991 4072 nec
1015 4005 1054 4071 in
1076 4003 1197 4072 aliena
1220 4002 1392 4087 cuiusque
1415 4015 1595 4086 persona,
1619 3999 1714 4085 quod
1745 4000 1866 4088 absit,
1901 4001 2044 4071 comisit
2076 4009 2141 4073 aut
2171 4005 2246 4075 iam
2279 4011 2435 4080 comicie·

572 4159 800 4244 potestatem,
816 4161 870 4226 set
893 4178 916 4226 a
933 4156 1092 4244 presenti
1108 4156 1166 4224 die
1180 4161 1216 4225 et
1231 4155 1399 4241 deinceps
1418 4151 1710 4241 prenominatum
1727 4152 2011 4240 suprascriptum
2030 4155 2213 4246 integrum
2228 4160 2431 4230 orticellum

574 4329 707 4398 meum,
732 4311 794 4398 qui
818 4309 908 4379 mihi
933 4305 1091 4398 pertinet
1113 4326 1177 4396 per
1202 4308 1381 4396 quondam
1405 4305 1642 4394 suprascripti
1665 4303 1738 4372 biri
1762 4305 1847 4393 mei,
1872 4307 2028 4394 qualiter
2050 4312 2087 4379 et
2103 4312 2273 4398 quomodo
2287 4313 2356 4382 tibi
2371 4332 2432 4383 eos

573 4485 639 4552 per
662 4465 928 4552 suprascriptas
951 4461 1176 4532 coherentias
1199 4460 1431 4550 exegregavi,
1455 4460 1572 4526 setin
1596 4458 1753 4546 integro,
1776 4457 1871 4526 sicut
1891 4461 2057 4546 superius
2080 4461 2227 4550 legitur,
2243 4484 2268 4534 a
2289 4485 2346 4535 me
2362 4467 2430 4537 tibi

573 4620 621 4688 sit
645 4619 914 4689 venumdatum
936 4621 973 4687 et
994 4618 1169 4688 traditum
1193 4616 1231 4684 in
1255 4618 1320 4683 tua
1342 4613 1466 4702 tuique
1490 4611 1681 4681 heredibus
1704 4610 1777 4680 sint
1799 4616 1998 4701 potestate,
2021 4614 2102 4702 quit
2126 4615 2206 4703 quit
2221 4615 2353 4687 exinde
2379 4619 2433 4690 la·

573 4787 655 4837 cere
680 4769 880 4854 volueritis,
904 4787 1042 4857 semper
1066 4771 1106 4838 in
1129 4769 1295 4835 omnibus
1319 4763 1473 4834 arbitrio
1497 4763 1650 4831 liberam
1672 4762 1812 4831 abeatis
1835 4766 2060 4851 potestatem3
2077 4769 2113 4834 et
2128 4784 2245 4854 neque
2261 4787 2284 4837 a
2299 4787 2357 4838 me
2371 4787 2429 4839 su·

574 4922 779 5010 prescripta
801 4921 918 4992 maria
932 4923 1036 4991 heres
1060 4921 1123 5009 qui
1146 4919 1319 4990 merenda
1342 4919 1534 5004 clamatur,
1551 4935 1667 5004 neque
1690 4935 1713 4984 a
1736 4915 1826 4984 meis
1849 4899 2054 5005 heredibus
2069 4936 2135 4986 nec
2150 4939 2174 4988 a
2199 4939 2253 4989 me
2275 4939 2431 5009 persona

572 5074 776 5161 summissa,
800 5075 899 5142 nullo
923 5079 1116 5164 temporem
1140 5093 1338 5161 numquam
1362 5078 1403 5141 tu
1427 5071 1674 5160 suprascripto
1697 5071 1816 5158 sergio
1839 5075 1904 5140 aut
1930 5073 2076 5141 heredes
2102 5075 2188 5164 tuis,
2211 5077 2304 5164 quod
2319 5079 2428 5166 sepsit.

578 5225 718 5294 abeatis
740 5226 871 5294 exinde
896 5225 1090 5313 aliquando
1114 5244 1334 5312 quacumque
1358 5224 1643 5312 requisitionem,
1662 5227 1727 5292 aut
1742 5223 1943 5294 molestiam
1958 5245 2022 5312 per
2037 5225 2176 5296 nullum
2191 5229 2331 5298 modum
2337 5280 2348 5318 ,
2363 5249 2430 5301 nec

574 5399 639 5466 per
662 5381 887 5449 summissam
911 5398 1100 5468 personam
1123 5399 1146 5448 a
1169 5396 1265 5444 nunc
1290 5383 1325 5446 et
1348 5379 1397 5444 im
1421 5379 1605 5465 perpetuis
1627 5379 1869 5467 temporibus:
1895 5381 2042 5468 insuper
2066 5388 2102 5451 et
2124 5403 2170 5453 av
2203 5383 2318 5453 omnis
2341 5389 2429 5455 omi·

580 5554 645 5604 nes
668 5535 864 5622 homnique
887 5553 1058 5622 personas
1083 5535 1203 5602 homni
1228 5536 1422 5620 temporem
1444 5550 1514 5620 ego
1536 5537 1572 5601 et
1594 5532 1742 5600 heredes
1758 5531 1847 5599 meis
1862 5532 1930 5601 tibi
1946 5533 2071 5620 tuique
2087 5536 2277 5606 heredibus
2292 5537 2374 5608 illut
2388 5541 2427 5611 in

574 5688 743 5756 omnibus
767 5688 852 5758 illut
873 5691 1054 5758 antestare
1077 5693 1113 5757 et
1135 5686 1323 5756 defensare
1338 5685 1529 5755 debeamus
1545 5704 1654 5772 esque
1671 5688 1794 5756 homni
1810 5691 1873 5758 tua
1897 5687 2137 5778 heredumque
2161 5694 2305 5760 tuorum
2328 5692 2428 5762 dam·

575 5843 746 5912 nietatem
770 5842 909 5913 nullam
932 5841 1000 5911 tibi
1024 5839 1149 5928 tuique
1173 5839 1363 5908 heredibus
1386 5839 1517 5908 exinde
1541 5839 1723 5908 mittentes
1746 5839 1989 5929 occasionem3
2014 5845 2274 5933 propterquod
2302 5846 2427 5934 accepi
