5422 7102
1014 539 1418 646 ornucuarrcus
2017 550 2093 620 ros

290 769 395 838 dibus
419 765 557 836 dederit
581 764 713 834 exinde
735 764 902 834 chartula
925 765 1100 853 inbenta,
1124 766 1265 837 mittere
1287 769 1386 840 illam
1410 769 1599 840 debeamus
1622 775 1709 859 aput
1733 789 1794 839 vos
1825 775 1861 841 ct
1882 771 2011 840 vestris
2034 773 2137 841 here-

290 919 395 988 dibus
418 919 497 988 sine
519 921 641 988 uestra
664 915 922 989 amaricatione
945 917 1000 986 vel
1024 917 1295 990 damnietatem.
1312 921 1409 999 Quod
1433 923 1464 991 si
1488 921 1635 992 minime
1656 924 1756 992 vobis
1779 923 1909 993 exinde
1925 923 2137 992 steterimus

291 1075 326 1140 et
350 1071 482 1158 omnia,
508 1075 547 1140 ut
569 1090 675 1158 super
698 1071 843 1158 legitur,
860 1089 932 1138 non
949 1071 1263 1160 atimpleverimus,
1287 1091 1495 1160 componere
1518 1073 1760 1162 promittimus
1777 1092 1840 1142 nos
1855 1079 1892 1144 et
1907 1074 2055 1145 heredes
2080 1092 2144 1142 no·

296 1221 385 1290 stris
407 1221 509 1289 uobis
532 1226 568 1290 et
591 1225 631 1292 at
654 1222 848 1291 heredibus
870 1223 997 1292 vestris
1021 1224 1101 1292 auri
1126 1222 1253 1290 solidos
1276 1223 1445 1292 ducentos
1460 1223 1677 1314 byzianteos,
1697 1229 1733 1296 et
1749 1230 1815 1308 hcc
1830 1226 1997 1297 chartula
2020 1229 2143 1296 nostre

294 1376 524 1464 venditionis,
548 1379 588 1444 ut
610 1395 716 1463 super
740 1375 887 1463 legitur,
911 1376 1017 1445 firma
1039 1361 1248 1462 permaneat
1272 1377 1321 1443 im
1345 1381 1564 1468 perpetuum.

341 1502 371 1619 †
395 1531 471 1618 Ego
496 1529 641 1616 lupinus
665 1531 772 1599 iudex
795 1529 891 1599 filius
913 1529 1139 1618 pantaleonis
1162 1530 1264 1599 testis
1287 1549 1365 1599 sum

338 1662 369 1778 †
393 1689 469 1775 Ego
493 1702 598 1752 ursus
620 1683 717 1751 tilius
740 1685 923 1754 mansonis
946 1682 1065 1750 clerici
1088 1681 1190 1750 testis
1213 1700 1292 1750 sum

338 1809 368 1927 †
393 1842 470 1926 Ego
495 1787 668 1906 iohannes
692 1834 800 1905 iudex
822 1835 919 1904 filius
941 1835 1057 1903 nicete
1080 1836 1357 1922 protospatharii
1381 1837 1481 1905 testis
1506 1855 1584 1904 sum
1638 1917 1641 1924 ,

338 1966 369 2081 †
394 1995 470 2082 Ego
494 1991 745 2060 constantinus
769 1991 887 2059 scriva
908 1992 1003 2058 hanc
1027 1988 1228 2058 chartulam
1251 2007 1362 2058 manu
1385 2009 1464 2058 mea
1489 1989 1634 2077 propria
1657 1993 1797 2079 scripsi.

1009 2245 1073 2253 -...
1080 2245 1170 2251 ——-
1177 2245 1292 2252 ----·—-
1300 2246 1413 2254 ---—-·-

895 2501 898 2508 ’
999 2501 1399 2582 DCCCXXVII.

1065 2763 1120 2836 A.
1149 2759 1198 2835 D.
1228 2758 1355 2838 1030.

349 3057 357 3138 Ι
395 3053 435 3116 ln
458 3051 601 3118 nomine
632 3049 767 3117 domini
802 3050 1006 3118 duodecimo
1036 3067 1131 3120 anno
1161 3049 1538 3136 principatus-domni
1573 3049 1687 3117 nostri
1717 3051 1883 3120 waimari
1920 3051 1985 3119 tllii
2019 3054 2140 3122 domni

172 3245 175 3252 ⁴
292 3201 459 3273 waimari
483 3203 628 3291 gloriosi
651 3203 849 3288 principis,
874 3219 994 3270 mense
1018 3202 1142 3287 iulius,
1167 3202 1413 3270 tertiadecima
1451 3202 1658 3271 indictione.
1698 3201 1844 3289 ideoque
1867 3222 1933 3292 ego
1967 3209 2139 3273 muntoru

295 3358 391 3426 filius
414 3357 562 3426 alechisi
586 3360 670 3426 ante
692 3355 875 3442 presentia
898 3357 1038 3425 waiferi
1063 3355 1202 3422 comitis
1225 3357 1262 3422 et
1295 3353 1359 3422 alii
1394 3359 1500 3422 testes
1534 3353 1784 3424 vicariationis
1818 3353 1943 3422 ordine
1979 3355 2134 3423 tradidit

288 3463 360 3580 tibi
384 3510 556 3580 aldemari
580 3509 768 3596 presbiteri
792 3511 828 3575 ct
853 3508 973 3578 abbati
999 3507 1193 3576 sortionem
1216 3525 1330 3574 meam
1354 3506 1397 3572 dc
1420 3525 1493 3574 una
1516 3505 1618 3590 pecia
1640 3504 1683 3572 de
1709 3507 1805 3573 terra
1827 3525 1909 3573 cum
1933 3508 2133 3591 arbustum,

259 3705 263 3709 -
289 3661 382 3747 quod
406 3662 494 3729 abeo
519 3661 558 3727 in
581 3662 700 3729 actum
724 3659 878 3745 pandola
900 3658 1032 3726 finibus
1055 3661 1207 3742 rotense⁷
1232 3654 1293 3723 ubi
1317 3661 1463 3725 oratusu
1486 3656 1632 3742 dicitur,
1660 3655 1757 3726 intra
1780 3673 1820 3725 as
1843 3655 1929 3723 finis
1943 3660 1980 3724 et
1995 3676 2137 3725 mensu-

291 3814 370 3880 riis:
397 3813 440 3880 de
464 3814 579 3880 tribus
603 3813 766 3899 partibus
789 3813 860 3880 fine
885 3811 953 3879 bie:
978 3810 1023 3879 da
1046 3810 1225 3878 occidente
1248 3811 1319 3877 fine
1343 3809 1455 3894 ipsius
1478 3807 1680 3878 aldemari:
1706 3829 1730 3877 a
1752 3809 1901 3877 meridie
1924 3814 2007 3877 sunt
2033 3811 2129 3896 passi

288 3967 445 4054 triginta
468 3964 550 4032 duo:
575 3967 621 4033 ab
645 3967 784 4032 oriente
807 3962 902 4049 passi
928 3963 1194 4048 quinquaginta
1216 3979 1291 4030 sex:
1315 3983 1338 4031 a
1360 3962 1622 4048 septemtrionis
1645 3966 1730 4031 sunt
1753 3961 1849 4049 passi
1866 3962 2135 4050 quinquaginta

290 4121 491 4204 quadtuor:
516 4119 590 4188 alia
613 4123 716 4204 parte
738 4120 824 4184 sunt
847 4115 943 4204 passi
966 4116 1157 4202 sexaginta
1180 4133 1315 4189 unum;
1342 4115 1411 4183 fuit
1433 4117 1678 4184 mensuratum
1701 4115 1747 4183 ad
1770 4115 1863 4182 iusto
1885 4134 2031 4201 passum
2054 4134 2135 4184 cum

287 4271 410 4340 omnia
434 4270 529 4339 infra
552 4289 589 4338 se
613 4272 761 4338 abentes
784 4269 1017 4354 omnibusque
1040 4267 1114 4333 suis
1138 4265 1367 4352 pertinentiis
1389 4268 1526 4334 etcum
1551 4266 1630 4335 bicc
1663 4266 1706 4334 de
1741 4265 1800 4335 bia
1829 4285 1895 4336 sua
1919 4268 2048 4337 inclita
2071 4285 2136 4335 no·

287 4439 371 4489 narn
397 4424 535 4507 partem
559 4420 602 4488 dc
625 4419 753 4488 inclita
777 4418 1020 4507 suprascripta
1044 4438 1102 4487 res
1124 4417 1191 4487 tibi
1213 4416 1396 4486 nominato
1419 4417 1592 4486 aldemari
1616 4420 1743 4487 abbati
1766 4418 1991 4506 tradidimus,
2007 4421 2053 4489 ad
2080 4438 2135 4490 se·

286 4575 422 4642 curiter
446 4577 482 4640 et
505 4573 657 4639 firmiter
681 4572 806 4640 amodo
829 4575 864 4640 et
887 4589 1024 4658 semper
1047 4573 1088 4638 tu
1110 4571 1234 4655 tuique
1257 4571 1421 4638 eredibus
1443 4571 1525 4637 illut
1548 4569 1737 4657 abendum,
1769 4570 2037 4660 dominandum,
2071 4591 2131 4661 po·

285 4723 495 4809 ridendum,
520 4722 639 4791 omnia
662 4721 745 4790 inde
761 4723 962 4792 iaciendum
978 4721 1070 4807 quod
1086 4719 1282 4806 holueritis,
1299 4721 1431 4806 absque
1443 4717 1698 4806 cuiuscumque
1722 4721 1981 4794 contrarietate
2005 4725 2060 4792 vel
2077 4741 2133 4792 re·

285 4873 493 4961 quisitione3
518 4879 553 4942 et
575 4891 639 4960 pro
663 4842 955 4942 confirmandum
969 4871 1066 4940 uobis
1089 4888 1157 4940 anc
1180 4891 1259 4941 mea
1281 4869 1518 4940 bicariatione
1539 4889 1602 4957 per
1619 4870 1729 4941 aliam
1745 4872 1934 4961 cartulam,
1960 4893 2028 4960 quc
2045 4879 2132 4963 aput

284 5045 341 5094 mc
365 5025 545 5095 firmatam
569 5027 727 5114 retineo,
754 5025 889 5111 recepit
912 5046 935 5094 a
956 5029 991 5093 tc
1016 5042 1089 5090 una
1111 5023 1212 5110 pecia
1241 5024 1284 5091 de
1317 5029 1416 5093 terra
1449 5043 1530 5092 curn
1553 5027 1739 5094 arbustum
1771 5027 1908 5115 inipso
1932 5028 2047 5096 locum
2070 5033 2132 5100 ubi

287 5177 494 5266 campanole
518 5178 665 5265 dicitur,
690 5180 728 5246 in
752 5178 866 5245 omnis
889 5176 1157 5266 deliberatione,
1172 5178 1265 5247 sicut
1287 5180 1382 5247 inter
1405 5198 1470 5247 nos
1492 5178 1681 5265 combenit3
1702 5183 1738 5246 et
1754 5184 1808 5248 cst
1825 5181 1907 5248 illut
1930 5181 2023 5268 quod
2039 5183 2132 5251 mihi
2185 5249 2186 5253 ,

288 5331 385 5400 dedit
409 5333 524 5418 ipsum
547 5333 726 5420 abbatem,
751 5331 935 5419 longitudo
950 5349 997 5400 ex
1014 5331 1111 5399 omni
1134 5331 1209 5399 loco
1232 5351 1304 5401 ana
1326 5333 1420 5420 passi
1444 5333 1598 5420 triginta
1620 5337 1656 5401 et
1679 5350 1754 5420 sex,
1772 5333 1923 5403 latitudo
1943 5341 2031 5402 ’vero
2054 5353 2129 5405 ana

289 5482 386 5570 passi
410 5489 555 5571 septem3
580 5484 751 5572 finitoque
774 5500 857 5550 vero
880 5499 948 5552 anc
971 5501 1050 5552 mea
1073 5482 1310 5552 bicariatione
1343 5503 1406 5572 per
1430 5485 1693 5554 combenicntia
1726 5485 1846 5554 wadia
1879 5505 1945 5574 ego
1967 5486 2128 5556 muntori

287 5637 384 5706 dedit
408 5639 475 5708 tibi
499 5641 683 5708 nominato
707 5637 880 5707 aldemari
903 5638 1038 5724 abbati,
1058 5641 1096 5705 ct
1119 5637 1350 5707 mediatorem
1364 5639 1432 5707 tibi
1449 5638 1567 5726 posuit
1583 5658 1639 5708 me
1655 5639 1784 5728 ipsum;
1808 5644 1845 5709 et
1861 5659 1923 5728 per
1948 5643 2025 5730 ipsa
2041 5660 2134 5730 gua·

291 5787 351 5857 dia
375 5790 490 5876 obligo
513 5809 569 5857 me
594 5807 758 5876 meosque
783 5787 904 5856 eredes
922 5787 1044 5857 amodo
1061 5792 1097 5857 et
1113 5807 1249 5874 semper
1265 5788 1512 5860 antistandum
1536 5789 1840 5861 etdelensandum
1857 5793 1986 5862 inclita
2000 5810 2132 5862 nonam
