5422 7102
1012 578 1425 652 lllPLOlld'l'lOUS
2039 578 2105 648 ⁶227

301 808 355 876 rel
379 808 592 892 ubicumque
616 805 659 872 de
684 806 762 892 ipsa
786 807 892 872 rebus
916 822 982 871 sua
1004 803 1171 872 iubentus
1194 803 1357 890 dederit,
1384 803 1459 871 sive
1481 803 1575 889 quod
1597 801 1631 869 ei
1655 801 1813 889 pertinet
1836 820 1899 888 per
1926 805 2150 914 successione

301 983 323 1030 a
347 959 590 1046 supradictum
613 961 813 1046 genitorem
837 975 939 1024 suum
962 958 1017 1026 vel
1040 977 1103 1044 661
1119 957 1376 1046 qualecumque
1392 959 1545 1046 ratione,
1564 963 1599 1027 et
1615 959 1776 1045 accipere
1802 956 1885 1026 iude
1910 957 1979 1044 ipsi
2003 963 2150 1026 centum

301 1114 441 1200 6611166,
464 1113 557 1197 quod
580 1111 717 1179 devitor
741 1116 795 1179 est
818 1110 988 1178 dandum.
1014 1111 1090 1196 Ipse
1115 1129 1198 1178 vero
1221 1111 1395 1198 gloriosus
1419 1115 1585 1200 princeps
1608 1117 1750 1199 propter
1768 1113 1873 1180 deum
1889 1111 1925 1180 et
1941 1111 2060 1178 anime
2091 1130 2155 1180 sue

302 1265 499 1334 mercedem
523 1264 566 1332 de
590 1281 655 1331 666
678 1261 899 1350 presentiam
922 1261 1057 1329 direxit
1081 1263 1227 1330 missum
1251 1264 1447 1350 1666111166,
1474 1283 1624 1352 persona
1647 1265 1751 1333 deum
1775 1266 1978 1350 timentem,
1994 1264 2057 1350 qui
2082 1266 2149 1330 hoo

302 1435 390 1506 opus
416 1419 597 1504 sapienter
622 1417 892 1502 consideraret,
918 1419 958 1482 ut
981 1415 1027 1482 ad
1052 1416 1168 1499 ipsum
1194 1414 1413 1486 infantulum
1435 1415 1557 1502 aliqua
1587 1415 1790 1485 damnietas
1825 1420 1951 1483 contra
1979 1414 2150 1503 ratione,

303 1579 366 1643 aut
389 1593 451 1660 per
475 1573 705 1660 neglegentia
730 1573 878 1642 minime
901 1573 1100 1660 perteniat.
1128 1576 1172 1640 Et
1194 1574 1279 1640 dum
1303 1574 1377 1659 ipse
1401 1573 1589 1658 iaquintus
1612 1591 1718 1658 super
1752 1575 1826 1657 ipse
1861 1572 1968 1639 terris
1996 1577 2030 1640 et
2054 1576 2146 1641 66616

303 1731 466 1797 deintus
490 1731 584 1797 lianc
608 1727 867 1797 salernitanam
890 1729 1073 1798 civitatem
1097 1732 1133 1796 et
1157 1747 1262 1815 super
1287 1731 1392 1795 rebus
1415 1730 1492 1815 ipsa
1516 1731 1563 1796 ha
1598 1728 1693 1796 16166
1728 1732 1821 1796 11666
1855 1727 2038 1795 civitatem
2069 1747 2148 1813 per-

302 1884 398 1950 rexit
421 1887 458 1949 et
482 1881 564 1950 inde
589 1884 751 1950 rebersus
775 1887 842 1968 est,
867 1887 950 1951 aute
973 1883 1179 1968 supradicta
1202 1881 1787 1969 61611666661661666611611161
1811 1881 1965 1948 studiose
1984 1881 2060 1967 ipsa
2075 1899 2147 1947 me·

302 2035 468 2104 dietatem
492 2037 534 2104 de
559 2037 633 2122 ipso
657 2035 764 2102 terris
787 2039 822 2102 et
845 2035 939 2103 casis
962 2039 997 2103 et
1020 2033 1062 2104 16
1087 2036 1164 2121 1666
1188 2039 1293 2102 rebus
1317 2037 1556 2123 prouidissent
1579 2039 1614 2103 et
1637 2035 1858 2120 estimasset,
1883 2041 1936 2102 sot
1959 2051 2031 2100 non
2055 2041 2148 2102 esset

303 2189 495 2258 ballentem
519 2189 587 2275 ipsi
610 2193 755 2257 centum
770 2188 913 2275 solidos,
931 2188 1023 2274 quod
1039 2187 1114 2273 ipse
1132 2187 1306 2255 iohannes
1324 2186 1497 2254 infantem
1514 2186 1650 2254 devitor
1673 2189 1725 2252 661
1741 2185 1910 2254 dandum:
1929 2187 2006 2273 ipsa
2022 2187 2145 2257 aloara

303 2343 340 2409 in
363 2343 486 2412 eadem
510 2345 692 2428 presentia
714 2343 831 2429 dixit,
856 2348 896 2410 ut
920 2341 1020 2410 illam
1042 2361 1107 2428 pro
1133 2341 1207 2428 ipso
1231 2340 1389 2408 filiosuo
1414 2359 1476 2426 616
1512 2342 1586 2427 1666
1619 2343 1775 2408 devitum
1807 2343 1894 2409 dare
1924 2342 2049 2409 inolita
2074 2363 2146 2411 me·
2241 2349 2244 2354 ’

305 2496 474 2564 1161616111
498 2496 541 2562 16
565 2499 694 2580 quarta
710 2510 786 2581 sua,
804 2494 896 2579 quod
911 2497 945 2562 ei
960 2494 1115 2580 pertinet
1131 2513 1194 2579 661
1213 2493 1386 2578 6611616111
1404 2495 1624 2580 morgincap,
1650 2493 1741 2576 quod
1765 2492 1878 2560 eidem
1896 2491 2016 2561 aloare
2033 2492 2154 2560 emisit

305 2647 378 2732 ipse
402 2649 580 2715 risantius
604 2648 642 2712 in
666 2647 724 2714 die
751 2623 959 2732 nuptiarum
983 2665 1045 2714 sue
1069 2645 1314 2732 copulationis.
1342 2647 1416 2730 lpse
1440 2645 2151 2730 6616661611666661166666161161166-

304 2799 474 2886 dientem,
499 2801 674 2867 solutione
706 2801 848 2866 illorum
873 2799 1081 2868 1611116116
1105 2797 1320 2883 faciendum3
1344 2802 1392 2885 61,
1416 2797 1498 2862 dum
1522 2815 1585 2881 per
1602 2795 1721 2880 plures
1737 2796 1861 2863 diebus
1885 2815 2028 2865 oausam
2046 2800 2159 2884 ipsam

303 2955 611 3040 dibulgaberunt,
648 2972 752 3021 66166
777 2957 855 3020 6161
879 2954 941 3037 qui
967 2953 1048 3020 illut
1073 2953 1111 3019 16
1136 2957 1277 3020 tantum
1300 2951 1453 3036 pretium
1485 2968 1600 3017 emere
1633 2949 1776 3017 boleret.
1804 2951 1999 3018 Notissime
2035 2957 2155 3020 autem

304 3105 402 3172 benit
428 3105 465 3170 in
489 3105 612 3172 eadem
636 3105 817 3190 presentia
854 3110 978 3190 petrus
1013 3105 1108 3172 lilius
1142 3104 1320 3190 quondam
1356 3103 1512 3188 pandoni
1532 3153 1541 3188 ,
1564 3103 1626 3187 qui
1653 3122 1800 3171 uxorem
1831 3106 1913 3172 abet
1940 3104 2159 3190 rodelgrima

303 3275 477 3343 germana
501 3227 614 3343 ipsius
638 3258 786 3326 iohanni
813 3256 986 3360 infantuli
1011 3263 1046 3325 et
1068 3257 1145 3325 filia
1168 3257 1326 3342 predicte
1350 3255 1481 3324 aloare.
1500 3259 1544 3324 Et
1567 3257 1661 3326 dixit
1684 3259 1758 3343 1666
1783 3261 1915 3346 661166,
1931 3278 1994 3345 616
2016 3279 2087 3346 qua
2102 3261 2157 3328 sic

302 3409 441 3475 videret
466 3410 689 3493 angustiatos
713 3427 776 3495 pro
801 3409 874 3495 ipso
897 3409 1053 3477 devitum
1077 3409 1144 3494 ipsi
1169 3413 1282 3478 mater
1306 3414 1341 3475 et
1364 3409 1470 3494 filius,
1488 3413 1650 3496 quamvis
1673 3428 1745 3478 non
1767 3417 1859 3479 esset
1876 3412 2067 3480 ballentem
2082 3413 2152 3498 ipsi

305 3565 449 3626 centum
475 3562 602 3628 solidos
627 3563 703 3646 ipsa
727 3564 846 3647 rebuS,
871 3562 901 3626 si
926 3561 1194 3628 benumdedcrit
1217 3562 1251 3629 ei
1276 3559 1351 3646 ipse
1370 3561 1542 3628 iohannes
1560 3564 1698 3630 infante
1716 3563 1793 3658 ipsa
1811 3565 1999 3634 medietate
2015 3566 2058 3634 16
2075 3569 2153 3654 1666

305 3717 417 3781 161116
441 3719 476 3782 61
500 3717 592 3782 66616
616 3718 651 3781 61
675 3715 717 3781 16
742 3715 820 3801 1666
844 3717 960 3800 rebus,
989 3716 1024 3781 et
1048 3716 1126 3800 ipsa
1150 3715 1299 3783 haloara
1322 3717 1400 3800 ipsa
1424 3715 1612 3784 medietate
1646 3716 1689 3783 16
1713 3715 1791 3802 1666
1821 3722 1953 3802 quarta
1976 3736 2069 3804 sua,
2093 3719 2155 3787 ille

303 3867 404 3935 16161
426 3885 548 3933 eorum
571 3869 639 3953 ipsi
663 3873 806 3935 centum
837 3867 956 3955 solidi,
980 3865 1591 3954 666116661611666661611161661
1615 3870 1783 3958 dandum3
1808 3873 1887 3957 ipsa
1916 3889 1998 3937 vero
2023 3871 2154 3942 mulier

303 4021 425 4090 616616
448 4022 591 4089 nomine
618 4021 656 4087 in
680 4021 870 4108 presentia
894 4020 1127 4107 suprascripti
1150 4019 1295 4107 gloriosi
1319 4021 1506 4109 principis,
1530 4028 1565 4091 et
1588 4042 1707 4091 secum
1731 4027 1896 4094 abentem
1919 4031 1991 4095 tres
2008 4027 2154 4114 propin·
2214 4035 2218 4044 '

305 4172 451 4261 quiores
475 4179 651 4262 parentes
668 4193 761 4261 suos,
786 4194 841 4241 me
865 4173 1091 4260 supradictus
1114 4173 1333 4257 grimoaldus
1357 4191 1473 4242 comes
1496 4179 1531 4242 et
1554 4175 1662 4243 iudex
1684 4175 1841 4263 rogavit,
1859 4179 1899 4244 ut
1923 4177 2001 4263 ipsa
2024 4177 2157 4246 medie·
2247 4207 2255 4224 ·

303 4331 413 4396 tatem
439 4330 482 4395 dc
509 4329 680 4396 iamdicta
702 4348 768 4397 666
792 4335 926 4415 quarta
954 4328 1100 4396 bindere
1125 4328 1256 4396 boleret
1280 4329 1392 4414 ipsius
1415 4329 1523 4414 petri3
1547 4333 1583 4397 et
1607 4330 1674 4415 ipsi
1700 4334 1865 4416 parentes
1882 4331 1987 4398 illius
2012 4333 2051 4398 in
2075 4332 2154 4418 ipsa

305 4481 506 4549 binditione
536 4501 666 4552 manus
690 4487 884 4569 posuerunt
906 4489 942 4551 61
964 4502 1001 4551 66
1025 4483 1102 4569 1666
1127 4483 1315 4550 1161111166
1339 4484 1432 4570 16611,
1457 4489 1493 4551 61
1517 4486 1591 4571 1666
1607 4485 1778 4554 iohannes
1802 4486 1896 4553 filius
1921 4493 1956 4554 et
1972 4488 2156 4556 mundoalt

302 4654 406 4703 suum
431 4637 518 4704 inde
547 4637 582 4704 ei
608 4639 802 4724 consensit,
819 4643 859 4705 ut
875 4639 952 4722 ipsa
975 4636 1172 4704 blnditione
1188 4637 1353 4704 stavilem
1368 4636 1429 4723 sit,
1447 4639 1482 4703 et
1499 4638 1572 4722 ipse
1589 4641 1710 4722 petrus
1725 4637 1831 4724 dixit,
1849 4642 1889 4704 ut
1906 4637 1984 4723 ipsa
1998 4639 2152 4706 emtione

304 4791 418 4857 166616
442 4789 577 4857 11616161
606 4807 670 4874 616
694 4807 731 4855 66
754 4795 790 4857 61
813 4807 876 4874 616
900 4789 976 4855 vice
1000 4790 1113 4874 ipsius
1136 4788 1349 4875 rodelgrime
1372 4789 1478 4854 uxori
1496 4807 1571 4854 sue.
1591 4789 1642 4855 616
1658 4789 1780 4874 itaque
1796 4793 1889 4875 acta,
1905 4807 1970 4856 nos
1987 4792 2151 4876 superius

304 4944 483 5010 nominati
508 4943 682 5011 iohannes
705 4949 741 5009 et
765 4943 900 5026 aloara,
925 4947 1039 5010 mater
1062 4947 1097 5008 61
1120 4941 1227 5026 111166,
1252 4943 1346 5009 61661
1361 4941 1462 5008 nobis
1480 4960 1678 5028 congruum
1694 4947 1758 5030 est,
1776 4962 1838 5029 per
1856 4946 1949 5011 lianc
1967 4944 2148 5012 cartulam

302 5099 388 5162 ante
412 5095 617 5180 supradicta
641 5094 795 5180 gloriosa
819 5095 1027 5180 potestatem
1052 5098 1194 5161 616616
1219 5095 1335 5178 ipsum
1359 5093 1465 5160 iudex
1490 5112 1555 5179 ego
1576 5093 1781 5162 nominatus
1807 5094 1979 5163 iohannes
1998 5098 2148 5163 benum-

301 5251 411 5338 dedit,
437 5252 553 5338 adque
577 5251 623 5319 ad
647 5269 785 5337 semper
808 5249 984 5318 abendum
1008 5248 1214 5316 confirmavi
1240 5247 1304 5315 tivi
1329 5247 1530 5333 supradicto
1554 5247 1647 5334 petri
1672 5251 1747 5318 tota
1770 5254 1806 5316 et
1830 5251 1959 5318 inolita
1978 5252 2057 5337 ipsa
2081 5271 2154 5320 me-

301 5404 472 5473 dietatem
496 5404 538 5470 de
564 5403 731 5506 iamdicta
753 5401 862 5470 terris
885 5409 920 5469 et
943 5401 1034 5470 casis
1057 5401 1145 5467 meis
1168 5401 1211 5468 de
1236 5400 1333 5468 intus
1357 5403 1451 5470 hanc
1475 5402 1733 5470 salernitanam
1755 5401 1952 5489 civitatem,
1969 5407 2005 5470 et
2023 5401 2151 5472 inclita

307 5557 537 5626 medietatem
561 5557 604 5625 de
629 5558 707 5642 ipsa
730 5558 835 5621 rebus
858 5573 937 5622 mea
961 5555 1009 5621 ha
1033 5555 1127 5622 foras
1150 5557 1244 5622 hanc
1268 5555 1448 5624 civitatem
1472 5556 1514 5623 de
1531 5557 1617 5642 ipsis
1640 5555 1727 5623 locis
1751 5556 1872 5624 fellino
1895 5563 1931 5624 et
1954 5557 2079 5642 airole‚
2096 5555 2151 5624 vel

308 5710 522 5792 ubicumque
545 5708 588 5776 de
611 5709 717 5775 rebus
740 5725 819 5776 mea
843 5707 1011 5773 iubentus
1033 5707 1195 5792 dederit,
1220 5709 1311 5792 quod
1335 5708 1423 5776 mihi
1450 5711 1703 5796 ,undecumque
1727 5716 1790 5778 aut
1820 5713 2145 5798 quomodocumque

301 5861 369 5929 luit
392 5868 429 5930 ct
450 5868 504 5931 est
528 5863 747 5949 pertinentes
771 5866 890 5948 abere,
917 5861 1044 5930 inclita
1069 5861 1294 5929 medietatem
1315 5863 1446 5928 exinde
1461 5883 1542 5930 eum
1560 5865 1787 5933 medietatem
1804 5867 1847 5934 de
1866 5868 2046 5935 monimen
2064 5885 2145 5934 mea
