5466 7106
978 533 1424 612 biblotls‘rlubs
2017 549 2083 622 133

277 759 362 846 teri3
388 757 468 828 ideo
495 757 569 846 ipso
593 758 764 827 molinum
787 761 991 830 conciatum
1014 766 1050 830 et
1072 763 1303 834 hedificatum
1328 785 1408 832 oum
1433 769 1523 835 mole
1548 773 1637 838 nobe
1661 777 1696 840 et
1720 791 1800 840 cum
1825 774 1920 840 omni
1944 775 2068 844 ordine
2093 783 2129 844 et

276 909 499 1000 pertinentia
522 929 602 997 sua,
627 915 664 982 et
687 931 766 980 oum
792 914 958 984 boccnde
974 919 1011 984 et
1026 916 1166 1003 canale,
1189 921 1225 986 et
1241 939 1321 987 cum
1336 921 1487 988 husibus
1503 941 1680 1010 aquarum
1705 927 1741 992 et
1764 928 1965 1012 coopertum
1983 927 2129 1016 bonum,

275 1065 384 1153 quale
401 1065 502 1134 modo
517 1067 712 1153 perlectum
729 1069 931 1144 macenant‚
946 1086 1027 1136 cum
1039 1067 1108 1136 due
1125 1068 1210 1137 isole
1222 1086 1298 1138 mee
1314 1071 1608 1160 pertinentem‚in
1624 1092 1697 1160 qua
1715 1073 1901 1145 salicetum
1919 1076 1968 1144 ibi
1985 1081 2070 1146 sunt
2093 1081 2130 1146 et

276 1221 404 1308 abunt3
430 1239 505 1290 una
527 1221 570 1288 de
593 1221 668 1308 ipse
692 1221 777 1290 isole
800 1225 856 1290 est
881 1220 930 1290 ibi
955 1224 993 1290 in
1016 1227 1118 1310 parte
1141 1223 1303 1310 orientis,
1320 1227 1356 1290 et
1373 1224 1452 1310 ipsa
1468 1225 1567 1293 halla
1583 1229 1636 1294 est
1652 1227 1691 1294 in
1707 1231 1809 1313 parte
1826 1229 2035 1318 occidentis,
2059 1232 2127 1300 tali

277 1377 428 1462 ordine,
457 1379 499 1445 ut
521 1376 646 1446 amodo
669 1379 705 1444 et
729 1394 840 1461 usque
864 1375 1037 1462 quadtuor
1062 1375 1152 1445 anni
1176 1374 1331 1462 conpleti
1356 1375 1416 1443 ille
1440 1379 1476 1444 et
1499 1395 1581 1445 suos
1603 1379 1752 1448 heredes
1775 1382 1852 1467 ipso
1869 1382 2042 1451 molinum
2065 1404 2129 1455 sue

279 1529 466 1620 potestatis
490 1533 612 1598 tenere
634 1533 672 1598 et
694 1529 893 1616 dominare,
918 1533 953 1598 et
977 1529 1052 1618 ipso
1077 1528 1248 1598 molinum
1273 1531 1402 1600 cotidie
1426 1529 1606 1616 conciano,
1631 1537 1666 1600 et
1682 1535 1867 1622 custotire,
1893 1539 1929 1604 et
1945 1537 2062 1605 salbos
2079 1539 2133 1608 sa·

277 1705 374 1775 cere,
398 1690 439 1755 ut
461 1687 656 1774 perfectum
679 1705 871 1756 macenare
893 1689 1051 1774 possent,
1075 1691 1111 1754 et
1133 1691 1269 1772 quanta
1293 1686 1461 1754 molitura
1484 1685 1761 1755 exinde-tollere
1784 1693 1820 1756 et
1843 1691 1949 1758 abere
1973 1693 2132 1779 potuerit

281 1859 390 1928 usque
413 1843 489 1928 ipso
511 1841 757 1928 constitutum,
774 1845 809 1910 et
825 1841 969 1929 prodem
992 1841 1084 1928 quod
1108 1841 1151 1909 de
1175 1841 1250 1928 ipse
1274 1839 1360 1909 isole
1383 1839 1506 1908 tollere
1529 1840 1698 1928 potuerit,
1724 1847 1836 1912 totum
1861 1841 1942 1913 illut
1957 1845 2027 1913 sibi
2046 1847 2132 1914 abe-

282 2001 375 2083 rent,
399 1995 601 2066 saciendum
627 1993 720 2080 quod
744 1993 925 2080 boluerit3
950 1999 1103 2080 tantum,
1127 1993 1158 2060 si
1182 1998 1302 2062 ortora
1327 1994 1365 2060 in
1389 1995 1465 2082 ipse
1488 1993 1574 2062 isole
1598 1996 1806 2066 annualiter
1831 1997 1967 2085 lecerit,
2002 1998 2133 2068 cotidie

279 2151 412 2221 exinde
435 2166 499 2218 nos
522 2152 670 2219 bisitare
693 2153 729 2217 et
751 2150 851 2237 dare,
868 2152 905 2217 et
921 2167 984 2236 per
1008 2164 1129 2217 omnes
1152 2148 1326 2217 kalendas
1343 2149 1386 2219 de
1402 2150 1529 2218 circuli
1554 2151 1644 2228 anni
1668 2171 1778 2240 usque
1803 2157 1880 2240 ipso
1895 2151 2133 2222 constitutum

282 2307 492 2376 atducerent
515 2308 614 2374 intus
638 2307 703 2373 hec
727 2305 822 2373 cibes
846 2305 892 2372 ad
915 2303 1038 2371 domus
1061 2321 1140 2372 mea
1163 2321 1235 2371 ana
1259 2305 1347 2390 tres,
1364 2303 1496 2372 focacie
1520 2304 1609 2373 bone
1632 2305 1726 2373 lacte
1749 2309 1786 2374 et
1801 2306 1916 2394 codte‚
1931 2311 1968 2376 et
1990 2308 2051 2377 ille
2069 2327 2136 2377 no-

281 2461 336 2529 bis
359 2462 579 2548 adsegnare,
603 2478 710 2546 quam
735 2462 772 2527 et
794 2479 856 2547 per
880 2459 995 2526 omnis
1019 2475 1156 2527 annum
1181 2457 1241 2524 ille
1264 2465 1300 2526 et
1323 2475 1403 2525 suos
1427 2458 1574 2528 heredes
1597 2458 1684 2526 dare
1709 2460 1798 2527 mihi
1822 2460 1963 2548 meique
1992 2462 2133 2531 heredi-

285 2619 348 2684 bus
371 2634 518 2686 censum
540 2615 652 2682 alium
676 2613 805 2683 exinde
829 2633 901 2684 ana
925 2616 1059 2699 septem
1082 2613 1163 2681 auri
1187 2611 1257 2681 tari
1284 2612 1365 2678 voni
1390 2613 1542 2700 ponenti,
1559 2618 1598 2681 ut
1621 2633 1684 2700 per
1700 2619 1807 2700 caput
1825 2617 1973 2704 badant,
1991 2617 2128 2686 facien-

281 2773 367 2841 dum
391 2770 484 2857 quod
507 2768 752 2854 boluerimus,
787 2767 833 2834 ad
861 2767 1014 2854 conpleti
1040 2765 1108 2852 ipsi
1131 2766 1307 2852 quadtuor
1331 2768 1420 2834 anni
1445 2766 1505 2833 ille
1528 2771 1564 2834 et
1586 2785 1667 2836 suos
1691 2770 1838 2838 heredes
1862 2772 2053 2841 remidtere
2085 2773 2132 2842 ad

284 2928 457 3016 potestate
492 2941 573 2991 mea
605 2927 641 2990 et
666 2922 711 3010 de
733 2921 823 2988 meis
846 2919 1036 2988 heredibus
1060 2921 1244 3008 integrum
1268 2921 1344 3006 ipso
1367 2921 1540 2989 molinum
1564 2941 1644 2990 oum
1668 2921 1757 2991 mole
1781 2926 1869 2991 nobe
1894 2928 1931 2992 et
1957 2927 2046 2994 bone
2066 2975 2075 3012 ,
2101 2931 2137 2993 et

284 3099 367 3150 cum
391 3079 505 3148 omnis
529 3075 733 3146 terraturiis
756 3075 832 3142 suis
845 3123 855 3162 ,
879 3078 915 3143 et
937 3074 1052 3142 omnis
1076 3073 1121 3142 ad
1146 3072 1222 3159 ipso
1246 3072 1418 3140 molinum
1442 3073 1719 3160 pertinentibus,
1736 3079 1772 3142 et
1791 3094 1871 3143 cum
1896 3075 2049 3144 reditum
2074 3077 2138 3142 bo-

282 3253 373 3302 num
397 3235 530 3303 sactum
554 3251 577 3300 a
599 3249 704 3318 super
728 3232 803 3316 ipso
827 3229 1030 3312 molinum,
1055 3233 1194 3295 etcum
1218 3227 1320 3295 ambe
1345 3225 1419 3312 ipse
1444 3225 1529 3294 isole
1553 3245 1634 3292 curn
1658 3227 1846 3295 salicetum
1869 3233 1905 3296 et
1929 3229 2134 3298 conciatum

282 3391 428 3475 bonum,
452 3387 608 3473 qualiter
633 3383 805 3452 molinum
821 3386 937 3470 ipsum
954 3382 1148 3468 perlectum
1165 3379 1222 3448 die
1238 3383 1414 3465 noctuque
1431 3397 1619 3448 macenare
1636 3385 1794 3466 possam,
1820 3381 2024 3450 laciendum
2042 3383 2136 3470 quod

283 3544 516 3614 noluerimus.
547 3539 646 3610 Unde
669 3558 733 3627 per
755 3555 847 3606 vona
870 3534 1121 3604 conbenientia
1144 3532 1280 3620 guadio
1304 3531 1392 3598 mihi
1420 3530 1494 3617 ipse
1517 3531 1690 3600 iohannes
1713 3532 1836 3620 dedit,
1860 3539 1896 3603 et
1920 3537 2135 3607 mediatores

282 3699 374 3772 mibi
397 3697 498 3784 posui
520 3695 674 3782 seipsum
690 3697 726 3761 el
741 3691 961 3780 grimoaldus
985 3685 1188 3773 molinator‚
1206 3685 1266 3772 qui
1286 3684 1419 3752 retinet
1437 3683 1610 3750 molinum
1628 3683 1776 3753 iohanni
1797 3687 1974 3755 bestarari
1991 3707 2054 3774 per
2073 3709 2137 3776 ap-

281 3853 401 3941 posita
425 3850 527 3920 nobis
553 3851 599 3918 ad
627 3845 890 3935 pignerandum
918 3841 1032 3908 omnis
1059 3839 1202 3906 illorum
1230 3854 1339 3904 causa
1368 3833 1529 3921 legitimo
1560 3839 1596 3902 et
1623 3835 1825 3924 inlegitima
1854 3842 1890 3906 et
1919 3857 2070 3926 persona
2094 3841 2138 3909 de

283 4008 404 4095 ipsum
427 4005 601 4074 iohannes
624 4001 845 4086 molinator3
878 4000 913 4065 et
936 4013 998 4082 per
1022 3993 1100 4081 ipsa
1124 3991 1258 4080 guadia
1281 3993 1345 4059 etc.
1373 3990 1521 4058 Sintula
1546 3991 1677 4058 manta
1701 3993 1857 4078 triptota
1890 3995 1978 4060 nari
2014 3995 2139 4062 solido-

285 4179 374 4228 rum
399 4157 640 4227 Constantini.
665 4155 710 4222 Et
734 4155 830 4220 hunc
854 4150 998 4217 brebem
1020 4146 1146 4233 scripsi
1172 4163 1237 4233 ego
1261 4145 1371 4214 ciciro
1394 4149 1557 4215 notarius
1580 4147 1642 4234 qui
1669 4146 1830 4216 interfui.

333 4287 363 4404 †
389 4317 464 4402 Ego
488 4312 674 4381 mirandus
697 4309 863 4379 notarius
886 4324 941 4373 me
966 4303 1158 4391 subscripsi

330 4452 361 4568 †
387 4477 461 4562 Ego
483 4468 713 4561 grimoaldus.
