5466 7106
590 522 659 596 roe
1223 529 1401 606 oonsx
1437 490 1710 613 ervsusrs¹

540 749 674 818 rictum
697 749 878 821 exientem
902 754 1084 841 usquead
1107 756 1180 826 tino
1202 756 1315 844 ipsius
1337 759 1483 832 ecclesie
1506 765 1623 836 sancti
1646 769 1728 857 viti,
1752 771 1789 839 et
1812 769 1896 840 inde
1917 769 2122 841 rebolbente
2144 789 2208 859 per
2223 771 2303 860 ipsa
2318 773 2391 843 fine

539 901 581 970 in
604 903 769 990 partibus
792 906 1105 995 septemtrionalia,
1129 907 1223 979 sieut
1244 911 1360 981 medio
1382 913 1467 1002 poiu
1489 917 1527 984 61
1549 918 1673 987 sabuci
1695 918 1935 1009 discernunt,
1959 924 1995 990 et
2017 920 2151 991 iterum
2181 919 2389 992 rebclbente

539 1073 604 1144 per
628 1057 706 1144 ipsa
728 1057 800 1128 dne
823 1059 940 1129 saneti
963 1061 1030 1131 viti
1054 1061 1281 1150 inpartibus
1304 1066 1485 1156 orientis,
1519 1069 1614 1138 sieut
1647 1070 1763 1142 limite
1785 1072 1960 1142 discernit
1983 1076 2019 1143 et
2048 1075 2195 1144 exiente
2216 1072 2392 1143 derictum

540 1225 604 1294 per
628 1209 700 1278 fine
723 1208 767 1279 16
788 1210 910 1280 eredes
934 1211 1046 1299 ipsius
1068 1215 1259 1303 ermeperti
1296 1221 1333 1286 et
1369 1219 1609 1309 coniungente
1641 1224 1688 1295 61
1711 1224 1783 1294 fine
1805 1225 1849 1295 16
1871 1225 1994 1296 666166
2017 1225 2246 1314 ermengardi
2265 1227 2394 1336 „sient

540 1361 776 1451 aliquantum
798 1365 932 1435 ibidem
955 1367 1227 1439 tundamentum
1250 1371 1294 1441 de
1316 1375 1456 1461 pariete
1489 1377 1640 1464 antiquo
1670 1378 1870 1449 discernit:
1896 1381 1928 1447 A
1956 1383 2058 1466 parte
2086 1379 2237 1449 orientis
2260 1379 2332 1448 tine
2352 1378 2396 1448 de

539 1516 664 1586 credes
688 1516 828 1606 audati,
851 1521 945 1589 sicut
967 1539 1049 1610 sepe
1072 1527 1109 1592 et
1130 1525 1254 1594 sabuci
1277 1529 1313 1594 et
1335 1525 1448 1596 limite
1471 1527 1643 1598 discernit
1665 1534 1702 1599 et
1717 1506 1959 1620 coniungente
1974 1533 2015 1600 in
2031 1531 2108 1620 ipso
2123 1533 2274 1620 aquario
2297 1532 2392 1620 quod

541 1675 596 1740 est
621 1672 741 1759 priore
764 1673 886 1762 finem3
911 1675 1084 1747 derebus
1108 1678 1179 1747 ista
1202 1679 1299 1749 infra
1321 1681 1511 1751 iamdictas
1534 1683 1624 1751 fines
1648 1683 1778 1753 inclita
1802 1683 1994 1754 medietate
2023 1683 2224 1772 paralium
2251 1687 2396 1756 brebem

545 1826 679 1896 retinet
702 1846 724 1896 a
747 1831 850 1916 parte
872 1832 997 1899 nostra
1019 1831 1064 1900 ad
1087 1829 1335 1921 laborandum,
1360 1837 1396 1902 et
1419 1835 1496 1922 ipsa
1518 1835 1592 1906 alia
1615 1837 1804 1908 medietate
1827 1838 1928 1907 modo
1943 1839 1978 1906 ei
1991 1837 2205 1908 tradidimus
2220 1857 2296 1908 una
2310 1857 2392 1908 eum

545 1979 720 2064 iohannes
742 1980 895 2050 clericus
918 1983 1031 2071 ipsius
1053 1983 1226 2072 ecclesie,
1250 1985 1313 2072 qui
1344 1985 1425 2056 illut
1450 1987 1489 2056 in
1512 1991 1724 2062 beneficium
1748 1993 1880 2062 retinet
1903 2011 1984 2062 cum
2008 1992 2086 2062 bice
2115 1993 2158 2062 de
2182 1992 2245 2062 bia
2267 2012 2334 2063 sua
2357 1999 2394 2062 et

545 2152 628 2202 eum
649 2136 871 2223 palmentum
894 2137 1092 2228 sabritum,
1116 2140 1209 2227 quod
1232 2140 1364 2210 ibidem
1387 2147 1454 2230 est,
1477 2143 1543 2212 tali
1565 2144 1739 2233 hordine,
1762 2151 1804 2215 61
1827 2148 1951 2217 amodo
1973 2151 2011 2217 61
2034 2165 2172 2234 semper
2196 2147 2243 2217 ad
2266 2167 2332 2216 sua
2356 2149 2394 2216 61

547 2284 591 2352 16
614 2286 690 2355 6616
713 2286 896 2378 eredibus,
918 2295 1020 2361 natos
1043 2295 1243 2369 nascentes,
1269 2294 1345 2362 sint
1366 2296 1554 2381 potestatis
1577 2297 1660 2368 illut
1681 2301 1876 2370 tenendum
1899 2304 1936 2369 et
1959 2301 2231 2390 dominandum,
2247 2305 2285 2371 et
2300 2303 2399 2372 sebee

549 2443 586 2510 61
611 2441 726 2510 omnis
750 2462 813 2513 666
836 2442 1033 2514 hutilitatis
1056 2445 1192 2518 ibidem
1204 2446 1406 2516 faciendum
1424 2450 1521 2522 insta
1537 2454 1726 2544 rationem,
1746 2461 1783 2526 61
1798 2477 1880 2528 casa
1896 2457 2029 2527 ibidem
2043 2459 2195 2545 faciant,
2211 2462 2248 2528 et
2264 2456 2397 2527 ibidem

547 2593 748 2664 residerent
771 2577 809 2666 et
831 2597 1013 2668 abitarent
1034 2598 1096 2666 ille
1119 2603 1155 2666 et
1176 2616 1257 2668 suos
1280 2604 1415 2690 eredes,
1432 2624 1494 2673 seu
1517 2609 1680 2678 homines
1695 2629 1789 2698 suos,
1804 2619 1841 2682 et
1856 2616 1933 2682 tota
1955 2611 2035 2700 ipsa
2057 2612 2291 2683 traditionem
2314 2629 2397 2681 cum

547 2749 638 2836 ipsis
661 2752 819 2819 arbustis
841 2753 1049 2822 annualiter
1072 2759 1155 2842 apto
1177 2759 1335 2843 tempore
1359 2757 1579 2848 lavorarent,
1603 2763 1670 2830 hoc
1692 2767 1747 2832 661
1771 2764 1945 2835 sealciare
1967 2768 2004 2834 61
2020 2764 2216 2853 adimplere
2239 2764 2401 2835 arbustis

546 2902 669 2992 ipsis,
693 2908 730 2974 et
753 2924 859 2975 arare
881 2924 945 2975 seu
968 2909 1176 2995 seminare,
1199 2911 1305 2996 quale
1330 2915 1488 2980 semente
1510 2913 1562 2980 ibi
1585 2917 1784 3004 meruerit,
1807 2921 1858 3004 ct,
1883 2917 1944 2986 ubi
1970 2918 2168 3003 meruerit,
2193 2920 2342 2988 arbores
2363 2921 2400 2988 et

548 3057 642 3127 vites
664 3057 721 3128 vel
744 3078 849 3147 poma
873 3058 959 3127 illut
983 3061 1114 3130 ibidem
1138 3066 1313 3148 ponerent
1334 3065 1371 3130 61
1394 3067 1598 3152 surgerent,
1622 3068 1659 3133 et
1682 3065 1911 3156 propagines,
1928 3067 1990 3136 ubi
2007 3067 2191 3155 meruerit,
2207 3069 2395 3157 traierent,

549 3216 586 3282 et
609 3213 798 3280 circoitum
822 3211 905 3281 illut
928 3211 1113 3282 eluderent
1135 3215 1171 3299 et
1193 3213 1332 3282 clusum
1354 3212 1436 3282 illut
1458 3215 1601 3303 abeant,
1619 3219 1656 3285 et
1679 3217 1729 3286 sie
1753 3222 1828 3288 tota
1850 3218 1930 3306 ipsa
1952 3220 2146 3289 traditione
2169 3239 2310 3308 semper
2326 3240 2393 3291 an·

547 3367 1255 3438 6661116616666666616166116666161
1289 3367 1494 3438 studiarcnt
1526 3369 1570 3437 de
1605 3388 1710 3458 super
1744 3376 1780 3440 61
1812 3371 1855 3441 16
1878 3375 2029 3459 suptuS,
2064 3375 2157 3442 sieut
2187 3373 2285 3442 locus
2320 3373 2395 3462 ipse

546 3524 729 3608 meruerit,
753 3524 793 3589 ut
816 3521 979 3608 proficiat
1002 3524 1039 3588 et
1061 3536 1134 3587 non
1157 3519 1349 3608 dispereat,
1373 3525 1409 3590 61
1432 3524 1564 3590 bonum
1587 3525 1714 3608 pareat
1737 3522 1939 3592 lavoratum
1962 3527 1999 3591 61
2022 3525 2209 3610 cultatem,
2226 3543 2316 3592 cura
2330 3523 2391 3592 dc-

548 3677 659 3767 nique
681 3681 718 3746 et
739 3676 983 3765 vigilationem
1006 3676 1089 3744 inde
1112 3679 1260 3745 aberent
1282 3679 1318 3744 61
1341 3675 1480 3746 salbum
1503 3673 1585 3744 illut
1605 3672 1745 3744 faciant
1768 3676 1864 3742 iusta
1886 3674 2094 3760 rationem,
2123 3681 2159 3744 et
2182 3671 2395 3744 annualiter

547 3788 810 3920 per'vindemie
832 3831 925 3899 seire
948 3830 1085 3900 faciant
1108 3828 1223 3916 ipsum
1248 3829 1422 3898 iohannes
1446 3827 1610 3915 clericus,
1635 3825 1691 3896 vel
1714 3843 1798 3914 pars
1822 3824 1935 3912 ipsius
1959 3824 2122 3912 ecclesie,
2145 3829 2186 3894 ut
2200 3825 2286 3894 11166
2310 3825 2402 3894 diri·

547 4003 675 4074 gamus
697 3984 844 4052 missum
867 3986 1040 4072 nostrum,
1056 3982 1112 4052 vel
1127 4001 1191 4070 per
1213 4000 1251 4050 66
1275 3983 1326 4050 ibi
1350 3985 1503 4069 pergant
1526 3981 1603 4068 ipse
1627 3981 1803 4050 iohannes
1827 3979 1979 4048 clericus
2002 3999 2066 4048 seu
2093 3997 2178 4068 pars
2201 3977 2315 4068 ipsius
2339 3996 2396 4048 66-

548 4139 679 4226 616616;
703 4141 739 4208 61
762 4138 835 4206 11116
858 4137 942 4207 16116
965 4135 1124 4208 arbustis
1147 4136 1191 4204 de
1213 4135 1294 4223 ipsa
1315 4135 1546 4206 traditionem
1568 4133 1644 4202 suis
1668 4131 1885 4220 temporibus
1908 4131 2174 4201 vindemiarent
2203 4136 2240 4200 et
2273 4132 2400 4200 vinum

549 4289 664 4376 ipsum
687 4289 819 4360 ibidem
841 4291 888 4362 ad
911 4291 1131 4379 palmentum
1153 4290 1417 4378 procurarent,
1441 4289 1477 4354 61
1499 4301 1627 4373 poma,
1652 4303 1742 4372 quas
1765 4283 1814 4352 ibi
1837 4283 2001 4370 fuerint,
2030 4283 2271 4370 colligerent;
2295 4288 2332 4353 61
2354 4284 2399 4353 16

549 4445 665 4514 omnis
688 4445 813 4512 vinum
835 4449 872 4514 et
893 4463 998 4532 poma
1021 4463 1130 4532 quam
1152 4444 1237 4513 inde
1258 4409 1420 4530 exierit,
1445 4438 1550 4510 tollat
1573 4438 1694 4526 ibique
1725 4455 1810 4527 pars
1839 4435 1952 4525 ipsius
1980 4433 2128 4505 ecclesie
2152 4437 2399 4525 medietatem,

551 4605 588 4669 61
602 4599 676 4670 11116
692 4601 934 4690 medietatem,
951 4604 989 4670 61
1005 4599 1084 4689 ipsa
1098 4599 1269 4670 medietas
1283 4601 1408 4666 nostra
1425 4595 1468 4665 de
1483 4593 1559 4682 ipso
1574 4595 1698 4662 vinum
1714 4592 1786 4661 illis
1808 4611 1871 4679 per
1896 4608 2033 4662 annum
2055 4597 2233 4680 reponant
2256 4592 2297 4660 in
2321 4593 2403 4682 ipsa

551 4770 648 4841 casa,
663 4771 771 4842 quam
786 4751 837 4820 ibi
852 4751 1017 4840 iecerint,
1034 4754 1073 4821 in
1088 4769 1247 4840 organea
1261 4753 1385 4820 nostra
1399 4748 1447 4819 16
1464 4748 1602 4836 vinum,
1618 4767 1687 4836 que
1710 4746 1852 4816 illorum
1875 4745 1995 4834 ibique
2018 4746 2220 4816 dederimus
2242 4747 2307 4837 qui
2333 4765 2399 4836 pro

553 4901 626 4972 illis
641 4907 715 4974 sint
730 4907 824 4976 bona
840 4905 1006 4976 conciata
1019 4909 1056 4975 61
1071 4904 1247 4992 61611616,
1267 4906 1304 4973 61
1318 4903 1455 4973 taceret
1470 4902 1548 4990 ipso
1563 4901 1687 4970 vinum
1703 4905 1864 4970 nostrum
1879 4902 2032 4989 salbum,
2048 4900 2160 4970 donec
2182 4920 2266 4989 pars
2289 4897 2403 4990 ipsius

552 5057 701 5127 ecclesie
717 5059 799 5126 illut
815 5058 902 5128 inde
912 5058 1016 5128 tollat
1030 5060 1164 5145 absque
1178 5057 1493 5145 degenerationem
1507 5060 1544 5125 et
1559 5056 1696 5143 ignem3
1713 5060 1763 5142 et,
1780 5054 1864 5123 dum
1877 5055 1953 5142 ipso
1969 5055 2093 5122 vinum
2109 5055 2193 5124 inde
2208 5057 2400 5126 tulerimus

554 5228 785 5298 perannum,
801 5211 879 5299 ipsa
895 5228 1054 5300 organea
1068 5209 1147 5278 sine
1162 5209 1399 5278 detinentiam
1415 5205 1537 5279 labare
1553 5207 1705 5294 saciant,
1722 5211 1770 5296 et,
1787 5207 1897 5276 donec
1913 5226 1977 5296 per
1993 5225 2131 5276 annum
2154 5208 2242 5276 illuc
2264 5213 2406 5280 steterit

553 5379 618 5452 pro
634 5361 712 5451 ipsa
727 5361 908 5433 vindemia
922 5363 1069 5432 missum
1089 5359 1144 5428 vel
1160 5377 1244 5447 pars
1259 5356 1370 5446 ipsius
1386 5357 1548 5449 ecelesia,
1564 5357 1638 5428 illis
1653 5379 1734 5428 eum
1749 5359 1901 5428 notriret
1915 5359 2111 5428 seeundum
2133 5378 2235 5431 suam
2251 5364 2409 5449 possivi-

554 5517 696 5588 litatem
718 5517 817 5590 iusta
839 5517 1016 5587 rationem
1039 5519 1075 5584 61
1097 5513 1356 5601 palmentetica
1370 5511 1405 5580 ei
1420 5511 1538 5600 daret,
1560 5514 1655 5581 61661
1678 5513 1893 5581 6666661616
1915 5517 1982 5600 est3
2006 5512 2170 5601 quicquit
2193 5519 2315 5584 autem
2340 5535 2406 5604 per

553 5688 693 5742 annum
708 5669 759 5740 ibi
784 5667 1073 5753 seminaberint,
1096 5684 1159 5754 per
1183 5684 1319 5737 annum
1341 5669 1454 5734 totum
1476 5665 1560 5737 illut
1582 5666 1649 5736 sivi
1672 5669 1876 5755 haberent,
1905 5653 2047 5738 tanturn
2075 5669 2288 5776 terraticum
2318 5668 2405 5740 inde

550 5821 685 5896 darent
696 5824 817 5912 ibique
832 5823 880 5895 ad
894 5841 1018 5895 aream
1040 5821 1086 5892 ad
1101 5839 1187 5909 pars
1208 5839 1272 5890 666
1294 5821 1443 5892 missum
1465 5821 1577 5910 ipsius
1598 5821 1745 5892 ecclesie
1769 5840 1875 5910 quem
1897 5821 1989 5892 seire
2012 5821 2180 5912 fecerint,
2205 5821 2404 5894 seeundum
