5414 7098
609 5564 695 5651 ripsi
720 5567 756 5630 et
779 5561 943 5628 interlui.

270 5583 642 5821 'fasta
668 5719 743 5804 Ego
765 5720 905 5785 amatus

120 5812 267 5931 fs

19 5935 119 5967 „J

615 555 639 624 b
1066 573 1072 583 ·
1255 548 1425 624 coitur<
1469 547 1736 622 CAVENSIS

567 798 704 852 annum
722 780 798 866 ipso
822 797 977 868 organeo
992 785 1085 848 esset
1099 782 1296 867 perlectum
1312 783 1444 848 bonurn
1459 779 1662 847 conciatum
1674 780 1710 846 et
1722 777 1933 864 studiatum,
1946 779 1982 844 et
1998 773 2135 844 saciant
2152 773 2253 843 nobis
2270 773 2412 844 salbum

569 933 647 1018 1666
670 934 794 1000 vinum
818 952 929 1019 usque
952 933 1033 1000 11166
1055 933 1185 1002 exinde
1209 933 1333 1003 tollere
1356 917 1558 1020 16661666,
1581 934 1714 1018 absque
1729 931 2018 1018 degeneratione,
2033 932 2068 998 et
2083 929 2208 1014 ingne,
2225 931 2262 996 et
2282 943 2418 996 mures:

569 1087 719 1154 missum
743 1093 918 1176 nostrum,
942 1087 1018 1155 sibe
1042 1105 1119 1173 nos,
1143 1087 1228 1155 dum
1240 1087 1291 1155 ibi
1305 1088 1523 1173 steterimus,
1540 1087 1601 1154 ille
1624 1085 1680 1153 vel
1695 1085 1773 1153 eius
1786 1084 1933 1153 heredes
1948 1082 2086 1151 nutrire
2102 1081 2296 1150 secundum
2310 1099 2414 1148 suam

567 1240 854 1330 possivilitatem,
878 1244 914 1308 61
938 1239 1061 1309 66616
1085 1239 1146 1308 1116
1170 1239 1226 1308 uel
1249 1239 1328 1308 eius
1351 1241 1474 1310 eredes
1496 1243 1688 1327 pastenare
1711 1239 1844 1308 ibidem
1866 1237 2075 1308 cannietum
2099 1240 2136 1304 et
2151 1235 2352 1321 salicetum;
2369 1232 2416 1302 ad

565 1393 730 1483 completi
754 1397 875 1463 autern
898 1393 1045 1461 sidecim
1069 1392 1186 1480 anni,
1210 1393 1257 1460 ud
1281 1393 1405 1462 amodo
1428 1411 1466 1460 se
1489 1391 1712 1478 compleant,
1745 1388 1806 1457 ille
1829 1391 1949 1458 autem
1973 1391 2112 1458 616666
2136 1387 2260 1456 eredes
2284 1387 2418 1457 abeant

569 1549 608 1615 in
637 1550 712 1618 tota
737 1550 815 1635 ipsa
839 1566 896 1616 res
919 1565 983 1632 per
1008 1543 1774 1616 1661116166166661666616666166616
1798 1545 1889 1609 bono
1918 1539 2051 1610 vitineo
2075 1547 2201 1628 sorta,
2229 1542 2419 1628 perfecta,

568 1702 688 1770 lebeta
711 1705 748 1768 et
772 1700 935 1787 inpolata
959 1701 1004 1768 ad
1028 1702 1314 1787 66166666666,
1339 1703 1375 1768 et
1399 1699 1586 1768 circoitum
1611 1701 1703 1767 bona
1726 1698 1855 1783 clusa,
1880 1696 1990 1764 61616
2014 1700 2106 1763 esset
2135 1701 2283 1784 operata
2305 1698 2419 1783 bona,

567 1855 666 1922 sicud
693 1853 788 1922 iocus
813 1855 888 1940 ipse
912 1857 947 1922 et
962 1854 1005 1921 de
1028 1857 1147 1921 tantos
1162 1870 1275 1922 annos
1291 1844 1476 1940 merue'rit,
1493 1855 1530 1920 et
1544 1870 1690 1938 presens
1703 1851 1836 1922 1661661
1849 1851 1922 1939 1116,
1938 1850 1994 1917 vel
2011 1852 2089 1918 eius
2104 1851 2265 1934 11666166,
2282 1852 2417 1920 scirent

567 2027 644 2095 nos,
669 2009 716 2076 ud
740 2009 791 2076 ibi
815 2026 1019 2096 pergamus
1043 2010 1078 2073 et
1102 2005 1268 2094 adsignet
1291 2007 1394 2072 nobis
1416 2010 1556 2073 surtum
1579 2007 1786 2076 cannietum
1809 2009 1846 2074 et
1870 2005 2055 2076 salicetum
2080 2008 2287 2096 perlectum,
2304 2013 2340 2077 et
2362 2008 2417 2076 di·

567 2161 731 2230 viderent
755 2161 830 2246 ille,
856 2161 910 2228 vel
934 2163 1013 2228 eius
1036 2161 1171 2248 666166,
1195 2159 1372 2248 16161666
1397 2163 1497 2230 terra
1530 2179 1611 2229 cum
1647 2162 1752 2230 vinea
1785 2165 1821 2230 et
1850 2159 2036 2228 salicetum
2060 2165 2096 2228 et
2118 2160 2328 2230 cannietum
2351 2181 2415 2250 per

568 2315 755 2386 iamdictas
778 2319 867 2384 11666
890 2321 926 2384 61
949 2335 1137 2384 mensuras
1160 2318 1256 2383 iusta
1278 2315 1457 2383 rationem
1481 2316 1519 2382 in
1545 2315 1634 2382 duas
1657 2317 1777 2401 partes
1801 2315 1847 2383 ad
1869 2315 1996 2401 equale
2020 2333 2228 2402 mensurae,
2253 2319 2290 2383 et
2314 2315 2417 2403 prius

569 2489 637 2560 ego
662 2472 717 2536 vel
741 2489 835 2539 meos
860 2472 981 2540 eredes
1005 2471 1318 2558 compreendamus
1342 2469 1474 2537 exinde
1500 2487 1574 2536 666
1597 2473 1742 2556 sortem,
1767 2470 1909 2556 qualem
1933 2469 2164 2557 noluerimus,
2182 2469 2321 2557 reliqua
2338 2472 2415 2556 ipsa

569 2623 646 2692 alia
670 2630 763 2691 sorte
786 2625 973 2693 tradamus
1001 2624 1112 2711 ipsius
1135 2622 1242 2708 ligori
1268 2626 1304 2690 et
1330 2623 1476 2692 adeius
1500 2623 1650 2710 eredeS,
1675 2643 1738 2710 per
1762 2624 1872 2692 talem
1896 2624 2124 2692 securitatem
2148 2625 2276 2694 bonam
2306 2625 2416 2712 sacta,

569 2780 666 2848 omni
694 2784 850 2866 ternpore
874 2779 1096 2850 defensatum
1120 2797 1183 2866 per
1207 2796 1270 2846 nos
1294 2783 1330 2846 et
1354 2797 1418 2865 per
1442 2785 1580 2847 nostros
1603 2781 1724 2848 eredes
1747 2799 1828 2848 cum
1851 2779 1928 2848 vice
1962 2782 2005 2848 de
2040 2780 2100 2850 via
2134 2801 2200 2850 sua
2230 2782 2276 2850 da
2299 2800 2422 2850 omnes

569 2936 707 3004 omines
727 2933 896 3020 omnique
921 2933 1096 3020 partibus:
1122 2933 1198 3018 ipso
1215 2933 1369 3000 reditum
1393 2933 1453 3019 qui
1482 2931 1531 3000 ibi
1555 2939 1622 3022 est,
1647 2937 1677 3003 si
1703 2937 1863 3004 ebenerit
1887 2934 1925 3000 in
1949 2937 2140 3005 sortionem
2164 2943 2335 3024 nostram,
2358 2955 2420 3023 po-

569 3093 733 3157 testatem
758 3091 889 3158 abeant
913 3089 973 3156 ille
997 3087 1127 3156 exinde
1150 3089 1274 3156 tollere
1298 3091 1335 3156 et
1358 3089 1395 3156 in
1421 3108 1485 3157 sua
1509 3090 1666 3157 sortione
1689 3093 1902 3178 portarent,
1925 3095 1961 3158 et
1985 3093 2063 3176 ipsa
2097 3090 2327 3178 lingnamina
2353 3111 2423 3178 que

571 3243 676 3310 modo
702 3242 751 3309 ibi
777 3249 861 3309 6661
884 3245 922 3308 16
944 3246 1021 3329 1666
1044 3263 1114 3330 666,
1139 3247 1276 3329 quanta
1299 3243 1429 3312 exinde
1452 3243 1513 3311 ille
1538 3244 1590 3310 vel
1616 3245 1693 3312 6166
1715 3245 1837 3312 eredes
1860 3245 2074 3331 absciderit,
2098 3263 2160 3331 per
2192 3244 2420 3314 medietatem

571 3399 756 3466 nobiscum
783 3397 863 3466 illas
886 3397 1073 3481 dividere;
1099 3397 1319 3482 palmentum
1344 3415 1426 3466 uero
1449 3397 1511 3483 qui
1536 3399 1586 3464 ibi
1610 3401 1685 3484 est,
1713 3397 1744 3464 si
1768 3398 2024 3465 insertionem
2048 3403 2205 3467 nostram
2229 3399 2419 3485 ebenerit‚

571 3553 693 3619 demus
717 3549 750 3616 ei
777 3549 1027 3634 medietatem,
1053 3551 1139 3617 etsi
1164 3550 1203 3616 16
1226 3548 1305 3618 6166
1328 3550 1519 3618 sortionem
1542 3553 1725 3639 ebenerit‚
1750 3551 1859 3621 deant
1883 3551 1943 3619 ille
1974 3552 2075 3619 nobis
2099 3553 2337 3624 6611616166.
2365 3555 2419 3622 116

573 3704 615 3767 61
639 3702 717 3786 1666
740 3701 933 3768 sortionem
956 3702 999 3769 de
1023 3701 1184 3788 predicta
1208 3719 1265 3769 res
1288 3721 1357 3786 que
1381 3702 1414 3767 ei
1439 3701 1477 3766 in
1502 3703 1695 3770 sortionem
1719 3723 1741 3770 a
1765 3722 1827 3770 nos
1850 3705 2037 3792 ebenerit‚
2061 3705 2091 3771 si
2116 3704 2309 3790 aliquando
2324 3710 2424 3782 ¹tem-

570 3873 653 3939 pore
678 3855 739 3922 1116
762 3855 817 3922 vel
842 3855 919 3922 eius
942 3855 1065 3923 eredes
1079 3856 1249 3924 daturum
1266 3857 1319 3923 vel
1338 3857 1564 3925 vinditurum
1576 3861 1732 3946 abuerit,
1750 3878 1821 3925 666
1837 3863 1970 3928 abeant
1982 3863 2190 3946 potestatem
2206 3860 2416 3946 cuicumque

569 4008 648 4075 illos
672 4011 785 4096 dare,
810 4015 929 4097 preter
955 4011 1043 4079 milri
1068 4012 1209 4098 meique
1232 4013 1398 4080 eredibus
1423 4010 1504 4078 illos
1527 4011 1636 4080 deant
1658 4011 1704 4080 ad
1729 4009 1821 4079 iusto
1845 4011 2002 4079 baliente
2026 4013 2182 4099 pretium
2205 4017 2298 4104 quod
2323 4011 2418 4084 iuste

575 4165 685 4232 luerit
707 4164 961 4252 adpretiatum,
985 4171 1021 4234 et
1044 4165 1179 4234 saciant
1203 4165 1263 4232 ille
1287 4165 1343 4232 vel
1366 4165 1445 4232 eius
1468 4164 1590 4232 eredes
1613 4166 1745 4234 exinde
1768 4166 1941 4233 seirenes
1963 4183 2027 4255 pro
2050 4165 2129 4234 illos
2144 4169 2338 4239 tollendum
2354 4191 2419 4260 per

570 4319 676 4386 tertio
699 4321 930 4386 constitutum
955 4337 1066 4405 usque
1097 4319 1223 4387 diebus
1246 4317 1402 4406 triginta
1418 4337 1515 4406 sex3
1541 4325 1577 4388 61
1599 4320 1629 4386 61
1654 4321 1751 4389 infra
1774 4323 1853 4408 1666
1887 4325 2081 4392 constituta
2109 4327 2330 4395 noluerimus
2353 4343 2415 4394 eos

568 4490 698 4557 emere,
712 4471 867 4540 dandum
880 4489 944 4538 nos
955 4471 1038 4540 inde
1061 4472 1095 4540 ei
1118 4471 1210 4539 iusto
1233 4471 1390 4540 baliente
1413 4472 1567 4558 pretium
1583 4472 1675 4557 quod
1691 4473 1782 4541 iuste
1804 4473 1914 4541 fuerit
1928 4475 2182 4567 adpretiatum,
2195 4484 2280 4548 tunc
2296 4481 2412 4552 licead

571 4630 642 4697 illis
665 4649 723 4699 eos
747 4631 831 4699 dare
855 4631 912 4698 cui
938 4631 1102 4699 boluerit.
1130 4633 1220 4699 Nam
1235 4627 1264 4698 si
1290 4634 1373 4700 ante
1389 4629 1468 4716 ipsa
1486 4629 1683 4699 constituta
1694 4633 1905 4718 cuicumque
1920 4633 2000 4702 illos
2012 4635 2181 4707 dederitis
2198 4641 2276 4709 sine
2292 4647 2416 4712 nostra

570 4785 769 4872 licentiam,
790 4786 834 4852 ud
852 4791 1000 4871 parutus
1024 4785 1084 4871 sit,
1109 4785 1209 4852 sicud
1233 4783 1275 4851 de
1300 4782 1443 4850 illorum
1466 4789 1674 4870 potestatem
1698 4791 1782 4856 exet
1799 4791 2416 4882 661666616616666666661166

572 4942 735 5008 rebertar
759 4941 803 5006 ad
828 4943 988 5007 nostram
1011 4943 1046 5006 et
1069 4937 1111 5006 de
1134 4938 1265 5006 nostris
1288 4937 1452 5007 eredibus
1475 4944 1699 5027 potestatem.
1724 4945 1823 5012 Unde
1845 4963 1910 5031 pro
1933 4945 2056 5016 taliter
2078 4966 2142 5035 per
2167 4951 2259 5020 bona
2275 4956 2416 5021 combe-

575 5095 717 5162 nientia
740 5094 874 5180 guadia
898 5094 1005 5160 miehi
1031 5092 1105 5179 1666
1128 5091 1234 5179 ligeri
1259 5092 1367 5179 dedi,
1392 5097 1429 5161 et
1451 5093 1681 5164 mediatorem
1705 5099 1806 5166 nobis
1829 5098 1932 5184 posui
1956 5118 1994 5167 se
2020 5102 2138 5188 ipsum
2164 5123 2228 5191 per
2251 5105 2416 5191 apposita

570 5265 692 5315 66666
716 5249 870 5335 pignera
893 5253 928 5315 et
951 5266 1095 5316 oausam
1118 5265 1218 5318 suam
1241 5246 1403 5333 legitimo
1426 5251 1461 5316 et
1484 5249 1709 5338 inlegitim03
1734 5256 1770 5322 et
1802 5273 1866 5340 per
1900 5253 1979 5341 ipsa
2013 5256 2146 5344 guadia
2169 5263 2233 5329 etc.
2264 5262 2416 5330 statura

571 5407 706 5472 mulcta
728 5407 859 5490 6161611
882 5407 968 5471 ouri
991 5405 1180 5470 solidorum
1203 5404 1589 5472 constantiniunorunc.
1616 5407 1660 5471 Et
1683 5424 1749 5493 ego
1772 5407 1938 5476 alderissi
1972 5411 2135 5480 notarius
2172 5431 2241 5480 unc
2273 5415 2416 5482 brebem

615 5843 646 5957 †
671 5871 746 5956 Ego
769 5873 891 5956 petrus
915 5885 970 5934 me
992 5853 1197 5952 subscripsi.

1306 5993 1438 6001 ——-——.-
1485 5999 1668 6008 -„—,—-
