5466 7106
1004 509 1404 588 nlrtonlllcbs
2024 519 2092 593 125

286 738 326 808 in
363 735 528 806 omnibus
563 735 648 806 inde
682 753 832 806 causare
866 739 903 806 et
930 735 1036 805 duem
1060 737 1205 826 lacere,
1230 739 1387 825 qualiter
1410 739 1606 812 bolueritis.
1631 743 1677 810 nt
1700 740 1732 810 si
1756 741 1878 814 taliter
1901 746 1965 814 etc:
1990 742 2141 812 Stotnto

289 895 426 962 mnlcto
448 891 581 978 viginti
605 892 692 958 anot
714 890 907 960 sdtdornns
933 889 1173 960 Constantini.
1198 891 1244 958 Et
1266 907 1330 977 per
1353 889 1557 980 supradicta
1579 891 1738 980 obligata
1761 843 1854 980 pena
1877 889 2077 980 hobligabit
2104 909 2142 959 se

296 1047 373 1135 ipsc
397 1043 558 1134 areghisi
583 1044 695 1114 abbas
718 1047 754 1114 et
776 1060 858 1112 suos
880 1041 1032 1129 eredes,
1056 1045 1098 1110 ut
1119 1041 1150 1109 si
1173 1059 1230 1110 me
1252 1045 1289 1112 et
1312 1059 1410 1110 meos
1431 1041 1554 1111 eredes
1575 1045 1698 1130 petrus
1720 1041 1817 1112 filius
1839 1040 1999 1130 areghisi
2023 1039 2144 1110 adbic-

293 1194 385 1266 cerit
408 1196 453 1266 ds
477 1194 557 1284 ipsa
579 1197 692 1282 terra,
708 1194 802 1282 quod
825 1197 936 1265 antea
958 1191 1025 1262 tibi
1048 1193 1356 1282 benumdedimus‚
1373 1199 1498 1264 utnon
1514 1194 1616 1266 siatis
1639 1195 1741 1264 nobis
1763 1195 1846 1264 inde
1869 1195 2073 1284 culpabilis,
2090 1199 2144 1264 set

289 1345 424 1416 solutis
446 1345 532 1416 inde
556 1363 766 1417 maneamus
788 1346 835 1416 ab
857 1364 877 1414 e
899 1349 1024 1416 nostm
1046 1347 1151 1434 parte
1173 1345 1251 1416 sine
1274 1348 1372 1416 omni
1394 1347 1587 1437 calumnie,
1611 1351 1698 1437 quia
1722 1350 1774 1420 sic
1796 1349 1893 1419 inter
1915 1351 2017 1420 nobis
2044 1348 2146 1419 modo

291 1501 407 1586 stetit;
435 1501 501 1586 st,
531 1501 572 1567 ut
594 1498 737 1570 cartula
760 1497 831 1569 ista
854 1498 893 1566 in
917 1498 986 1570 alis
1010 1499 1123 1568 modis
1146 1517 1218 1568 non
1241 1475 1339 1570 siant
1361 1503 1604 1590 trasmutata,
1638 1501 1706 1571 due
1729 1521 1793 1590 per
1816 1520 1888 1570 uno
1911 1503 2028 1573 tinore
2063 1501 2146 1572 inde

293 1657 453 1725 scribere
478 1653 647 1723 fecimus:
672 1653 744 1722 ista
767 1653 859 1741 quod
882 1656 1001 1723 nostre
1025 1653 1209 1741 potestatis
1232 1652 1441 1740 retinemus,
1463 1654 1500 1720 et
1523 1649 1598 1722 alia
1619 1651 1692 1722 tale
1715 1651 1798 1721 inde
1822 1651 2003 1722 emisimus
2027 1651 2073 1722 ad
2089 1669 2149 1720 ve-

294 1813 371 1877 stra
389 1809 614 1896 potestatem,
640 1809 675 1876 et
697 1805 820 1876 taliter
843 1807 999 1876 scribere
1022 1806 1228 1894 rogabimus
1250 1809 1285 1875 te
1308 1806 1471 1896 superius
1494 1805 1610 1875 dictus
1633 1807 1818 1894 iaquintus
1840 1809 2003 1878 notarius
2027 1812 2149 1878 actum

295 1958 447 2028 salerno.

343 2083 374 2199 †
399 2113 474 2200 Ego
499 2109 658 2182 ademari
682 2128 738 2179 me
762 2109 954 2196 subscripsi

344 2233 375 2350 †
399 2263 475 2350 Ego
497 2261 705 2334 smaracdus
729 2279 785 2332 me
802 2216 1016 2351 subscripsi.

1036 2549 1408 2559 ...-.-.-.-.--.-----

999 2837 1459 2924 DCCLXXXVII.

1078 3165 1133 3243 A.
1161 3162 1211 3243 D.
1239 3161 1370 3246 1026.

349 3440 384 3581 †
410 3492 450 3557 ln
473 3488 618 3556 nomine
640 3483 775 3555 domini
798 3485 978 3554 tricesimo
1001 3485 1151 3554 hoctabo
1175 3503 1271 3556 anno
1292 3489 1516 3577 principatus
1531 3491 1651 3560 domni
1671 3495 1783 3563 nostri
1800 3496 1997 3585 guaimari,
2013 3502 2049 3566 et
2066 3515 2159 3565 nono

304 3665 405 3720 anno
427 3645 547 3716 domni
569 3641 752 3731 guaimari
776 3641 854 3709 eius
877 3638 965 3727 filie,
990 3637 1136 3726 gloriosi
1160 3639 1394 3729 principibus,
1420 3661 1540 3711 mense
1564 3645 1769 3732 nobember,
1785 3645 1923 3718 decima
1947 3647 2158 3718 indictione.

302 3803 526 3874 declaramus
550 3816 613 3868 nos
635 3795 765 3865 mulier
788 3795 931 3862 nomine
954 3795 1162 3864 ermesenda
1184 3794 1260 3864 fllia
1280 3793 1371 3881 ursi,
1395 3795 1457 3881 qui
1481 3794 1551 3863 luit
1574 3815 1686 3864 uxore
1711 3797 1916 3884 truppoaldi
1940 3799 2064 3869 clerici
2090 3800 2160 3871 filii

304 3957 412 4046 petri,
428 3959 464 4024 et
480 3952 681 4023 romoaldus
705 3949 856 4020 clericus
882 3947 980 4016 filius
1003 3946 1154 4036 predicti
1178 3946 1383 4034 truppcaldi
1400 3951 1436 4015 et
1451 3947 1609 4034 predicte
1626 3949 1846 4038 ermesende,
1863 3952 2034 4038 quoniam
2059 3953 2162 4022 nobis

309 4109 474 4181 iamdicti
497 4111 613 4178 mater
636 4110 672 4175 et
695 4103 792 4173 filius
814 4103 1052 4191 pertinentem
1075 4104 1128 4170 est
1151 4102 1259 4170 abere
1280 4104 1382 4170 terra
1403 4120 1484 4169 cum
1507 4120 1593 4172 casa
1616 4104 1749 4174 trabita
1767 4105 1935 4206 ¹solarata
1959 4105 2062 4176 intus
2093 4127 2162 4179 anc

311 4263 573 4335 salernitanam
596 4259 779 4328 cibitatem
812 4274 835 4324 a
868 4257 993 4341 suptus
1020 4253 1139 4340 platea
1163 4252 1226 4339 qui
1249 4253 1369 4342 pergit
1392 4257 1516 4341 suptus
1539 4254 1691 4325 ecclesia
1713 4257 1831 4326 sancti
1855 4259 2022 4349 maximi,
2052 4265 2088 4331 et
2111 4268 2164 4331 est

309 4438 375 4508 per
399 4437 438 4487 ec
462 4416 546 4484 flnis
568 4418 604 4483 11
626 4411 835 4482 mensuris:
860 4429 883 4478 a
905 4426 989 4496 pars
1012 4407 1161 4476 meridie
1184 4407 1283 4495 fine,
1311 4406 1404 4476 sicut
1427 4405 1519 4476 facie
1542 4407 1586 4477 de
1608 4411 1745 4496 pariete
1769 4411 1939 4482 trabitum
1963 4412 2161 4502 discernit,

307 4573 394 4640 inde
418 4573 502 4639 sunt
524 4567 629 4656 pedes
651 4566 772 4635 decem
795 4565 830 4634 et
854 4567 955 4632 octo:
981 4565 1027 4631 ab
1050 4560 1231 4630 occidente
1254 4560 1326 4629 tine
1349 4559 1541 4647 anditum,
1579 4561 1661 4631 inde
1684 4565 1770 4630 sunt
1792 4563 1898 4650 pedes
1936 4565 2100 4634 undecim
2127 4573 2164 4636 et

304 4723 494 4792 summisse
509 4724 546 4790 et
562 4720 668 4789 uncie
683 4721 777 4786 tres:
797 4736 820 4786 a
843 4712 1124 4804 septemtrionis,
1148 4711 1241 4780 sicut
1263 4713 1377 4778 totum
1400 4711 1576 4796 parietem
1599 4709 1643 4779 de
1667 4711 1738 4780 ista
1760 4731 1844 4783 casa
1866 4714 2054 4804 discernit,
2079 4717 2162 4787 inde

306 4876 391 4941 sunt
413 4871 519 4960 pedes
541 4870 607 4942 alii
630 4869 750 4939 decem
773 4870 810 4936 et
831 4871 932 4936 octo:
958 4868 1004 4936 ab
1027 4865 1165 4934 oriente
1188 4867 1273 4932 sunt
1296 4861 1402 4950 pedes
1426 4862 1490 4932 alii
1514 4863 1679 4932 undecim
1702 4869 1738 4933 et
1761 4867 1949 4938 summisse
1982 4876 2019 4940 et
2057 4875 2163 4944 uncie

307 5031 413 5112 tres,
445 5029 480 5094 et
502 5026 549 5095 ab
572 5025 650 5110 ipsa
674 5040 756 5110 pars
779 5017 973 5089 occidentis
996 5034 1104 5104 super
1128 5016 1202 5103 ipso
1225 5015 1393 5084 anditum
1416 5017 1544 5084 abente
1567 5014 1795 5085 mineaneum
1817 5021 1853 5086 et
1876 5021 2024 5093 scalella
2047 5027 2164 5114 posita

310 5180 483 5270 lingnitia
506 5177 549 5246 de
573 5175 723 5246 latitudo
747 5173 852 5262 pedes
874 5173 944 5242 duo
967 5175 1003 5240 et
1026 5171 1153 5257 planta
1176 5187 1257 5235 cum
1280 5166 1419 5254 pollice,
1436 5171 1471 5236 et
1493 5167 1537 5236 de
1553 5166 1736 5253 longitudo
1752 5170 1829 5260 ipso
1846 5173 2075 5246 mineaneum
2093 5200 2161 5251 un-

303 5337 426 5407 decim
450 5335 556 5424 pedes
579 5337 616 5402 et
639 5331 826 5400 summisse
849 5331 886 5396 et
909 5327 1014 5394 uncie
1038 5330 1126 5411 tres,
1140 5327 1177 5392 et
1200 5343 1222 5394 a
1246 5321 1341 5390 foras
1364 5319 1572 5407 supradicta
1597 5321 1762 5390 mensure
1786 5291 1950 5395 abentem
1975 5349 2087 5399 unum
2111 5354 2166 5404 se·

308 5491 478 5559 rioldium
495 5491 535 5558 in
558 5507 643 5577 pars
665 5483 818 5554 orientis
841 5486 877 5552 et
899 5480 1011 5551 alium
1036 5479 1074 5547 in
1098 5493 1180 5564 pars
1205 5472 1396 5543 occidentis
1420 5471 1636 5542 cecidentem
1659 5473 1699 5543 in
1723 5475 1799 5564 ipso
1821 5479 1987 5550 anditum
2011 5484 2054 5554 de
2078 5486 2164 5556 lati·

311 5645 396 5715 tudo
418 5645 543 5735 pedem
566 5661 677 5712 unum
701 5643 737 5709 et
758 5637 863 5706 uncie
886 5640 981 5706 tres:
1008 5636 1083 5702 tota
1107 5633 1222 5700 omnis
1246 5629 1452 5717 supradicta
1476 5631 1661 5740 mensuris
1686 5639 1894 5705 mensurata
1917 5637 1985 5708 suit
2013 5640 2059 5710 ad
2074 5641 2168 5714 iusto

312 5800 435 5886 pedem
460 5816 606 5869 manum
629 5796 799 5865 ominum.
824 5789 922 5858 Modo
946 5791 1093 5873 autem,
1119 5785 1212 5853 sicut
1234 5785 1336 5852 nobis
1358 5783 1519 5854 iamdicti
1543 5788 1667 5852 mater.
1682 5789 1722 5854 et.
1736 5786 1837 5855 illius
1861 5807 2061 5878 congruum
2084 5803 2138 5867 est
2151 5847 2161 5885 ,
