5466 7106
580 498 649 572 116
1201 499 1374 583 deunx
1408 501 1672 578 cuvuusls

530 744 618 812 pars
641 725 907 814 septemtrionis
930 745 1042 815 usque
1066 729 1144 814 ipsa
1167 727 1290 796 obside
1312 729 1429 797 sancti
1453 728 1600 817 quirici,
1624 730 1731 817 qualo
1754 733 1911 818 tempore
1934 728 2072 798 uenerit
2095 731 2199 797 homo
2222 726 2289 820 qui,
2302 727 2388 799 illut

531 849 787 969 comprendere
813 883 860 953 ab
883 885 960 952 eius
982 885 1087 970 parte
1109 881 1277 970 boluerit,
1300 885 1510 968 potestatem
1532 882 1646 953 abead
1670 882 1750 954 illut
1772 883 1859 953 dare
1883 883 1929 952 ad
1952 880 2185 953 lavorandum
2200 931 2211 968 ,
2228 880 2388 968 qualiter

529 991 689 1104 voluerit
711 998 791 1103 sine
814 995 938 1108 nostra
960 1036 1265 1106 contrarietatem.
1290 1035 1336 1102 ut
1352 1037 1448 1103 hunc
1461 1036 1604 1104 brebem
1625 1035 1754 1122 scripsi
1777 1053 1844 1124 ego
1867 1035 2041 1106 iohannes
2063 1033 2227 1106 notarius
2249 1037 2310 1120 qui
2323 1034 2388 1102 'in-

531 1187 655 1256 tersui.

579 1312 610 1428 †
635 1340 710 1429 ligo
734 1341 907 1412 iohannes
930 1342 1093 1410 notarius
1114 1359 1170 1410 me
1193 1341 1385 1429 subscripsi

581 1463 611 1578 †
637 1492 711 1596 Ego
735 1491 921 1586 iaquintus
944 1493 1108 1571 notarius
1130 1511 1187 1562 me
1210 1490 1417 1580 subscripsi.

1248 1742 1699 1756 —----.—---—-——---

1269 2033 1633 2118 DCGLXXX.

1305 2297 1360 2375 Α.
1388 2295 1438 2373 D.
1467 2293 1595 2376 1026.

578 2502 615 2643 †
640 2556 681 2622 In
704 2521 848 2623 nomine
871 2505 1007 2626 domini
1031 2574 1126 2627 anno
1148 2555 1329 2626 tricesimo
1352 2557 1503 2624 hoctabo
1524 2553 1748 2642 principatus
1770 2552 1889 2621 domui
1917 2553 2028 2622 nostri
2053 2553 2250 2641 guaimari,
2273 2559 2310 2624 et
2335 2574 2393 2624 oc·

535 2711 618 2780 tabo
641 2727 737 2779 anno
759 2707 983 2798 principatus
1006 2711 1127 2780 domni
1151 2711 1331 2799 guaimari
1355 2712 1433 2781 eius
1457 2709 1536 2799 dlii,
1553 2710 1700 2800 gloriosi
1715 2707 1952 2796 principibus,
1968 2726 2090 2780 mense
2105 2709 2269 2798 martius,
2286 2727 2383 2780 nona

534 2861 741 2932 indictione.
765 2863 1052 2934 memoratorium
1075 2864 1210 2932 factum
1231 2884 1254 2934 a
1276 2863 1379 2933 nobis
1403 2868 1526 2950 petrus
1548 2863 1645 2934 filius
1668 2862 1817 2932 iohanni
1841 2866 1878 2931 11
1900 2863 2096 2949 stephanus
2119 2862 2214 2932 tilius
2238 2819 2390 2934 iohanni

532 3032 670 3100 pesanu
682 3065 692 3102 ,
715 3033 757 3084 eo
779 3017 872 3103 quod
896 3020 982 3086 ante
1005 3015 1197 3103 subscripti
1221 3020 1330 3086 testes
1352 3016 1514 3086 coniunti
1536 3035 1659 3088 sumus
1682 3036 1763 3086 cum
1785 3035 1873 3086 ursu
1895 3016 2101 3086 atrianense
2123 3015 2197 3085 filio
2220 3015 2321 3085 lirini
2345 3015 2390 3087 de

531 3166 647 3256 guoti,
658 3172 803 3256 propter
819 3170 911 3257 quod
928 3173 1014 3240 ante
1030 3187 1068 3239 os
1084 3173 1226 3256 (anuos)
1241 3189 1306 3238 nos
1321 3171 1500 3241 nominati
1515 3174 1637 3258 petrus
1652 3175 1688 3241 et
1702 3172 1819 3258 ipsum
1843 3169 2016 3240 iohannes
2041 3187 2213 3256 pesanum
2238 3170 2284 3238 ad
2308 3188 2393 3258 par·

531 3319 665 3390 tionem
687 3323 733 3392 ad
756 3323 1021 3410 pastenandum
1043 3322 1191 3392 tulimus
1214 3324 1260 3393 da
1284 3325 1401 3410 ipsum
1419 3323 1531 3392 leode
1547 3325 1653 3394 rebus
1675 3341 1740 3395 sua
1756 3325 1795 3392 in
1811 3324 1926 3392 locum
1943 3325 2057 3392 boteri
2074 3323 2144 3393 ista
2161 3327 2263 3411 parte
2279 3323 2388 3392 dubio

532 3473 576 3540 de
601 3476 715 3543 boteri
738 3475 846 3544 uinea
869 3481 905 3546 et
927 3475 1137 3546 cannietum
1160 3475 1292 3547 ibidem
1316 3475 1554 3563 plantandum
1576 3475 1708 3545 ibidem
1731 3476 1771 3543 in
1794 3474 1855 3542 illo
1879 3474 2056 3568 hordine,
2080 3477 2175 3544 sicut
2197 3474 2408 3562 continunt

535 3627 638 3695 brebi
661 3627 704 3696 de
728 3627 806 3716 ipsa
829 3629 1095 3715 pastenatione,
1119 3634 1155 3698 et
1177 3635 1287 3702 totum
1313 3631 1394 3698 illut
1416 3633 1647 3720 pastenatum
1670 3634 1706 3700 et
1730 3633 1869 3700 surium
1893 3633 2055 3717 abemus,
2078 3629 2172 3696 sicut
2195 3627 2387 3716 meruerit3

533 3780 708 3867 proinde,
732 3784 773 3847 ut
796 3779 977 3868 diximus,
1000 3781 1102 3850 modo
1126 3800 1247 3851 sumus
1270 3782 1432 3852 coniunti
1456 3787 1492 3852 et
1513 3784 1660 3870 statim,
1689 3783 1782 3851 sicut
1812 3786 1965 3870 utraque
1998 3783 2119 3871 partes
2149 3781 2392 3878 complacuit,

533 3933 662 4002 dibidit
678 3911 750 4022 ¹ego
774 3934 857 4002 illut
880 3935 918 4002 in
942 3935 1032 4004 duas
1054 3945 1182 4024 parte,
1212 3936 1306 4004 unde
1328 3935 1390 4004 1111
1413 3936 1649 4023 compreensit
1671 3936 1755 4004 inde
1778 3935 1818 4004 in
1842 3953 1927 4023 pars
1950 3935 2214 4022 septemtrionis
2244 3937 2396 4003 coniun-

534 4089 610 4152 tum
634 4085 681 4154 ad
705 4085 777 4154 fine
799 4103 866 4156 sua
888 4093 925 4157 ot
946 4087 1048 4156 nobis
1071 4087 1222 4157 tradidit
1245 4105 1310 4176 pro
1333 4087 1411 4176 ipsa
1435 4086 1680 4174 pastenatione
1704 4051 1835 4154 euinde
1858 4085 1896 4153 in
1920 4104 2006 4172 pars
2027 4085 2177 4158 meridie
2201 4104 2223 4154 a
2255 4089 2360 4173 parte
2380 4136 2408 4180 ,v

533 4237 598 4304 ubi
623 4242 678 4331 est
699 4257 805 4308 muru
827 4239 871 4309 de
895 4242 973 4328 ipsa
997 4240 1144 4311 cibitate
1167 4241 1210 4308 de
1233 4239 1347 4310 beteri
1371 4260 1435 4327 per
1459 4241 1542 4308 finis
1568 4245 1605 4309 et
1627 4257 1838 4310 mensuras:
1863 4237 1906 4308 de
1930 4238 2018 4326 pede
2041 4238 2112 4307 fine
2137 4237 2199 4308 bia
2221 4237 2396 4326 publica,

533 4395 617 4488 sunt
643 4394 690 4461 ab
713 4393 808 4462 intro
832 4393 910 4480 ipsa
933 4367 1040 4462 rebus
1063 4399 1200 4463 rectum
1223 4399 1470 4464 mensuratum
1493 4396 1589 4482 passi
1612 4393 1765 4462 sedecim
1786 4397 1823 4462 et
1846 4393 2025 4462 medium:
2051 4413 2075 4462 a
2097 4396 2201 4480 parte
2236 4395 2388 4480 septem·

536 4543 667 4642 trionis
690 4546 762 4612 fine
786 4547 866 4633 ipsa
888 4566 952 4618 sua
975 4547 1145 4635 sortione,
1163 4547 1257 4616 sicut
1278 4545 1511 4617 terminatum
1533 4551 1601 4632 est,
1625 4545 1707 4614 inde
1730 4549 1816 4613 sunt
1838 4546 1935 4632 passi
1951 4546 2177 4633 octuaginta:
2203 4545 2246 4614 de
2276 4547 2393 4633 capite

538 4659 609 4766 fine
633 4700 745 4787 ipsius
768 4661 844 4770 ursi
867 4701 960 4789 quod
982 4706 1037 4770 est
1061 4704 1107 4771 ab
1129 4701 1281 4791 oriente,
1304 4701 1386 4771 inde
1409 4707 1494 4771 sunt
1516 4701 1612 4790 passi
1635 4699 1947 4788 quadtuordecim:
1973 4720 1996 4770 a
2017 4720 2102 4788 pars
2127 4701 2275 4770 meridie
2291 4701 2390 4769 simi-

429 4825 432 4832 ’
537 4853 621 4922 litor
644 4854 715 4923 fine
739 4873 808 4924 sua
830 4855 893 4942 qui
918 4859 972 4926 est
993 4853 1099 4941 silba,
1116 4853 1199 4924 inde
1222 4859 1307 4924 sunt
1329 4856 1423 4944 passi
1447 4857 1657 4945 octuaginta
1679 4859 1715 4924 et
1738 4855 1777 4922 in
1800 4856 1914 4924 medio
1936 4856 2090 4943 locoper
2105 4858 2310 4928 trabersum
2325 4873 2389 4942 per
2413 4947 2417 4954 ἡ

544 4961 699 5075 latitudo
722 5006 820 5094 passi
843 5006 1008 5094 sedecim,
1033 5011 1146 5075 totum
1169 5007 1215 5077 ad
1238 5007 1331 5077 iusto
1353 5027 1493 5096 passum
1518 5009 1656 5078 homini
1680 5007 1845 5076 inclitum
1869 5007 1950 5076 illut
1972 5026 2035 5095 per
2059 5007 2228 5077 iamdicte
2251 5009 2334 5085 finis
2357 5013 2394 5077 et

544 5137 730 5268 mensurio
755 5133 836 5227 cum
861 5161 982 5229 omnia
1004 5159 1103 5230 infra
1125 5179 1164 5229 se
1187 5161 1378 5230 abentibns
1401 5166 1437 5230 et
1459 5160 1535 5231 suis
1557 5161 1786 5250 pertinentiis
1809 5168 1845 5232 et
1868 5181 1950 5231 cum
1972 5161 2050 5230 biee
2072 5161 2114 5230 de
2138 5163 2199 5232 bia
2222 5161 2324 5250 ipsa,
2352 5159 2398 5232 ad

493 5409 496 5414 ι
545 5310 723 5378 securiter
746 5275 781 5382 et
798 5271 957 5382 ‘firmiter
980 5313 1105 5383 amodo
1127 5316 1163 5381 et
1186 5331 1323 5400 semper
1346 5329 1411 5380 nos
1434 5313 1610 5384 nominati
1633 5318 1762 5418 petrus¹
1777 5319 1814 5383 11
1836 5316 2031 5401 stephanus
2054 5317 2090 5382 et
2120 5315 2253 5382 nostris
2281 5312 2398 5382 111111-
2419 5409 2422 5418 Ι

544 5427 608 5531 bus
631 5449 714 5535 illut
736 5427 913 5536 abendum
927 5423 1230 5555 ,dominandum
1258 5463 1522 5555 possidendum,
1545 5471 1582 5536 et
1604 5467 1725 5537 omnia
1747 5467 1878 5537 exinde
1899 5465 2104 5538 faciendum
2126 5465 2219 5554 quod
2243 5465 2397 5536 1111111-

543 5635 637 5706 mus,
662 5622 698 5686 et
721 5636 861 5706 semper
884 5620 960 5707 ipse
983 5637 1070 5687 ursu
1092 5623 1128 5687 et
1151 5617 1228 5686 eius
1251 5617 1374 5686 eredes
1396 5617 1479 5686 illut
1502 5618 1604 5686 nobis
1626 5616 1828 5705 nostrisque
1851 5617 2016 5686 eredibus
2039 5617 2226 5688 defensare
2248 5615 2296 5686 da
2318 5634 2394 5684 om·

543 5787 607 5838 nes
628 5769 765 5840 omines
789 5773 956 5860 omnique
980 5771 1154 5872 partibus,
1169 5789 1250 5838 cum
1273 5769 1350 5839 bioe
1373 5771 1417 5841 de
1438 5772 1518 5860 ipsa
1541 5773 1614 5860 bia,
1631 5775 1668 5841 et
1683 5789 1755 5856 non
1777 5771 1859 5874 illut
1874 5772 1975 5874 nobis
1988 5772 2114 5872 tollere
2131 5777 2195 5872 aut
2210 5774 2394 5873 contrare:
