<?xml version="1.0" encoding="UTF-8"?>
<!DOCTYPE html PUBLIC "-//W3C//DTD XHTML 1.0 Transitional//EN"
    "http://www.w3.org/TR/xhtml1/DTD/xhtml1-transitional.dtd">
<html xmlns="http://www.w3.org/1999/xhtml" xml:lang="en" lang="en">
 <head>
  <title>
</title>
<meta http-equiv="Content-Type" content="text/html;charset=utf-8" />
  <meta name='ocr-system' content='tesseract 3.04.00' />
  <meta name='ocr-capabilities' content='ocr_page ocr_carea ocr_par ocr_line ocrx_word'/>
</head>
<body>
  <div class='ocr_page' id='page_1' title='image "./codexdiplomatic03aragoog_0293.png"; bbox 0 0 5422 7102; ppageno 0'>
   <div class='ocr_carea' id='block_1_1' title="bbox 1080 543 2152 620">
    <p class='ocr_par' dir='ltr' id='par_1_1' title="bbox 1080 543 2152 620">
     <span class='ocr_line' id='line_1_1' title="bbox 1080 543 2152 620; baseline 0 -5"><span class='ocrx_word' id='word_1_1' title='bbox 1080 545 1478 620; x_wconf 76' lang='lat' dir='ltr'>DIPLOMATICUS</span> <span class='ocrx_word' id='word_1_2' title='bbox 2083 543 2152 616; x_wconf 73' lang='lat' dir='ltr'><strong>sle</strong></span> 
     </span>
    </p>
   </div>
   <div class='ocr_carea' id='block_1_2' title="bbox 347 766 2207 3152">
    <p class='ocr_par' dir='ltr' id='par_1_2' title="bbox 347 766 2207 3152">
     <span class='ocr_line' id='line_1_2' title="bbox 347 766 2198 860; baseline 0.001 -24"><span class='ocrx_word' id='word_1_3' title='bbox 347 769 471 836; x_wconf 88' lang='lat' dir='ltr'><strong>tutum</strong></span> <span class='ocrx_word' id='word_1_4' title='bbox 494 767 664 837; x_wconf 88' lang='lat' dir='ltr'><strong>similiter</strong></span> <span class='ocrx_word' id='word_1_5' title='bbox 688 766 830 839; x_wconf 81' lang='lat' dir='ltr'><strong>faciatis</strong></span> <span class='ocrx_word' id='word_1_6' title='bbox 853 768 945 836; x_wconf 87' lang='lat' dir='ltr'><strong>scire</strong></span> <span class='ocrx_word' id='word_1_7' title='bbox 966 787 1051 857; x_wconf 89' lang='lat' dir='ltr'><strong>pars</strong></span> <span class='ocrx_word' id='word_1_8' title='bbox 1072 769 1229 857; x_wconf 87' lang='lat' dir='ltr'><strong>predicto</strong></span> <span class='ocrx_word' id='word_1_9' title='bbox 1252 771 1413 860; x_wconf 81' lang='lat' dir='ltr'><strong>ecclesie,</strong></span> <span class='ocrx_word' id='word_1_10' title='bbox 1439 775 1479 841; x_wconf 89' lang='lat' dir='ltr'><strong>ut</strong></span> <span class='ocrx_word' id='word_1_11' title='bbox 1502 772 1635 842; x_wconf 88' lang='lat' dir='ltr'><strong>ibidem</strong></span> <span class='ocrx_word' id='word_1_12' title='bbox 1658 771 1802 860; x_wconf 84' lang='lat' dir='ltr'><strong>dirigad</strong></span> <span class='ocrx_word' id='word_1_13' title='bbox 1824 770 1973 839; x_wconf 90' lang='lat' dir='ltr'><strong>missum</strong></span> <span class='ocrx_word' id='word_1_14' title='bbox 2003 788 2137 857; x_wconf 91' lang='lat' dir='ltr'><strong>suum,</strong></span> <span class='ocrx_word' id='word_1_15' title='bbox 2162 771 2198 838; x_wconf 88' lang='lat' dir='ltr'><strong>et</strong></span> 
     </span>
     <span class='ocr_line' id='line_1_3' title="bbox 348 920 2202 1014; baseline -0.001 -24"><span class='ocrx_word' id='word_1_16' title='bbox 348 941 469 991; x_wconf 85' lang='lat' dir='ltr'><strong>omnes</strong></span> <span class='ocrx_word' id='word_1_17' title='bbox 492 921 637 992; x_wconf 88' lang='lat' dir='ltr'><strong>elandes</strong></span> <span class='ocrx_word' id='word_1_18' title='bbox 660 941 769 1009; x_wconf 90' lang='lat' dir='ltr'><strong>quam</strong></span> <span class='ocrx_word' id='word_1_19' title='bbox 791 921 874 990; x_wconf 89' lang='lat' dir='ltr'><strong>inde</strong></span> <span class='ocrx_word' id='word_1_20' title='bbox 897 921 1057 1009; x_wconf 86' lang='lat' dir='ltr'><strong>exierit,</strong></span> <span class='ocrx_word' id='word_1_21' title='bbox 1082 921 1234 992; x_wconf 88' lang='lat' dir='ltr'><strong>dividati</strong></span> <span class='ocrx_word' id='word_1_22' title='bbox 1259 923 1342 992; x_wconf 92' lang='lat' dir='ltr'><strong>illut</strong></span> <span class='ocrx_word' id='word_1_23' title='bbox 1364 944 1445 993; x_wconf 91' lang='lat' dir='ltr'><strong>cum</strong></span> <span class='ocrx_word' id='word_1_24' title='bbox 1469 925 1546 1012; x_wconf 87' lang='lat' dir='ltr'><strong>ipso</strong></span> <span class='ocrx_word' id='word_1_25' title='bbox 1568 925 1716 994; x_wconf 84' lang='lat' dir='ltr'><strong>missum</strong></span> <span class='ocrx_word' id='word_1_26' title='bbox 1746 943 1810 1014; x_wconf 89' lang='lat' dir='ltr'><strong>per</strong></span> <span class='ocrx_word' id='word_1_27' title='bbox 1839 923 2098 993; x_wconf 89' lang='lat' dir='ltr'><strong>medietatem:</strong></span> <span class='ocrx_word' id='word_1_28' title='bbox 2125 920 2202 1010; x_wconf 87' lang='lat' dir='ltr'><strong>ipso</strong></span> 
     </span>
     <span class='ocr_line' id='line_1_4' title="bbox 348 1075 2200 1165; baseline 0.001 -23"><span class='ocrx_word' id='word_1_29' title='bbox 348 1075 495 1145; x_wconf 88' lang='lat' dir='ltr'><strong>missum</strong></span> <span class='ocrx_word' id='word_1_30' title='bbox 518 1075 609 1145; x_wconf 88' lang='lat' dir='ltr'><strong>detis</strong></span> <span class='ocrx_word' id='word_1_31' title='bbox 631 1077 714 1144; x_wconf 92' lang='lat' dir='ltr'><strong>inde</strong></span> <span class='ocrx_word' id='word_1_32' title='bbox 738 1075 868 1146; x_wconf 87' lang='lat' dir='ltr'><strong>inclita</strong></span> <span class='ocrx_word' id='word_1_33' title='bbox 890 1076 1091 1162; x_wconf 79' lang='lat' dir='ltr'><strong>medietate,</strong></span> <span class='ocrx_word' id='word_1_34' title='bbox 1115 1079 1151 1144; x_wconf 92' lang='lat' dir='ltr'><strong>et</strong></span> <span class='ocrx_word' id='word_1_35' title='bbox 1173 1077 1271 1144; x_wconf 87' lang='lat' dir='ltr'><strong>vobis</strong></span> <span class='ocrx_word' id='word_1_36' title='bbox 1294 1078 1488 1147; x_wconf 90' lang='lat' dir='ltr'><strong>remanead</strong></span> <span class='ocrx_word' id='word_1_37' title='bbox 1513 1078 1591 1165; x_wconf 91' lang='lat' dir='ltr'><strong>ipsa</strong></span> <span class='ocrx_word' id='word_1_38' title='bbox 1621 1077 1696 1147; x_wconf 92' lang='lat' dir='ltr'><strong>alia</strong></span> <span class='ocrx_word' id='word_1_39' title='bbox 1726 1075 1943 1146; x_wconf 83' lang='lat' dir='ltr'><strong>medietate:</strong></span> <span class='ocrx_word' id='word_1_40' title='bbox 1968 1075 2138 1144; x_wconf 89' lang='lat' dir='ltr'><strong>similiter</strong></span> <span class='ocrx_word' id='word_1_41' title='bbox 2164 1078 2200 1144; x_wconf 90' lang='lat' dir='ltr'><strong>et</strong></span> 
     </span>
     <span class='ocr_line' id='line_1_5' title="bbox 348 1225 2198 1316; baseline 0.001 -22"><span class='ocrx_word' id='word_1_42' title='bbox 348 1228 424 1314; x_wconf 89' lang='lat' dir='ltr'><strong>ipso</strong></span> <span class='ocrx_word' id='word_1_43' title='bbox 446 1227 589 1297; x_wconf 90' lang='lat' dir='ltr'><strong>missum</strong></span> <span class='ocrx_word' id='word_1_44' title='bbox 622 1227 807 1316; x_wconf 84' lang='lat' dir='ltr'><strong>nutriatis,</strong></span> <span class='ocrx_word' id='word_1_45' title='bbox 833 1228 934 1296; x_wconf 90' lang='lat' dir='ltr'><strong>sicud</strong></span> <span class='ocrx_word' id='word_1_46' title='bbox 957 1230 1146 1314; x_wconf 90' lang='lat' dir='ltr'><strong>meruerit,</strong></span> <span class='ocrx_word' id='word_1_47' title='bbox 1170 1233 1206 1298; x_wconf 91' lang='lat' dir='ltr'><strong>et</strong></span> <span class='ocrx_word' id='word_1_48' title='bbox 1229 1229 1366 1298; x_wconf 88' lang='lat' dir='ltr'><strong>omines</strong></span> <span class='ocrx_word' id='word_1_49' title='bbox 1389 1227 1435 1297; x_wconf 91' lang='lat' dir='ltr'><strong>ad</strong></span> <span class='ocrx_word' id='word_1_50' title='bbox 1458 1228 1690 1298; x_wconf 91' lang='lat' dir='ltr'><strong>laborandum</strong></span> <span class='ocrx_word' id='word_1_51' title='bbox 1712 1231 1749 1296; x_wconf 89' lang='lat' dir='ltr'><strong>et</strong></span> <span class='ocrx_word' id='word_1_52' title='bbox 1780 1228 1828 1296; x_wconf 89' lang='lat' dir='ltr'><strong>ad</strong></span> <span class='ocrx_word' id='word_1_53' title='bbox 1856 1227 2095 1316; x_wconf 86' lang='lat' dir='ltr'><strong>colligendum</strong></span> <span class='ocrx_word' id='word_1_54' title='bbox 2121 1225 2198 1313; x_wconf 85' lang='lat' dir='ltr'><strong>ipse</strong></span> 
     </span>
     <span class='ocr_line' id='line_1_6' title="bbox 349 1379 2197 1471; baseline -0.001 -23"><span class='ocrx_word' id='word_1_55' title='bbox 349 1379 475 1450; x_wconf 89' lang='lat' dir='ltr'><strong>clande</strong></span> <span class='ocrx_word' id='word_1_56' title='bbox 499 1381 630 1451; x_wconf 90' lang='lat' dir='ltr'><strong>ibidem</strong></span> <span class='ocrx_word' id='word_1_57' title='bbox 654 1383 809 1453; x_wconf 86' lang='lat' dir='ltr'><strong>rnictatis</strong></span> <span class='ocrx_word' id='word_1_58' title='bbox 832 1401 945 1470; x_wconf 89' lang='lat' dir='ltr'><strong>usque</strong></span> <span class='ocrx_word' id='word_1_59' title='bbox 969 1381 1046 1471; x_wconf 91' lang='lat' dir='ltr'><strong>ipso</strong></span> <span class='ocrx_word' id='word_1_60' title='bbox 1069 1383 1321 1470; x_wconf 89' lang='lat' dir='ltr'><strong>constitutum;</strong></span> <span class='ocrx_word' id='word_1_61' title='bbox 1346 1382 1391 1451; x_wconf 86' lang='lat' dir='ltr'><strong>ad</strong></span> <span class='ocrx_word' id='word_1_62' title='bbox 1406 1379 1572 1468; x_wconf 86' lang='lat' dir='ltr'><strong>completi</strong></span> <span class='ocrx_word' id='word_1_63' title='bbox 1597 1399 1680 1450; x_wconf 86' lang='lat' dir='ltr'><strong>vero</strong></span> <span class='ocrx_word' id='word_1_64' title='bbox 1696 1381 1763 1467; x_wconf 91' lang='lat' dir='ltr'><strong>ipsi</strong></span> <span class='ocrx_word' id='word_1_65' title='bbox 1782 1379 2076 1468; x_wconf 87' lang='lat' dir='ltr'><strong>quadtuordeoim</strong></span> <span class='ocrx_word' id='word_1_66' title='bbox 2093 1381 2197 1466; x_wconf 87' lang='lat' dir='ltr'><strong>anni,</strong></span> 
     </span>
     <span class='ocr_line' id='line_1_7' title="bbox 349 1511 2203 1624; baseline -0.001 -22"><span class='ocrx_word' id='word_1_67' title='bbox 349 1539 389 1603; x_wconf 93' lang='lat' dir='ltr'><strong>ut</strong></span> <span class='ocrx_word' id='word_1_68' title='bbox 409 1535 533 1604; x_wconf 87' lang='lat' dir='ltr'><strong>amodo</strong></span> <span class='ocrx_word' id='word_1_69' title='bbox 556 1555 593 1605; x_wconf 89' lang='lat' dir='ltr'><strong>se</strong></span> <span class='ocrx_word' id='word_1_70' title='bbox 617 1537 832 1624; x_wconf 83' lang='lat' dir='ltr'><strong>compleant,</strong></span> <span class='ocrx_word' id='word_1_71' title='bbox 859 1535 931 1604; x_wconf 91' lang='lat' dir='ltr'><strong>illis</strong></span> <span class='ocrx_word' id='word_1_72' title='bbox 953 1539 1075 1604; x_wconf 88' lang='lat' dir='ltr'><strong>autem</strong></span> <span class='ocrx_word' id='word_1_73' title='bbox 1098 1539 1134 1604; x_wconf 89' lang='lat' dir='ltr'><strong>et</strong></span> <span class='ocrx_word' id='word_1_74' title='bbox 1156 1536 1232 1604; x_wconf 89' lang='lat' dir='ltr'><strong>suis</strong></span> <span class='ocrx_word' id='word_1_75' title='bbox 1254 1535 1419 1605; x_wconf 89' lang='lat' dir='ltr'><strong>eredibus</strong></span> <span class='ocrx_word' id='word_1_76' title='bbox 1443 1533 1636 1603; x_wconf 89' lang='lat' dir='ltr'><strong>remictant</strong></span> <span class='ocrx_word' id='word_1_77' title='bbox 1660 1536 1705 1603; x_wconf 91' lang='lat' dir='ltr'><strong>ad</strong></span> <span class='ocrx_word' id='word_1_78' title='bbox 1721 1537 1934 1621; x_wconf 90' lang='lat' dir='ltr'><strong>potestatem</strong></span> <span class='ocrx_word' id='word_1_79' title='bbox 1949 1533 1992 1601; x_wconf 90' lang='lat' dir='ltr'><strong>de</strong></span> <span class='ocrx_word' id='word_1_80' title='bbox 2016 1551 2101 1620; x_wconf 85' lang='lat' dir='ltr'><strong>pars</strong></span> <span class='ocrx_word' id='word_1_81' title='bbox 2118 1511 2203 1619; x_wconf 57' lang='lat' dir='ltr'><strong>press</strong></span> 
     </span>
     <span class='ocr_line' id='line_1_8' title="bbox 350 1687 2201 1775; baseline -0.002 -19"><span class='ocrx_word' id='word_1_82' title='bbox 350 1687 443 1758; x_wconf 89' lang='lat' dir='ltr'><strong>dicte</strong></span> <span class='ocrx_word' id='word_1_83' title='bbox 467 1687 615 1758; x_wconf 87' lang='lat' dir='ltr'><strong>ecclesie</strong></span> <span class='ocrx_word' id='word_1_84' title='bbox 638 1693 715 1758; x_wconf 87' lang='lat' dir='ltr'><strong>tota</strong></span> <span class='ocrx_word' id='word_1_85' title='bbox 737 1692 774 1757; x_wconf 90' lang='lat' dir='ltr'><strong>et</strong></span> <span class='ocrx_word' id='word_1_86' title='bbox 797 1687 923 1757; x_wconf 89' lang='lat' dir='ltr'><strong>inclita</strong></span> <span class='ocrx_word' id='word_1_87' title='bbox 948 1689 1025 1774; x_wconf 90' lang='lat' dir='ltr'><strong>ipsa</strong></span> <span class='ocrx_word' id='word_1_88' title='bbox 1048 1687 1149 1774; x_wconf 89' lang='lat' dir='ltr'><strong>pecia</strong></span> <span class='ocrx_word' id='word_1_89' title='bbox 1172 1687 1215 1755; x_wconf 91' lang='lat' dir='ltr'><strong>de</strong></span> <span class='ocrx_word' id='word_1_90' title='bbox 1237 1691 1336 1757; x_wconf 88' lang='lat' dir='ltr'><strong>terra</strong></span> <span class='ocrx_word' id='word_1_91' title='bbox 1351 1705 1415 1775; x_wconf 90' lang='lat' dir='ltr'><strong>per</strong></span> <span class='ocrx_word' id='word_1_92' title='bbox 1431 1687 1656 1775; x_wconf 87' lang='lat' dir='ltr'><strong>supradictas</strong></span> <span class='ocrx_word' id='word_1_93' title='bbox 1679 1688 1769 1755; x_wconf 86' lang='lat' dir='ltr'><strong>flues</strong></span> <span class='ocrx_word' id='word_1_94' title='bbox 1793 1691 1829 1756; x_wconf 91' lang='lat' dir='ltr'><strong>et</strong></span> <span class='ocrx_word' id='word_1_95' title='bbox 1850 1704 2051 1772; x_wconf 89' lang='lat' dir='ltr'><strong>mensuras,</strong></span> <span class='ocrx_word' id='word_1_96' title='bbox 2068 1691 2104 1755; x_wconf 89' lang='lat' dir='ltr'><strong>et</strong></span> <span class='ocrx_word' id='word_1_97' title='bbox 2124 1687 2201 1774; x_wconf 90' lang='lat' dir='ltr'><strong>ipso</strong></span> 
     </span>
     <span class='ocr_line' id='line_1_9' title="bbox 358 1838 2200 1930; baseline -0.003 -19"><span class='ocrx_word' id='word_1_98' title='bbox 358 1845 577 1930; x_wconf 88' lang='lat' dir='ltr'><strong>quertietum</strong></span> <span class='ocrx_word' id='word_1_99' title='bbox 603 1841 754 1929; x_wconf 90' lang='lat' dir='ltr'><strong>salbum,</strong></span> <span class='ocrx_word' id='word_1_100' title='bbox 779 1841 983 1912; x_wconf 83' lang='lat' dir='ltr'><strong>faciendum</strong></span> <span class='ocrx_word' id='word_1_101' title='bbox 1007 1839 1139 1910; x_wconf 86' lang='lat' dir='ltr'><strong>exinde</strong></span> <span class='ocrx_word' id='word_1_102' title='bbox 1162 1858 1246 1928; x_wconf 90' lang='lat' dir='ltr'><strong>pars</strong></span> <span class='ocrx_word' id='word_1_103' title='bbox 1268 1839 1426 1927; x_wconf 87' lang='lat' dir='ltr'><strong>predicte</strong></span> <span class='ocrx_word' id='word_1_104' title='bbox 1448 1839 1595 1907; x_wconf 87' lang='lat' dir='ltr'><strong>ecclesie</strong></span> <span class='ocrx_word' id='word_1_105' title='bbox 1617 1840 1738 1909; x_wconf 90' lang='lat' dir='ltr'><strong>omnia</strong></span> <span class='ocrx_word' id='word_1_106' title='bbox 1761 1838 1853 1925; x_wconf 90' lang='lat' dir='ltr'><strong>quod</strong></span> <span class='ocrx_word' id='word_1_107' title='bbox 1877 1839 2039 1906; x_wconf 91' lang='lat' dir='ltr'><strong>voluerit:</strong></span> <span class='ocrx_word' id='word_1_108' title='bbox 2057 1842 2200 1907; x_wconf 89' lang='lat' dir='ltr'><strong>tantum</strong></span> 
     </span>
     <span class='ocr_line' id='line_1_10' title="bbox 352 1990 2207 2082; baseline -0.002 -20"><span class='ocrx_word' id='word_1_109' title='bbox 352 1994 422 2082; x_wconf 93' lang='lat' dir='ltr'><strong>ipsi</strong></span> <span class='ocrx_word' id='word_1_110' title='bbox 448 1993 585 2063; x_wconf 87' lang='lat' dir='ltr'><strong>omines</strong></span> <span class='ocrx_word' id='word_1_111' title='bbox 612 1994 674 2082; x_wconf 91' lang='lat' dir='ltr'><strong>qui</strong></span> <span class='ocrx_word' id='word_1_112' title='bbox 698 1994 801 2063; x_wconf 91' lang='lat' dir='ltr'><strong>modo</strong></span> <span class='ocrx_word' id='word_1_113' title='bbox 825 1995 939 2064; x_wconf 92' lang='lat' dir='ltr'><strong>abunt</strong></span> <span class='ocrx_word' id='word_1_114' title='bbox 961 1993 1041 2080; x_wconf 85' lang='lat' dir='ltr'><strong>ipsa</strong></span> <span class='ocrx_word' id='word_1_115' title='bbox 1065 1992 1167 2079; x_wconf 80' lang='lat' dir='ltr'><strong>pecie</strong></span> <span class='ocrx_word' id='word_1_116' title='bbox 1183 1992 1226 2060; x_wconf 89' lang='lat' dir='ltr'><strong>de</strong></span> <span class='ocrx_word' id='word_1_117' title='bbox 1242 1996 1339 2062; x_wconf 90' lang='lat' dir='ltr'><strong>terra</strong></span> <span class='ocrx_word' id='word_1_118' title='bbox 1356 1993 1545 2079; x_wconf 89' lang='lat' dir='ltr'><strong>seminata,</strong></span> <span class='ocrx_word' id='word_1_119' title='bbox 1562 1992 1746 2061; x_wconf 86' lang='lat' dir='ltr'><strong>licentiam</strong></span> <span class='ocrx_word' id='word_1_120' title='bbox 1762 1995 1894 2061; x_wconf 90' lang='lat' dir='ltr'><strong>abeant</strong></span> <span class='ocrx_word' id='word_1_121' title='bbox 1912 1990 1983 2058; x_wconf 89' lang='lat' dir='ltr'><strong>illis</strong></span> <span class='ocrx_word' id='word_1_122' title='bbox 2000 1990 2083 2059; x_wconf 88' lang='lat' dir='ltr'><strong>inde</strong></span> <span class='ocrx_word' id='word_1_123' title='bbox 2098 2009 2207 2060; x_wconf 83' lang='lat' dir='ltr'><strong>excu-</strong></span> 
     </span>
     <span class='ocr_line' id='line_1_11' title="bbox 355 2143 2205 2234; baseline -0.004 -17"><span class='ocrx_word' id='word_1_124' title='bbox 355 2153 431 2217; x_wconf 86' lang='lat' dir='ltr'><strong>tere</strong></span> <span class='ocrx_word' id='word_1_125' title='bbox 456 2149 523 2216; x_wconf 91' lang='lat' dir='ltr'><strong>toti</strong></span> <span class='ocrx_word' id='word_1_126' title='bbox 547 2148 617 2234; x_wconf 90' lang='lat' dir='ltr'><strong>ipsi</strong></span> <span class='ocrx_word' id='word_1_127' title='bbox 642 2146 757 2216; x_wconf 91' lang='lat' dir='ltr'><strong>labori</strong></span> <span class='ocrx_word' id='word_1_128' title='bbox 779 2165 820 2214; x_wconf 92' lang='lat' dir='ltr'><strong>oc</strong></span> <span class='ocrx_word' id='word_1_129' title='bbox 843 2164 979 2216; x_wconf 91' lang='lat' dir='ltr'><strong>annum</strong></span> <span class='ocrx_word' id='word_1_130' title='bbox 1003 2147 1136 2233; x_wconf 85' lang='lat' dir='ltr'><strong>absque</strong></span> <span class='ocrx_word' id='word_1_131' title='bbox 1159 2145 1255 2213; x_wconf 92' lang='lat' dir='ltr'><strong>omni</strong></span> <span class='ocrx_word' id='word_1_132' title='bbox 1279 2147 1534 2216; x_wconf 83' lang='lat' dir='ltr'><strong>contrarietate</strong></span> <span class='ocrx_word' id='word_1_133' title='bbox 1570 2145 1725 2233; x_wconf 88' lang='lat' dir='ltr'><strong>ipsorum</strong></span> <span class='ocrx_word' id='word_1_134' title='bbox 1760 2144 1911 2214; x_wconf 91' lang='lat' dir='ltr'><strong>iohanni</strong></span> <span class='ocrx_word' id='word_1_135' title='bbox 1934 2148 1970 2214; x_wconf 90' lang='lat' dir='ltr'><strong>et</strong></span> <span class='ocrx_word' id='word_1_136' title='bbox 1992 2143 2144 2212; x_wconf 87' lang='lat' dir='ltr'><strong>balsami</strong></span> <span class='ocrx_word' id='word_1_137' title='bbox 2168 2147 2205 2211; x_wconf 89' lang='lat' dir='ltr'><strong>et</strong></span> 
     </span>
     <span class='ocr_line' id='line_1_12' title="bbox 352 2297 2207 2387; baseline -0.002 -17"><span class='ocrx_word' id='word_1_138' title='bbox 352 2301 396 2370; x_wconf 91' lang='lat' dir='ltr'><strong>do</strong></span> <span class='ocrx_word' id='word_1_139' title='bbox 418 2298 560 2368; x_wconf 92' lang='lat' dir='ltr'><strong>illorum</strong></span> <span class='ocrx_word' id='word_1_140' title='bbox 583 2299 718 2368; x_wconf 79' lang='lat' dir='ltr'><strong>eredes</strong></span> <span class='ocrx_word' id='word_1_141' title='bbox 743 2297 838 2367; x_wconf 92' lang='lat' dir='ltr'><strong>unde</strong></span> <span class='ocrx_word' id='word_1_142' title='bbox 862 2299 901 2366; x_wconf 93' lang='lat' dir='ltr'><strong>in</strong></span> <span class='ocrx_word' id='word_1_143' title='bbox 925 2317 967 2367; x_wconf 91' lang='lat' dir='ltr'><strong>eo</strong></span> <span class='ocrx_word' id='word_1_144' title='bbox 990 2297 1116 2366; x_wconf 90' lang='lat' dir='ltr'><strong>ordine</strong></span> <span class='ocrx_word' id='word_1_145' title='bbox 1139 2317 1203 2386; x_wconf 90' lang='lat' dir='ltr'><strong>per</strong></span> <span class='ocrx_word' id='word_1_146' title='bbox 1226 2298 1487 2369; x_wconf 88' lang='lat' dir='ltr'><strong>combenientia</strong></span> <span class='ocrx_word' id='word_1_147' title='bbox 1510 2299 1646 2387; x_wconf 87' lang='lat' dir='ltr'><strong>guadia</strong></span> <span class='ocrx_word' id='word_1_148' title='bbox 1669 2301 1770 2368; x_wconf 88' lang='lat' dir='ltr'><strong>nobis</strong></span> <span class='ocrx_word' id='word_1_149' title='bbox 1793 2300 1863 2387; x_wconf 88' lang='lat' dir='ltr'><strong>ipsi</strong></span> <span class='ocrx_word' id='word_1_150' title='bbox 1888 2302 2062 2368; x_wconf 90' lang='lat' dir='ltr'><strong>iohannes</strong></span> <span class='ocrx_word' id='word_1_151' title='bbox 2078 2303 2115 2367; x_wconf 91' lang='lat' dir='ltr'><strong>et</strong></span> <span class='ocrx_word' id='word_1_152' title='bbox 2130 2299 2207 2370; x_wconf 92' lang='lat' dir='ltr'><strong>bal·</strong></span> 
     </span>
     <span class='ocr_line' id='line_1_13' title="bbox 355 2449 2201 2540; baseline 0 -20"><span class='ocrx_word' id='word_1_153' title='bbox 355 2471 454 2524; x_wconf 84' lang='lat' dir='ltr'><strong>samo</strong></span> <span class='ocrx_word' id='word_1_154' title='bbox 478 2451 663 2539; x_wconf 89' lang='lat' dir='ltr'><strong>dederunt,</strong></span> <span class='ocrx_word' id='word_1_155' title='bbox 686 2453 809 2520; x_wconf 87' lang='lat' dir='ltr'><strong>tamen</strong></span> <span class='ocrx_word' id='word_1_156' title='bbox 835 2449 912 2537; x_wconf 90' lang='lat' dir='ltr'><strong>ipse</strong></span> <span class='ocrx_word' id='word_1_157' title='bbox 936 2450 1109 2520; x_wconf 87' lang='lat' dir='ltr'><strong>iohannes</strong></span> <span class='ocrx_word' id='word_1_158' title='bbox 1133 2469 1196 2538; x_wconf 89' lang='lat' dir='ltr'><strong>per</strong></span> <span class='ocrx_word' id='word_1_159' title='bbox 1225 2451 1482 2521; x_wconf 89' lang='lat' dir='ltr'><strong>absolutionem</strong></span> <span class='ocrx_word' id='word_1_160' title='bbox 1507 2453 1618 2539; x_wconf 91' lang='lat' dir='ltr'><strong>ipsius</strong></span> <span class='ocrx_word' id='word_1_161' title='bbox 1640 2451 1797 2540; x_wconf 83' lang='lat' dir='ltr'><strong>genitori</strong></span> <span class='ocrx_word' id='word_1_162' title='bbox 1821 2471 1885 2521; x_wconf 90' lang='lat' dir='ltr'><strong>suo</strong></span> <span class='ocrx_word' id='word_1_163' title='bbox 1908 2457 1944 2521; x_wconf 89' lang='lat' dir='ltr'><strong>et</strong></span> <span class='ocrx_word' id='word_1_164' title='bbox 1974 2451 2023 2519; x_wconf 94' lang='lat' dir='ltr'><strong>ibi</strong></span> <span class='ocrx_word' id='word_1_165' title='bbox 2048 2455 2201 2537; x_wconf 85' lang='lat' dir='ltr'><strong>astante,</strong></span> 
     </span>
     <span class='ocr_line' id='line_1_14' title="bbox 355 2604 2206 2692; baseline -0.002 -18"><span class='ocrx_word' id='word_1_166' title='bbox 355 2611 391 2674; x_wconf 92' lang='lat' dir='ltr'><strong>et</strong></span> <span class='ocrx_word' id='word_1_167' title='bbox 413 2605 647 2675; x_wconf 88' lang='lat' dir='ltr'><strong>mediatorem</strong></span> <span class='ocrx_word' id='word_1_168' title='bbox 670 2605 772 2673; x_wconf 92' lang='lat' dir='ltr'><strong>nobis</strong></span> <span class='ocrx_word' id='word_1_169' title='bbox 794 2607 990 2690; x_wconf 89' lang='lat' dir='ltr'><strong>posuerunt</strong></span> <span class='ocrx_word' id='word_1_170' title='bbox 1012 2621 1049 2670; x_wconf 90' lang='lat' dir='ltr'><strong>se</strong></span> <span class='ocrx_word' id='word_1_171' title='bbox 1073 2604 1159 2690; x_wconf 90' lang='lat' dir='ltr'><strong>ipsis</strong></span> <span class='ocrx_word' id='word_1_172' title='bbox 1182 2621 1244 2690; x_wconf 90' lang='lat' dir='ltr'><strong>per</strong></span> <span class='ocrx_word' id='word_1_173' title='bbox 1267 2605 1430 2692; x_wconf 89' lang='lat' dir='ltr'><strong>apposita</strong></span> <span class='ocrx_word' id='word_1_174' title='bbox 1452 2624 1573 2676; x_wconf 90' lang='lat' dir='ltr'><strong>omnes</strong></span> <span class='ocrx_word' id='word_1_175' title='bbox 1596 2606 1738 2675; x_wconf 93' lang='lat' dir='ltr'><strong>illorum</strong></span> <span class='ocrx_word' id='word_1_176' title='bbox 1767 2624 1943 2692; x_wconf 88' lang='lat' dir='ltr'><strong>causam,</strong></span> <span class='ocrx_word' id='word_1_177' title='bbox 1968 2605 2013 2674; x_wconf 91' lang='lat' dir='ltr'><strong>ad</strong></span> <span class='ocrx_word' id='word_1_178' title='bbox 2049 2604 2206 2692; x_wconf 82' lang='lat' dir='ltr'><strong>pingue-</strong></span> 
     </span>
     <span class='ocr_line' id='line_1_15' title="bbox 354 2755 2202 2846; baseline -0.001 -20"><span class='ocrx_word' id='word_1_179' title='bbox 354 2758 509 2830; x_wconf 88' lang='lat' dir='ltr'><strong>randum</strong></span> <span class='ocrx_word' id='word_1_180' title='bbox 533 2759 695 2845; x_wconf 85' lang='lat' dir='ltr'><strong>legitimo</strong></span> <span class='ocrx_word' id='word_1_181' title='bbox 718 2761 754 2825; x_wconf 90' lang='lat' dir='ltr'><strong>et</strong></span> <span class='ocrx_word' id='word_1_182' title='bbox 778 2755 1006 2844; x_wconf 79' lang='lat' dir='ltr'><strong>inlegitim03</strong></span> <span class='ocrx_word' id='word_1_183' title='bbox 1030 2759 1066 2824; x_wconf 92' lang='lat' dir='ltr'><strong>et</strong></span> <span class='ocrx_word' id='word_1_184' title='bbox 1089 2773 1152 2843; x_wconf 89' lang='lat' dir='ltr'><strong>per</strong></span> <span class='ocrx_word' id='word_1_185' title='bbox 1176 2756 1255 2842; x_wconf 89' lang='lat' dir='ltr'><strong>ipsa</strong></span> <span class='ocrx_word' id='word_1_186' title='bbox 1277 2759 1413 2846; x_wconf 85' lang='lat' dir='ltr'><strong>guadia</strong></span> <span class='ocrx_word' id='word_1_187' title='bbox 1435 2764 1499 2828; x_wconf 82' lang='lat' dir='ltr'><strong>etc.</strong></span> <span class='ocrx_word' id='word_1_188' title='bbox 1526 2763 1674 2830; x_wconf 84' lang='lat' dir='ltr'><strong>Statntu</strong></span> <span class='ocrx_word' id='word_1_189' title='bbox 1696 2761 1831 2829; x_wconf 75' lang='lat' dir='ltr'><strong>inoleta</strong></span> <span class='ocrx_word' id='word_1_190' title='bbox 1853 2761 1984 2845; x_wconf 77' lang='lat' dir='ltr'><strong>oipinti</strong></span> <span class='ocrx_word' id='word_1_191' title='bbox 2007 2759 2202 2826; x_wconf 79' lang='lat' dir='ltr'><strong>solidorum</strong></span> 
     </span>
     <span class='ocr_line' id='line_1_16' title="bbox 353 2910 1566 2998; baseline 0 -18"><span class='ocrx_word' id='word_1_192' title='bbox 353 2931 555 2982; x_wconf 78' lang='lat' dir='ltr'><strong>aureonnni</strong></span> <span class='ocrx_word' id='word_1_193' title='bbox 581 2914 822 2982; x_wconf 78' lang='lat' dir='ltr'><strong>Constantini.</strong></span> <span class='ocrx_word' id='word_1_194' title='bbox 849 2911 941 2998; x_wconf 90' lang='lat' dir='ltr'><strong>quod</strong></span> <span class='ocrx_word' id='word_1_195' title='bbox 965 2910 1092 2997; x_wconf 88' lang='lat' dir='ltr'><strong>scripsi</strong></span> <span class='ocrx_word' id='word_1_196' title='bbox 1116 2928 1182 2997; x_wconf 81' lang='lat' dir='ltr'><strong>ego</strong></span> <span class='ocrx_word' id='word_1_197' title='bbox 1206 2911 1368 2981; x_wconf 86' lang='lat' dir='ltr'><strong>alderissi</strong></span> <span class='ocrx_word' id='word_1_198' title='bbox 1392 2911 1566 2980; x_wconf 90' lang='lat' dir='ltr'><strong>notarius.</strong></span> 
     </span>
     <span class='ocr_line' id='line_1_17' title="bbox 405 3036 741 3152; baseline 0.003 -23"><span class='ocrx_word' id='word_1_199' title='bbox 405 3036 436 3152; x_wconf 91' lang='lat'>†</span> <span class='ocrx_word' id='word_1_200' title='bbox 461 3067 536 3152; x_wconf 84' lang='lat' dir='ltr'><strong>Ego</strong></span> <span class='ocrx_word' id='word_1_201' title='bbox 559 3065 741 3151; x_wconf 88' lang='lat' dir='ltr'><strong>iaquintus</strong></span> 
     </span>
    </p>
   </div>
   <div class='ocr_carea' id='block_1_3' title="bbox 409 3189 1246 3306">
    <p class='ocr_par' dir='ltr' id='par_1_3' title="bbox 409 3189 1246 3306">
     <span class='ocr_line' id='line_1_18' title="bbox 409 3189 1246 3306; baseline -0.005 -22"><span class='ocrx_word' id='word_1_202' title='bbox 409 3189 440 3306; x_wconf 90' lang='lat'><strong>†</strong></span> <span class='ocrx_word' id='word_1_203' title='bbox 467 3220 541 3306; x_wconf 79' lang='lat' dir='ltr'><strong>ligo</strong></span> <span class='ocrx_word' id='word_1_204' title='bbox 564 3217 749 3304; x_wconf 88' lang='lat' dir='ltr'><strong>iaquintus</strong></span> <span class='ocrx_word' id='word_1_205' title='bbox 771 3217 935 3285; x_wconf 89' lang='lat' dir='ltr'><strong>notarius</strong></span> <span class='ocrx_word' id='word_1_206' title='bbox 957 3234 1013 3283; x_wconf 92' lang='lat' dir='ltr'><strong>me</strong></span> <span class='ocrx_word' id='word_1_207' title='bbox 1038 3213 1246 3302; x_wconf 90' lang='lat' dir='ltr'><strong>subscripsi.</strong></span> 
     </span>
    </p>
   </div>
   <div class='ocr_carea' id='block_1_4' title="bbox 1082 3465 1485 3478">
    <p class='ocr_par' dir='ltr' id='par_1_4' title="bbox 1082 3465 1485 3478">
     <span class='ocr_line' id='line_1_19' title="bbox 1082 3465 1485 3478; baseline -0.012 -2"><span class='ocrx_word' id='word_1_208' title='bbox 1082 3465 1485 3478; x_wconf 50' lang='lat'>5————.———.</span> 
     </span>
    </p>
   </div>
   <div class='ocr_carea' id='block_1_5' title="bbox 1096 3763 1464 3843">
    <p class='ocr_par' dir='ltr' id='par_1_5' title="bbox 1096 3763 1464 3843">
     <span class='ocr_line' id='line_1_20' title="bbox 1096 3763 1464 3843; baseline -0.008 -1"><span class='ocrx_word' id='word_1_209' title='bbox 1096 3763 1464 3843; x_wconf 86' lang='lat' dir='ltr'><strong>DCCCLXIII.</strong></span> 
     </span>
    </p>
   </div>
   <div class='ocr_carea' id='block_1_6' title="bbox 1133 4017 1424 4098">
    <p class='ocr_par' dir='ltr' id='par_1_6' title="bbox 1133 4017 1424 4098">
     <span class='ocr_line' id='line_1_21' title="bbox 1133 4017 1424 4098; baseline -0.034 0"><span class='ocrx_word' id='word_1_210' title='bbox 1133 4023 1186 4098; x_wconf 88' lang='grc' dir='ltr'><strong>Α.</strong></span> <span class='ocrx_word' id='word_1_211' title='bbox 1211 4019 1266 4096; x_wconf 89' lang='lat' dir='ltr'><strong>D.</strong></span> <span class='ocrx_word' id='word_1_212' title='bbox 1296 4017 1424 4097; x_wconf 81' lang='lat'><strong>1034.</strong></span> 
     </span>
    </p>
   </div>
   <div class='ocr_carea' id='block_1_7' title="bbox 395 4257 2211 4406">
    <p class='ocr_par' dir='ltr' id='par_1_7' title="bbox 395 4257 2211 4406">
     <span class='ocr_line' id='line_1_22' title="bbox 395 4257 2211 4406; baseline -0.006 -12"><span class='ocrx_word' id='word_1_213' title='bbox 395 4266 1264 4406; x_wconf 63' lang='lat' dir='ltr'><strong>†mnczrnooslecuovnpnsupersparoonnopoo.</strong></span> <span class='ocrx_word' id='word_1_214' title='bbox 1347 4257 1383 4396; x_wconf 83' lang='lat'>†</span> <span class='ocrx_word' id='word_1_215' title='bbox 1408 4311 1556 4397; x_wconf 84' lang='lat' dir='ltr'><strong>Signum</strong></span> <span class='ocrx_word' id='word_1_216' title='bbox 1581 4332 1708 4382; x_wconf 88' lang='lat' dir='ltr'><strong>manus</strong></span> <span class='ocrx_word' id='word_1_217' title='bbox 1731 4314 1885 4384; x_wconf 89' lang='lat' dir='ltr'><strong>Helenae</strong></span> <span class='ocrx_word' id='word_1_218' title='bbox 1920 4269 2211 4384; x_wconf 80' lang='lat' dir='ltr'><strong>monialisllliae</strong></span> 
     </span>
    </p>
   </div>
   <div class='ocr_carea' id='block_1_8' title="bbox 395 4440 1467 4580">
    <p class='ocr_par' dir='ltr' id='par_1_8' title="bbox 395 4440 1467 4580">
     <span class='ocr_line' id='line_1_23' title="bbox 395 4440 1467 4580; baseline -0.02 -19"><span class='ocrx_word' id='word_1_219' title='bbox 395 4440 431 4580; x_wconf 79' lang='lat'>†</span> <span class='ocrx_word' id='word_1_220' title='bbox 450 4513 559 4577; x_wconf 73' lang='grc' dir='ltr'><strong>οηγνος</strong></span> <span class='ocrx_word' id='word_1_221' title='bbox 580 4491 849 4578; x_wconf 57' lang='lat' dir='ltr'><strong>perpetrancium</strong></span> <span class='ocrx_word' id='word_1_222' title='bbox 865 4490 995 4574; x_wconf 62' lang='lat' dir='ltr'><strong>dupino</strong></span> <span class='ocrx_word' id='word_1_223' title='bbox 1013 4510 1117 4572; x_wconf 81' lang='grc' dir='ltr'><strong>αυτης.</strong></span> <span class='ocrx_word' id='word_1_224' title='bbox 1135 4509 1195 4553; x_wconf 68' lang='lat' dir='ltr'><strong>arro</strong></span> <span class='ocrx_word' id='word_1_225' title='bbox 1211 4508 1265 4552; x_wconf 63' lang='lat' dir='ltr'><strong>rou</strong></span> <span class='ocrx_word' id='word_1_226' title='bbox 1301 4472 1467 4541; x_wconf 83' lang='lat' dir='ltr'><strong>Leandri.</strong></span> 
     </span>
    </p>
   </div>
   <div class='ocr_carea' id='block_1_9' title="bbox 354 4588 2210 4754">
    <p class='ocr_par' dir='ltr' id='par_1_9' title="bbox 354 4588 2210 4754">
     <span class='ocr_line' id='line_1_24' title="bbox 354 4588 2210 4754; baseline -0.008 -30"><span class='ocrx_word' id='word_1_227' title='bbox 354 4693 503 4738; x_wconf 76' lang='lat' dir='ltr'><strong>aaoaooo.</strong></span> <span class='ocrx_word' id='word_1_228' title='bbox 526 4690 717 4754; x_wconf 56' lang='grc' dir='ltr'>πορταρῑτης,</span> <span class='ocrx_word' id='word_1_229' title='bbox 742 4671 795 4734; x_wconf 56' lang='grc' dir='ltr'><strong>τοῦ</strong></span> <span class='ocrx_word' id='word_1_230' title='bbox 818 4689 848 4732; x_wconf 62' lang='grc' dir='ltr'><strong>εν</strong></span> <span class='ocrx_word' id='word_1_231' title='bbox 872 4688 1006 4752; x_wconf 56' lang='lat' dir='ltr'><strong>pamm</strong></span> <span class='ocrx_word' id='word_1_232' title='bbox 1026 4689 1060 4749; x_wconf 59' lang='grc' dir='ltr'><strong>τη</strong></span> <span class='ocrx_word' id='word_1_233' title='bbox 1085 4689 1194 4750; x_wconf 52' lang='lat' dir='ltr'><strong>„m</strong></span> <span class='ocrx_word' id='word_1_234' title='bbox 1219 4671 1267 4732; x_wconf 58' lang='grc' dir='ltr'><strong>Ἑν</strong></span> <span class='ocrx_word' id='word_1_235' title='bbox 1346 4588 1383 4728; x_wconf 82' lang='lat'>†</span> <span class='ocrx_word' id='word_1_236' title='bbox 1409 4641 1558 4728; x_wconf 86' lang='lat' dir='ltr'><strong>Signum</strong></span> <span class='ocrx_word' id='word_1_237' title='bbox 1581 4659 1710 4710; x_wconf 89' lang='lat' dir='ltr'><strong>manus</strong></span> <span class='ocrx_word' id='word_1_238' title='bbox 1733 4642 1870 4712; x_wconf 89' lang='lat' dir='ltr'><strong>Nicolai</strong></span> <span class='ocrx_word' id='word_1_239' title='bbox 1901 4645 1979 4711; x_wconf 90' lang='lat' dir='ltr'><strong>eius</strong></span> <span class='ocrx_word' id='word_1_240' title='bbox 2008 4643 2210 4712; x_wconf 87' lang='lat' dir='ltr'><strong>consobrini</strong></span> 
     </span>
    </p>
   </div>
   <div class='ocr_carea' id='block_1_10' title="bbox 1301 4807 2209 4902">
    <p class='ocr_par' dir='ltr' id='par_1_10' title="bbox 1301 4807 2209 4902">
     <span class='ocr_line' id='line_1_25' title="bbox 1301 4807 2209 4902; baseline 0.001 -29"><span class='ocrx_word' id='word_1_241' title='bbox 1301 4808 1518 4875; x_wconf 86' lang='lat' dir='ltr'><strong>Gasancnsis</strong></span> <span class='ocrx_word' id='word_1_242' title='bbox 1542 4808 1609 4902; x_wconf 82' lang='lat' dir='ltr'><strong>lilii</strong></span> <span class='ocrx_word' id='word_1_243' title='bbox 1634 4807 1836 4876; x_wconf 88' lang='lat' dir='ltr'><strong>Portaritae</strong></span> <span class='ocrx_word' id='word_1_244' title='bbox 1859 4811 1983 4877; x_wconf 90' lang='lat' dir='ltr'><strong>beatae</strong></span> <span class='ocrx_word' id='word_1_245' title='bbox 2007 4810 2209 4878; x_wconf 87' lang='lat' dir='ltr'><strong>memoriae.</strong></span> 
     </span>
    </p>
   </div>
   <div class='ocr_carea' id='block_1_11' title="bbox 355 4839 1269 4929">
    <p class='ocr_par' dir='ltr' id='par_1_11' title="bbox 355 4839 1269 4929">
     <span class='ocr_line' id='line_1_26' title="bbox 355 4839 1269 4929; baseline -0.01 -19"><span class='ocrx_word' id='word_1_246' title='bbox 355 4866 484 4929; x_wconf 81' lang='lat' dir='ltr'><strong>onopan</strong></span> <span class='ocrx_word' id='word_1_247' title='bbox 504 4845 557 4908; x_wconf 78' lang='lat' dir='ltr'><strong>rod</strong></span> <span class='ocrx_word' id='word_1_248' title='bbox 579 4863 692 4927; x_wconf 80' lang='grc' dir='ltr'>πατρος</span> <span class='ocrx_word' id='word_1_249' title='bbox 713 4841 764 4907; x_wconf 81' lang='grc' dir='ltr'><strong>καὶ</strong></span> <span class='ocrx_word' id='word_1_250' title='bbox 784 4861 838 4906; x_wconf 78' lang='grc' dir='ltr'><strong>του</strong></span> <span class='ocrx_word' id='word_1_251' title='bbox 852 4841 929 4904; x_wconf 79' lang='lat' dir='ltr'><strong>oroi·</strong></span> <span class='ocrx_word' id='word_1_252' title='bbox 946 4840 1063 4904; x_wconf 78' lang='grc' dir='ltr'>καὶτοῦ</span> <span class='ocrx_word' id='word_1_253' title='bbox 1079 4839 1168 4922; x_wconf 76' lang='grc' dir='ltr'><strong>ἁγίου</strong></span> <span class='ocrx_word' id='word_1_254' title='bbox 1183 4859 1269 4902; x_wconf 83' lang='grc' dir='ltr'>πνευ-</span> 
     </span>
    </p>
   </div>
   <div class='ocr_carea' id='block_1_12' title="bbox 356 4970 2203 5100">
    <p class='ocr_par' dir='ltr' id='par_1_12' title="bbox 356 4970 2203 5100">
     <span class='ocr_line' id='line_1_27' title="bbox 356 4970 2203 5100; baseline -0.002 -55"><span class='ocrx_word' id='word_1_255' title='bbox 356 5040 463 5100; x_wconf 54' lang='grc' dir='ltr'>ματος,</span> <span class='ocrx_word' id='word_1_256' title='bbox 491 5016 592 5100; x_wconf 46' lang='grc' dir='ltr'>οἴμας</span> <span class='ocrx_word' id='word_1_257' title='bbox 616 5037 645 5080; x_wconf 49' lang='grc' dir='ltr'><strong>οἱ</strong></span> <span class='ocrx_word' id='word_1_258' title='bbox 660 5034 925 5098; x_wconf 53' lang='grc' dir='ltr'>προγεγραμμενοι</span> <span class='ocrx_word' id='word_1_259' title='bbox 938 5033 1009 5088; x_wconf 64' lang='lat'><strong>10⁰5</strong></span> <span class='ocrx_word' id='word_1_260' title='bbox 1023 5032 1141 5094; x_wconf 51' lang='lat' dir='ltr'><strong>mm</strong></span> <span class='ocrx_word' id='word_1_261' title='bbox 1156 5012 1206 5076; x_wconf 65' lang='lat' dir='ltr'><strong>m,</strong></span> <span class='ocrx_word' id='word_1_262' title='bbox 1220 5014 1269 5085; x_wconf 49' lang='grc' dir='ltr'><strong>ζο,</strong></span> <span class='ocrx_word' id='word_1_263' title='bbox 1301 4975 1341 5039; x_wconf 91' lang='lat' dir='ltr'><strong>ln</strong></span> <span class='ocrx_word' id='word_1_264' title='bbox 1366 4974 1508 5040; x_wconf 89' lang='lat' dir='ltr'><strong>nomine</strong></span> <span class='ocrx_word' id='word_1_265' title='bbox 1531 4974 1661 5057; x_wconf 78' lang='lat' dir='ltr'><strong>Patrio,</strong></span> <span class='ocrx_word' id='word_1_266' title='bbox 1685 4976 1721 5039; x_wconf 91' lang='lat' dir='ltr'><strong>et</strong></span> <span class='ocrx_word' id='word_1_267' title='bbox 1737 4970 1833 5059; x_wconf 86' lang='lat' dir='ltr'><strong>Filii,</strong></span> <span class='ocrx_word' id='word_1_268' title='bbox 1850 4977 1886 5040; x_wconf 89' lang='lat' dir='ltr'><strong>et</strong></span> <span class='ocrx_word' id='word_1_269' title='bbox 1901 4971 2055 5058; x_wconf 89' lang='lat' dir='ltr'><strong>Spiritus</strong></span> <span class='ocrx_word' id='word_1_270' title='bbox 2071 4972 2203 5040; x_wconf 88' lang='lat' dir='ltr'><strong>Sancti.</strong></span> 
     </span>
    </p>
   </div>
   <div class='ocr_carea' id='block_1_13' title="bbox 355 5127 2212 5272">
    <p class='ocr_par' dir='ltr' id='par_1_13' title="bbox 355 5127 2212 5272">
     <span class='ocr_line' id='line_1_28' title="bbox 355 5127 2212 5272; baseline -0.011 -23"><span class='ocrx_word' id='word_1_271' title='bbox 355 5207 462 5263; x_wconf 71' lang='lat' dir='ltr'><strong>notos&lt;</strong></span> <span class='ocrx_word' id='word_1_272' title='bbox 485 5207 645 5272; x_wconf 82' lang='grc' dir='ltr'>σταυρους.</span> <span class='ocrx_word' id='word_1_273' title='bbox 670 5205 736 5250; x_wconf 78' lang='lat' dir='ltr'><strong>ore</strong></span> <span class='ocrx_word' id='word_1_274' title='bbox 750 5186 807 5249; x_wconf 83' lang='grc' dir='ltr'><strong>λεα</strong></span> <span class='ocrx_word' id='word_1_275' title='bbox 822 5203 943 5269; x_wconf 65' lang='lat' dir='ltr'><strong>ponem</strong></span> <span class='ocrx_word' id='word_1_276' title='bbox 958 5187 1116 5267; x_wconf 67' lang='grc' dir='ltr'>θυγατερα</span> <span class='ocrx_word' id='word_1_277' title='bbox 1130 5203 1182 5247; x_wconf 77' lang='lat' dir='ltr'><strong>roo</strong></span> <span class='ocrx_word' id='word_1_278' title='bbox 1200 5203 1270 5247; x_wconf 81' lang='grc' dir='ltr'>επο-</span> <span class='ocrx_word' id='word_1_279' title='bbox 1302 5133 1371 5196; x_wconf 71' lang='lat' dir='ltr'><strong>Nos</strong></span> <span class='ocrx_word' id='word_1_280' title='bbox 1395 5135 1633 5216; x_wconf 56' lang='lat' dir='ltr'><strong>suprascmptl</strong></span> <span class='ocrx_word' id='word_1_281' title='bbox 1658 5132 1794 5200; x_wconf 64' lang='lat' dir='ltr'>Helena</span> <span class='ocrx_word' id='word_1_282' title='bbox 1817 5129 1983 5256; x_wconf 41' lang='lat' dir='ltr'><strong>mqmahs</strong></span> <span class='ocrx_word' id='word_1_283' title='bbox 2007 5127 2085 5198; x_wconf 51' lang='grc' dir='ltr'><strong>Μ</strong></span> <span class='ocrx_word' id='word_1_284' title='bbox 2110 5149 2212 5215; x_wconf 64' lang='lat' dir='ltr'><strong>prae&#39;</strong></span> 
     </span>
    </p>
   </div>
   <div class='ocr_carea' id='block_1_14' title="bbox 354 5293 2209 5424">
    <p class='ocr_par' dir='ltr' id='par_1_14' title="bbox 354 5293 2209 5424">
     <span class='ocr_line' id='line_1_29' title="bbox 354 5293 2209 5424; baseline -0.009 -48"><span class='ocrx_word' id='word_1_285' title='bbox 354 5345 565 5424; x_wconf 55' lang='grc' dir='ltr'>νομαζομενω</span> <span class='ocrx_word' id='word_1_286' title='bbox 586 5340 743 5421; x_wconf 47' lang='lat' dir='ltr'><strong>mm</strong></span> <span class='ocrx_word' id='word_1_287' title='bbox 774 5337 825 5402; x_wconf 60' lang='grc' dir='ltr'><strong>καὶ</strong></span> <span class='ocrx_word' id='word_1_288' title='bbox 854 5337 996 5422; x_wconf 52' lang='lat' dir='ltr'><strong>„mm</strong></span> <span class='ocrx_word' id='word_1_289' title='bbox 1019 5335 1141 5418; x_wconf 53' lang='lat' dir='ltr'><strong>pwpm</strong></span> <span class='ocrx_word' id='word_1_290' title='bbox 1164 5354 1266 5416; x_wconf 47' lang='lat' dir='ltr'><strong>,um</strong></span> <span class='ocrx_word' id='word_1_291' title='bbox 1302 5299 1479 5366; x_wconf 84' lang='lat' dir='ltr'><strong>nominatr</strong></span> <span class='ocrx_word' id='word_1_292' title='bbox 1503 5297 1656 5366; x_wconf 90' lang='lat' dir='ltr'><strong>Leandri</strong></span> <span class='ocrx_word' id='word_1_293' title='bbox 1681 5302 1717 5364; x_wconf 90' lang='lat' dir='ltr'><strong>et</strong></span> <span class='ocrx_word' id='word_1_294' title='bbox 1740 5295 1907 5364; x_wconf 87' lang='lat' dir='ltr'><strong>Nicotaus</strong></span> <span class='ocrx_word' id='word_1_295' title='bbox 1929 5312 2006 5362; x_wconf 82' lang='lat' dir='ltr'><strong>eius</strong></span> <span class='ocrx_word' id='word_1_296' title='bbox 2029 5293 2209 5359; x_wconf 77' lang='lat' dir='ltr'><strong>consobri-</strong></span> 
     </span>
    </p>
   </div>
   <div class='ocr_carea' id='block_1_15' title="bbox 356 5453 2208 5581">
    <p class='ocr_par' dir='ltr' id='par_1_15' title="bbox 356 5453 2208 5581">
     <span class='ocr_line' id='line_1_30' title="bbox 356 5453 2208 5581; baseline -0.01 -44"><span class='ocrx_word' id='word_1_297' title='bbox 356 5525 417 5569; x_wconf 60' lang='lat' dir='ltr'><strong><em>m</em></strong></span> <span class='ocrx_word' id='word_1_298' title='bbox 439 5525 492 5568; x_wconf 63' lang='lat' dir='ltr'><strong>w„</strong></span> <span class='ocrx_word' id='word_1_299' title='bbox 513 5523 662 5568; x_wconf 56' lang='lat' dir='ltr'><strong>mm</strong></span> <span class='ocrx_word' id='word_1_300' title='bbox 696 5522 749 5564; x_wconf 59' lang='lat' dir='ltr'><strong>w„</strong></span> <span class='ocrx_word' id='word_1_301' title='bbox 783 5501 1051 5581; x_wconf 51' lang='grc' dir='ltr'>επονομαζομενου</span> <span class='ocrx_word' id='word_1_302' title='bbox 1074 5517 1266 5581; x_wconf 52' lang='lat' dir='ltr'><strong>mmm„</strong></span> <span class='ocrx_word' id='word_1_303' title='bbox 1302 5477 1369 5526; x_wconf 89' lang='lat' dir='ltr'><strong>nus</strong></span> <span class='ocrx_word' id='word_1_304' title='bbox 1384 5459 1593 5528; x_wconf 79' lang='lat' dir='ltr'><strong>Casanensis</strong></span> <span class='ocrx_word' id='word_1_305' title='bbox 1610 5456 1705 5525; x_wconf 86' lang='lat' dir='ltr'><strong>lilius</strong></span> <span class='ocrx_word' id='word_1_306' title='bbox 1729 5455 1970 5543; x_wconf 80' lang='lat' dir='ltr'><strong>cognominati</strong></span> <span class='ocrx_word' id='word_1_307' title='bbox 1989 5453 2208 5537; x_wconf 88' lang='lat' dir='ltr'><strong>Portaritae,</strong></span> 
     </span>
    </p>
   </div>
   <div class='ocr_carea' id='block_1_16' title="bbox 358 5625 2210 5736">
    <p class='ocr_par' dir='ltr' id='par_1_16' title="bbox 358 5625 2210 5736">
     <span class='ocr_line' id='line_1_31' title="bbox 358 5625 2210 5736; baseline -0.013 -19"><span class='ocrx_word' id='word_1_308' title='bbox 358 5653 454 5717; x_wconf 80' lang='grc' dir='ltr'>οιδιον</span> <span class='ocrx_word' id='word_1_309' title='bbox 476 5672 579 5736; x_wconf 57' lang='lat' dir='ltr'><strong>perper</strong></span> <span class='ocrx_word' id='word_1_310' title='bbox 602 5669 794 5732; x_wconf 79' lang='grc' dir='ltr'>ποιησαντες.</span> <span class='ocrx_word' id='word_1_311' title='bbox 830 5648 928 5712; x_wconf 75' lang='lat' dir='ltr'><strong>enoria</strong></span> <span class='ocrx_word' id='word_1_312' title='bbox 956 5648 1007 5712; x_wconf 83' lang='grc' dir='ltr'><strong>καὶ</strong></span> <span class='ocrx_word' id='word_1_313' title='bbox 1040 5647 1069 5711; x_wconf 81' lang='lat' dir='ltr'><strong>ot</strong></span> <span class='ocrx_word' id='word_1_314' title='bbox 1090 5669 1268 5732; x_wconf 79' lang='grc' dir='ltr'>πνευματικη</span> <span class='ocrx_word' id='word_1_315' title='bbox 1304 5633 1457 5724; x_wconf 80' lang='lat' dir='ltr'><strong>propriis</strong></span> <span class='ocrx_word' id='word_1_316' title='bbox 1479 5635 1645 5704; x_wconf 87' lang='lat' dir='ltr'><strong>manibus</strong></span> <span class='ocrx_word' id='word_1_317' title='bbox 1669 5633 1775 5719; x_wconf 80' lang='lat' dir='ltr'><strong>signa</strong></span> <span class='ocrx_word' id='word_1_318' title='bbox 1800 5633 1945 5698; x_wconf 84' lang='lat' dir='ltr'><strong>sanctae</strong></span> <span class='ocrx_word' id='word_1_319' title='bbox 1974 5631 2011 5696; x_wconf 87' lang='lat' dir='ltr'><strong>et</strong></span> <span class='ocrx_word' id='word_1_320' title='bbox 2039 5625 2210 5694; x_wconf 78' lang='lat' dir='ltr'><strong>vivificae</strong></span> 
     </span>
    </p>
   </div>
   <div class='ocr_carea' id='block_1_17' title="bbox 353 5791 2208 6018">
    <p class='ocr_par' dir='ltr' id='par_1_17' title="bbox 353 5791 2208 6018">
     <span class='ocr_line' id='line_1_32' title="bbox 353 5791 2208 5897; baseline -0.012 -18"><span class='ocrx_word' id='word_1_321' title='bbox 353 5835 443 5897; x_wconf 79' lang='lat' dir='ltr'><strong>ropor</strong></span> <span class='ocrx_word' id='word_1_322' title='bbox 466 5814 697 5887; x_wconf 63' lang='grc' dir='ltr'>ακολουὲοντας</span> <span class='ocrx_word' id='word_1_323' title='bbox 721 5831 823 5874; x_wconf 79' lang='lat' dir='ltr'><strong>ernon</strong></span> <span class='ocrx_word' id='word_1_324' title='bbox 845 5829 1014 5895; x_wconf 74' lang='grc' dir='ltr'>αταραχον.</span> <span class='ocrx_word' id='word_1_325' title='bbox 1038 5809 1089 5872; x_wconf 81' lang='grc' dir='ltr'><strong>καὶ</strong></span> <span class='ocrx_word' id='word_1_326' title='bbox 1110 5829 1270 5894; x_wconf 80' lang='grc' dir='ltr'>ανεπερεα-</span> <span class='ocrx_word' id='word_1_327' title='bbox 1300 5805 1417 5872; x_wconf 86' lang='lat' dir='ltr'><strong>crucis</strong></span> <span class='ocrx_word' id='word_1_328' title='bbox 1436 5801 1681 5872; x_wconf 81' lang='lat' dir='ltr'><strong>exaravimus.</strong></span> <span class='ocrx_word' id='word_1_329' title='bbox 1702 5796 1875 5872; x_wconf 82' lang='lat' dir='ltr'><strong>Quoniam</strong></span> <span class='ocrx_word' id='word_1_330' title='bbox 1891 5791 2138 5881; x_wconf 84' lang='lat' dir='ltr'><strong>spiritualibus</strong></span> <span class='ocrx_word' id='word_1_331' title='bbox 2156 5791 2208 5856; x_wconf 86' lang='lat' dir='ltr'><strong>le-</strong></span> 
     </span>
     <span class='ocr_line' id='line_1_33' title="bbox 547 5943 2057 6018; baseline -0.011 -2"><span class='ocrx_word' id='word_1_332' title='bbox 547 5961 617 6018; x_wconf 76' lang='lat' dir='ltr'><strong>ion.</strong></span> <span class='ocrx_word' id='word_1_333' title='bbox 639 5977 664 6016; x_wconf 84' lang='lat' dir='ltr'><strong>r.</strong></span> <span class='ocrx_word' id='word_1_334' title='bbox 2022 5943 2057 6000; x_wconf 84' lang='lat'><strong>32</strong></span> 
     </span>
    </p>
   </div>
   <div class='ocr_carea' id='block_1_18' title="bbox 0 0 2727 7092">
    <p class='ocr_par' dir='ltr' id='par_1_18' title="bbox 0 0 2727 7092">
     <span class='ocr_line' id='line_1_34' title="bbox 0 0 2727 7092; baseline 0 0"><span class='ocrx_word' id='word_1_335' title='bbox 0 0 2727 7092; x_wconf 95' lang='lat' dir='ltr'><strong> </strong></span> 
     </span>
    </p>
   </div>
  </div>
 </body>
</html>
