5414 7098
1277 537 1447 609 deunx
1483 537 1749 610 untlbnsls

1406 973 1602 1054 DCCL.

1353 1242 1405 1319 Α.
1434 1240 1483 1318 D.
1514 1238 1643 1321 1023.

621 1470 658 1610 †
682 1523 723 1590 ln
747 1521 890 1592 nomine
906 1520 1041 1590 domini
1057 1520 1238 1590 tricesimo
1254 1521 1380 1609 quinto
1395 1540 1491 1590 anno
1508 1521 1732 1610 principatus
1746 1521 1867 1590 domni
1884 1519 1997 1590 nostri
2016 1521 2228 1610 Guaimarii,
2246 1523 2290 1590 nt
2305 1521 2431 1610 quinto

575 1692 671 1744 anno
688 1675 914 1763 principatus
930 1673 1051 1744 domni
1074 1675 1271 1764 guaimarii
1295 1675 1374 1744 eius
1397 1675 1483 1762 filio,
1496 1674 1643 1762 gloriosi
1667 1674 1903 1763 principibus,
1929 1692 2049 1744 monse
2074 1675 2226 1762 magius,
2244 1679 2349 1744 sexta
2373 1675 2432 1744 in·

573 1827 742 1897 dictione.
762 1828 1052 1898 Memoratorium
1067 1828 1163 1897 sactu
1181 1847 1203 1898 a
1219 1847 1275 1897 me
1291 1828 1386 1897 maio
1402 1829 1577 1916 presbiter
1593 1834 1629 1899 et
1645 1831 1755 1899 abbas
1777 1828 1926 1898 ecclesie
1949 1830 2068 1898 saneti
2086 1829 2251 1916 maximi,
2265 1831 2315 1896 Eo
2333 1831 2429 1916 quod

574 1987 658 2054 ante
676 1982 866 2070 subscripti
884 1983 1020 2052 idoneis
1036 1985 1252 2072 hominibus,
1270 2003 1342 2054 una
1357 2003 1495 2052 mecum
1511 1983 1649 2052 adesset
1664 1982 1851 2052 mirandus
1867 1982 2032 2051 notarius
2046 1982 2295 2052 advocatorem
2314 1983 2432 2070 ipsius

573 2136 760 2226 aecclesie,
774 2157 838 2224 per
854 2137 1142 2208 conbenientiam
1154 2137 1286 2207 tradidi
1303 2136 1452 2206 iohanni
1470 2135 1659 2223 presbiteri
1675 2135 1749 2202 filio
1764 2134 1942 2221 quondam
1955 2134 2105 2204 iohanni
2119 2134 2312 2221 presbiteri
2329 2139 2430 2208 terra

574 2314 655 2363 cum
673 2315 757 2365 casa
775 2295 920 2384 lignitia
936 2298 1105 2366 terranea
1121 2294 1357 2383 pertinentem
1373 2294 1486 2382 ipsius
1501 2295 1661 2382 ecclesie,
1674 2313 1743 2381 que
1766 2313 1842 2363 esse
1866 2293 2006 2362 videtur
2031 2294 2128 2361 intus
2151 2295 2244 2362 hanc
2268 2291 2422 2362 salerni·

574 2453 699 2518 tanam
717 2449 898 2523 ciuitatem
915 2470 938 2519 a
954 2469 1060 2539 super
1076 2453 1112 2518 et
1127 2469 1199 2518 non
1217 2449 1369 2518 multum
1385 2449 1488 2537 longe
1505 2452 1550 2518 ab
1566 2449 1645 2536 ipsa
1661 2449 1845 2536 aecclesia,
1863 2447 1953 2534 quod
1969 2447 2045 2534 ipse
2062 2448 2204 2534 genitor
2229 2465 2313 2515 suus
2343 2448 2430 2517 lecit

573 2601 699 2671 desua
717 2602 929 2692 lignamina,
947 2607 1061 2691 etpro
1085 2603 1228 2670 firmum
1252 2605 1395 2672 brebem
1420 2601 1503 2671 illut
1526 2604 1679 2672 retinuit
1704 2604 1749 2672 ad
1773 2603 2001 2672 residendum
2025 2623 2048 2671 a
2071 2621 2155 2689 pars
2178 2603 2292 2691 ipsius
2315 2604 2429 2672 ecclc-

571 2754 650 2844 sie,
682 2761 717 2826 et
742 2758 859 2827 restari
883 2758 974 2826 aduc
997 2757 1039 2826 de
1062 2757 1296 2826 constitutum
1320 2757 1362 2825 de
1386 2758 1504 2844 ipsum
1530 2758 1674 2825 brebem
1699 2775 1812 2826 annos
1835 2755 1904 2826 duo
1927 2761 1961 2825 et
1985 2773 2123 2825 meuses
2146 2757 2338 2844 quadtuor,
2364 2759 2424 2843 qui

572 2912 731 3000 conplire
748 2912 881 2981 debunt
898 2913 940 2980 de
956 2929 1078 2980 mense
1095 2915 1254 2998 agustus,
1267 2915 1303 2977 et
1319 2915 1371 2978 est
1387 2911 1465 2996 ipsa
1482 2911 1582 2978 terra·
1597 2929 1677 2977 cum
1693 2930 1790 2999 casa,
1804 2910 1895 2997 quod
1919 2909 1952 2978 ei
1976 2909 2111 2979 tradidi
2136 2929 2199 2996 per
2217 2911 2328 2978 istum
2347 2913 2426 2980 bre-

574 3069 667 3154 bem,
686 3086 747 3154 per
764 3084 804 3136 as
820 3069 909 3134 fines
925 3069 960 3134 et
976 3085 1174 3136 mensuras:
1191 3069 1220 3134 A
1244 3083 1327 3152 pars
1351 3062 1616 3150 septemtrionis
1640 3065 1711 3132 line
1735 3063 1897 3133 auditum
1919 3063 2034 3152 ipsius
2059 3065 2221 3152 ecclesie,
2239 3084 2307 3152 que
2326 3067 2428 3137 ducit

574 3237 663 3306 erga
699 3223 836 3287 lassum
871 3219 913 3287 dc
938 3219 1054 3304 ipsum
1077 3221 1233 3285 montem
1255 3216 1493 3303 pertinentem
1518 3215 1630 3302 ipsius
1654 3214 1826 3303 ecclesie,
1849 3220 1933 3284 sunt
1956 3215 2040 3284 inde
2064 3217 2169 3303 pedes
2193 3217 2424 3304 quindecim:

573 3373 629 3438 Ab
651 3372 832 3440 occidente
857 3373 926 3440 line
951 3375 1051 3440 terra
1074 3391 1154 3437 cum
1177 3389 1262 3438 casa
1288 3369 1399 3456 ipsius
1423 3367 1584 3457 ecclesie,
1609 3368 1701 3455 quod
1725 3371 1824 3436 tenet
1847 3366 1892 3436 ad
1909 3367 2133 3437 residendum
2149 3375 2272 3457 petrus
2288 3375 2430 3458 presbi-

580 3527 650 3609 ter,
674 3524 769 3592 sicut
792 3523 906 3594 medie
929 3524 1104 3592 columnie
1128 3526 1163 3590 et
1186 3521 1302 3590 medio
1325 3521 1492 3590 tabolicio
1515 3522 1698 3590 discernit:
1724 3523 1754 3588 Α
1777 3520 1925 3589 meridie
1948 3522 2019 3589 fine
2044 3523 2155 3590 alium
2179 3524 2344 3592 anditum
2370 3527 2423 3614 ip-

578 3679 654 3748 sius
677 3680 852 3768 ecclesie,
889 3681 951 3767 qui
975 3684 1028 3750 est
1051 3680 1093 3748 de
1118 3678 1267 3748 latitudo
1290 3679 1366 3764 ipso
1390 3677 1553 3745 anditum
1577 3675 1681 3763 pedes
1705 3692 1769 3743 sen
1792 3693 1855 3742 seu
1878 3675 2060 3762 ampliuS,
2095 3681 2179 3744 sunt
2207 3677 2291 3747 inde
2318 3679 2424 3766 pedes

575 3833 804 3918 quindecim:
832 3835 861 3900 A
885 3837 987 3920 parte
1009 3832 1159 3899 orientis
1183 3831 1252 3898 fine
1277 3829 1443 3898 similiter
1467 3827 1578 3916 ipsius
1600 3829 1773 3916 ecclesie,
1798 3831 1880 3898 abet
1904 3829 1986 3896 inde
2010 3830 2114 3915 pedes
2139 3830 2259 3900 decern
2282 3837 2318 3900 et
2343 3839 2424 3902 octo

573 3989 610 4053 et
634 3988 814 4055 semmissc
839 4006 962 4074 unum,
988 3985 1033 4054 ad
1057 3986 1147 4052 iusto
1171 3983 1294 4068 pedem
1319 4001 1466 4051 manum
1489 3984 1644 4052 hominis
1668 3988 1936 4068 mensuratum;
1963 4003 2027 4068 per
2050 3983 2137 4053 istas
2161 3985 2250 4054 fines
2273 3991 2308 4054 et
2326 4005 2430 4056 men-

574 4156 678 4210 suras
702 4143 868 4211 inclitum
892 4142 974 4210 illut
997 4143 1031 4210 ei
1055 4138 1188 4207 tradidi
1214 4159 1294 4208 cum
1316 4139 1393 4210 bice
1416 4139 1458 4206 de
1482 4137 1561 4224 ipsa
1584 4137 1723 4225 andita,
1747 4137 1824 4207 Tali
1847 4137 2011 4225 hordine,
2038 4142 2078 4206 nt
2101 4140 2225 4208 amodo
2249 4143 2286 4208 et
2310 4160 2422 4229 usque

573 4293 705 4380 biginti
729 4295 815 4362 duos
839 4313 952 4363 annos
976 4299 1012 4362 et
1034 4292 1211 4379 quadtuor
1235 4309 1373 4360 menses
1395 4291 1588 4380 conpletos,
1606 4293 1669 4379 qui
1691 4291 1734 4360 de
1758 4309 1878 4359 mense
1903 4295 2031 4378 agusto
2055 4294 2277 4381 conpleatur,
2293 4295 2339 4363 ad
2355 4313 2422 4364 sua

573 4450 609 4515 et
632 4447 674 4515 de
698 4445 773 4514 suis
796 4445 987 4514 heredibus
1010 4448 1046 4512 et
1070 4444 1112 4512 de
1136 4443 1353 4530 hominibuS,
1370 4421 1456 4530 nuos
1480 4443 1612 4511 ibidem
1629 4442 1793 4511 miserint
1816 4442 1862 4512 ad
1887 4443 2130 4531 residendum,
2147 4445 2221 4514 sint
2236 4447 2428 4533 potestatis

572 4601 655 4669 illut
677 4599 870 4668 tenendum
894 4602 930 4666 et
952 4597 1231 4684 dominandum,
1255 4601 1291 4666 et
1314 4596 1412 4664 loboc
1435 4599 1471 4664 et
1494 4596 1610 4664 omnis
1634 4615 1695 4664 sue
1718 4595 1914 4664 lrutilitatis
1938 4581 2071 4665 ibidem
2093 4597 2295 4666 laciendum
2321 4601 2417 4671 iusta

571 4753 761 4840 rationem,
793 4757 828 4820 et
851 4752 983 4820 ibidem
1006 4749 1231 4818 residendum
1257 4753 1291 4816 et
1316 4749 1538 4836 avitandum,
1562 4754 1597 4818 et
1622 4749 1733 4820 licead
1757 4749 1828 4817 illis
1852 4770 1874 4818 a
1897 4753 2021 4836 suptus
2043 4753 2079 4818 et
2104 4769 2192 4838 erga
2217 4753 2293 4839 ipso
2316 4755 2422 4822 andi-

570 4913 646 4976 tum
671 4906 718 4977 da
740 4925 824 4994 pars
847 4905 996 4974 meridie
1021 4905 1162 4974 sufficta
1186 4903 1229 4971 de
1254 4901 1439 4990 lignamen
1463 4901 1513 4970 ibi
1539 4904 1683 4989 lacere,
1707 4903 1781 4970 sive
1803 4920 1883 4970 cum
1907 4903 2044 4972 fabrica
2069 4907 2171 4990 quasi
2202 4905 2428 4976 antimurale

571 5059 623 5129 ibi
647 5063 789 5148 lacere,
814 5063 855 5126 ut
878 5059 954 5146 ipso
978 5057 1171 5144 anditum,
1195 5056 1250 5124 vel
1274 5057 1352 5143 ipsa
1374 5075 1457 5126 casa
1482 5055 1574 5143 quod
1597 5056 1630 5126 ei
1655 5055 1814 5143 tradidi,
1839 5075 1907 5142 que
1930 5060 1984 5125 est
2008 5075 2116 5143 super
2138 5023 2246 5145 ripa',
2272 5058 2424 5146 indeque

571 5232 644 5283 non
668 5218 776 5302 ruat,
801 5216 879 5302 set,
904 5213 967 5282 deo
991 5211 1153 5299 iuuante,
1178 5210 1316 5279 salbum
1341 5211 1423 5279 siat.
1449 5211 1494 5277 Et
1517 5209 1659 5297 quando
1682 5208 1860 5276 voluerint
1884 5207 1979 5277 iufra
2003 5208 2078 5296 ipso
2101 5211 2337 5280 constitutum
2362 5230 2419 5280 co-

572 5369 707 5438 lumnie
731 5370 898 5453 betuste,
922 5365 975 5434 vel
1000 5363 1076 5435 alia
1100 5363 1282 5452 lignamen
1305 5363 1388 5431 inde
1411 5365 1550 5431 mutare
1570 5412 1579 5450 ,
1603 5365 1639 5430 et
1662 5363 1752 5430 nobe
1775 5360 1952 5430 columnia
1977 5363 2033 5430 vel
2058 5363 2132 5431 alia
2155 5364 2342 5451 lignamen
2369 5366 2421 5434 ibi

573 5541 735 5611 ponere,
759 5525 951 5610 potestates
974 5523 1146 5604 aberent,
1178 5518 1265 5587 etsi
1290 5517 1329 5584 in
1353 5515 1428 5604 ipso
1453 5515 1615 5586 anditum
1638 5535 1662 5585 a
1683 5531 1769 5602 pars
1792 5513 1941 5583 meridie
1964 5517 2143 5602 porticum
2166 5517 2205 5584 in
2237 5517 2349 5587 altum
2373 5519 2429 5588 fa-

571 5693 653 5744 cere
678 5676 859 5744 voluerint
884 5691 947 5762 pro
971 5692 1037 5742 sua
1060 5670 1233 5756 utilitate,
1257 5671 1448 5756 potestates
1472 5671 1622 5758 abeant,
1646 5669 1710 5756 sic,
1737 5671 1776 5736 ut
1799 5685 1871 5736 non
1894 5669 1942 5737 sit
1965 5667 2248 5758 inpedimentum
2271 5671 2315 5741 ad
2340 5674 2432 5741 omi-

570 5847 636 5901 nes
661 5829 721 5917 qui
748 5830 910 5898 retinunt
933 5825 1025 5898 casis
1049 5824 1160 5912 ipsius
1186 5821 1359 5910 ecclesie,
1395 5843 1475 5892 cum
1509 5843 1572 5894 sue
1604 5826 1844 5914 congruitatis
1877 5827 1973 5898 iusta
1996 5827 2134 5896 ratione
2159 5828 2243 5898 inde
2273 5828 2427 5917 gredere
