5466 7106
1006 547 1012 596 ·'
1044 591 1047 596 ·
1075 533 1483 638 urruonarrous
2085 561 2152 634 na

350 784 458 856 anno*
473 785 600 856 oetam
620 773 757 857 decimo
780 791 859 876 post
880 788 955 860 eius
977 771 1280 879 recuperationem
1303 797 1340 862 et
1362 789 1516 862 secundo
1538 808 1653 862 anno.
1672 779 1705 858 ..’
1726 841 1784 858 ...
1803 837 1811 856 .
1932 775 1947 858 ‚²
1965 745 2114 878 gloriosi
2137 746 2202 858 du·

349 940 403 1008 cis
426 937 493 1006 filii
518 937 611 1028 eius,
635 939 693 1010 dic
716 939 855 1011 decima
877 940 1010 1010 mensis
1031 941 1246 1030 nobembria
1270 940 1466 1013 indictione
1488 945 1613 1013 octaba
1629 932 1656 1026 ¹)
1678 941 1819 1011 Amalfl.

396 1113 415 1156 a
441 1092 578 1162 Divisio
600 1093 805 1182 castaneti,
828 1093 949 1181 sylvae
972 1097 1009 1162 et
1031 1093 1214 1164 domorum
1238 1093 1277 1163 in
1300 1095 1375 1163 loco
1398 1095 1536 1164 Citaria
1560 1095 1654 1163 inter
1676 1055 2130 1205 lohannemdelohanne,
2155 1095 2199 1166 de

351 1267 370 1308 «
396 1246 525 1334 Leone,
549 1245 592 1316 dc
616 1246 770 1335 Sergio,
793 1247 837 1316 de
858 1247 1091 1318 Constantino
1114 1249 1242 1316 comita
1265 1247 1309 1317 de
1331 1247 1446 1318 Penta
1468 1245 1675 1336 comitissa,
1699 1250 1735 1316 et
1757 1210 1923 1318 Maurum
1947 1243 2061 1317 filium
2083 1249 2200 1337 Sergii

348 1419 367 1460 «
394 1397 559 1486 Solinilli‚
584 1399 867 1488 Amalphitanos.

395 1573 414 1612 ‹
440 1551 548 1619 Finis
570 1555 693 1621 tectas
717 1571 749 1620 a.

393 1703 438 1770 Et
461 1703 527 1772 hec
549 1705 718 1774 chartula
739 1705 787 1774 sit
809 1705 915 1775 firma
937 1703 987 1772 im
1009 1707 1231 1793 perpetuum,
1254 1707 1291 1774 et
1314 1703 1423 1792 michi
1445 1707 1559 1773 Penta
1582 1722 1673 1774 uxor
1696 1707 1930 1794 suprascripti
1955 1709 2069 1779 Mauri
2075 1757 2192 1782 .....

351 1901 651 1926 ............
676 1858 851 1945 portionis
874 1855 1073 1926 certissime
1095 1826 1215 1943 placet

397 1983 426 2100 †
451 2013 528 2099 Ego
551 2009 605 2078 leo
627 2010 723 2078 filius
747 2027 830 2079 urso
853 2007 1009 2078 sclinillo
1031 2007 1134 2077 testis
1157 2026 1234 2077 sum

396 2137 427 2252 †
453 2165 625 2234 iohannes
650 2161 843 2233 iattabecte
866 2165 969 2232 testis
992 2165 1046 2231 est

394 2291 431 2408 †-
449 2318 526 2406 Ego
548 2305 722 2388 iohannes
745 2316 842 2386 filius
864 2315 1086 2386 constantini
1110 2315 1348 2386 maniarrella
1370 2317 1474 2387 testis
1497 2336 1576 2387 sum

393 2443 425 2559 †
449 2474 525 2558 Ego
547 2489 654 2540 ursus
676 2469 797 2540 scriba
819 2470 915 2540 filius
939 2468 1161 2547 constantini
1184 2467 1334 2538 curialis
1359 2471 1501 2557 scripsi.

1056 3014 1486 3097 DCGLXXVIII.

1117 3275 1172 3353 A.
1200 3275 1251 3352 D.
1279 3273 1407 3355 1025.

386 3504 423 3645 †
446 3560 487 3626 ln
510 3555 655 3630 nomine
676 3558 811 3629 domini
836 3560 1017 3629 tricesimo
1040 3561 1189 3650 septimo
1211 3580 1307 3632 anno
1330 3563 1554 3651 principatus
1586 3563 1707 3632 domni
1742 3541 1856 3632 nostri
1892 3561 2120 3649 guaimarii,
2155 3565 2193 3632 et

341 3714 467 3780 octavo
490 3730 585 3782 anno
607 3713 833 3800 principatus
855 3712 975 3780 domni
999 3713 1196 3802 guaimarii
1220 3715 1297 3784 eius
1319 3714 1400 3803 filii,
1424 3715 1571 3804 gloriosi
1595 3715 1834 3803 principibus,
1849 3731 1971 3782 mense
1984 3714 2194 3801 nobember,

339 3880 437 3936 nona
462 3865 670 3936 indictione.
693 3868 843 3955 Ideoque
866 3885 932 3955 ego
956 3886 1083 3936 mauro
1105 3867 1344 3938 subdiaconus
1368 3867 1466 3936 filius
1488 3867 1633 3956 pinnini
1656 3867 1879 3955 subdiaconi,
1903 3865 1988 3936 dum
2010 3870 2046 3934 te
2073 3865 2196 3953 puella

342 4019 488 4089 nomine
512 4022 646 4092 aldana
669 4023 746 4094 filia
768 4023 860 4111 petri
885 4023 929 4093 ad
953 4041 1030 4092 meo
1053 4027 1089 4090 te
1112 4021 1247 4091 sociavi
1270 4019 1467 4108 coniugio,
1492 4024 1578 4089 tunc
1601 4019 1640 4088 in
1674 4017 1750 4091 alia
1773 4019 1830 4087 die
1865 4017 2080 4088 nubtiarum
2107 4022 2195 4088 ante

346 4177 514 4261 parentes
537 4179 574 4242 et
597 4172 731 4244 amicos
753 4177 893 4242 nostros
914 4172 1076 4243 hostendi
1101 4191 1171 4241 unc
1195 4172 1356 4242 tirellum
1380 4173 1553 4242 scribtum
1569 4193 1592 4242 a
1607 4172 1760 4241 testibus
1776 4173 1981 4241 roboratum
1996 4169 2194 4240 secundum

338 4326 432 4395 ritus
457 4325 566 4394 ientis
589 4330 710 4395 nostre
735 4325 1074 4414 langnobardorum,
1097 4328 1286 4414 probterea
1308 4328 1491 4398 nominate
1507 4328 1613 4396 uxori
1629 4347 1705 4398 mee
1720 4326 1824 4396 trado
1839 4327 1907 4396 tivi
1925 4331 2094 4414 quartam
2104 4348 2187 4417 par-

338 4483 412 4548 tem
435 4477 480 4548 de
502 4480 668 4548 omnibus
692 4481 799 4548 rebus
821 4480 912 4548 meis
935 4479 1063 4550 sterile
1086 4479 1142 4550 vel
1164 4479 1306 4570 movile,
1330 4481 1422 4551 idest
1445 4481 1489 4551 de
1511 4480 1604 4552 casis
1626 4486 1663 4551 et
1686 4480 1904 4552 intrinsecus
1925 4480 2045 4570 casis,
2068 4481 2113 4553 de
2136 4449 2201 4552 lsi-⁴

341 4632 421 4702 neis
443 4637 481 4704 et
502 4633 625 4724 terris,
648 4635 798 4722 campis,
822 4634 937 4723 silvis,
960 4634 1094 4722 pratis,
1118 4635 1282 4724 pascuis,
1306 4635 1409 4724 aquis
1432 4633 1516 4702 finis
1538 4637 1575 4705 et
1597 4633 1691 4722 biis,
1714 4613 1757 4703 de
1781 4635 1881 4704 culta
1902 4637 2013 4722 atque
2035 4635 2193 4726 inculta,

339 4803 396 4855 res
418 4787 547 4856 movile
563 4789 673 4875 atque
687 4786 964 4875 inmoventibus,
976 4785 1020 4855 de
1034 4803 1152 4855 servos
1162 4789 1199 4855 et
1209 4786 1375 4876 ancillas,
1387 4786 1431 4856 de
1447 4787 1589 4875 peculia
1604 4804 1738 4875 magna
1752 4791 1789 4856 et
1802 4788 1933 4874 parba,
1943 4803 2008 4855 seu
2021 4787 2116 4876 quod
2132 4793 2190 4860 est

342 4942 532 5027 paternam
554 4939 611 5008 rel
633 4943 905 5027 maternamque
928 4937 1159 5026 substantia,
1191 4957 1254 5008 seu
1276 4940 1314 5008 et
1336 4938 1461 5008 diebus
1483 4937 1558 5007 vite
1580 4955 1657 5008 mee
1679 4955 1808 5025 parare
1832 4923 1869 5006 ct
1884 4921 2101 5024 conquidere
2124 4956 2187 5026 po·

337 5095 453 5180 tuero,
469 5091 513 5161 de
528 5096 641 5162 totum
658 5090 723 5161 tivi
739 5091 878 5180 pretate
900 5091 1008 5160 uxori
1023 5108 1101 5160 mee
1116 5092 1189 5160 siat
1203 5093 1413 5178 potestatem
1428 5093 1525 5161 iusta
1548 5090 1677 5180 legem,
1693 5091 1815 5162 omnia
1829 5088 1961 5160 exinde
1981 5089 2186 5162 laciendum

336 5263 406 5334 que
428 5245 496 5314 tivi
520 5242 711 5334 placuerit3
735 5250 772 5315 et
794 5262 910 5333 neque
932 5263 955 5314 a
977 5262 1035 5312 me
1058 5240 1223 5331 superius
1246 5242 1324 5311 viro
1346 5246 1422 5328 tuo,
1446 5245 1483 5310 et
1505 5257 1622 5329 neque
1644 5259 1668 5311 a
1690 5241 1780 5309 meis
1804 5238 1998 5328 eraditus,
2021 5257 2137 5328 neque
2166 5263 2190 5316 a

333 5396 446 5466 nullis
470 5415 687 5486 quemquam
712 5397 919 5466 hominibus
942 5396 1082 5467 aveatis
1105 5395 1238 5466 exinde
1259 5393 1454 5483 aliquando
1476 5393 1637 5484 aliquam
1659 5379 1947 5483 requisitionem,
1971 5395 2026 5462 set
2048 5409 2188 5480 semper

330 5647 772 5662 mn*

370 5825 395 5906 ⁴)
417 5827 527 5904 Lege:
551 5828 653 5894 nono.

483 5974 556 6032 Tou.
578 5989 604 6032 v.
