5414 7098
1039 604 1439 678 anLollnTltt's
2072 609 2111 679 31

310 831 372 914 qui
397 827 570 896 discernit
593 827 639 895 ab
663 829 741 914 ipsa
764 828 835 896 fine
859 828 972 915 ipsius
995 829 1110 896 sancti
1135 829 1300 918 maximi,
1318 849 1386 918 que
1412 832 1548 918 inipso
1572 833 1749 920 episcopio
1773 833 1871 900 dedit
1894 837 1930 901 et
1953 834 2025 902 fine
2050 835 2164 920 ipsius

311 979 496 1068 episcopii,
522 981 615 1048 sicut
639 982 713 1066 ipso
735 981 891 1048 cristone
915 980 958 1048 de
984 981 1059 1067 ipso
1084 986 1202 1050 monte
1226 983 1409 1070 discernit,
1427 1004 1490 1070 per
1513 985 1696 1053 mensurio
1719 1003 1782 1070 per
1807 983 1885 1070 ipsa
1909 1003 2004 1072 aqua
2027 987 2070 1054 de
2088 988 2164 1073 ipso

310 1135 426 1202 forino
453 1153 573 1222 passos
596 1140 739 1203 centum
764 1135 1032 1222 quinquaginta
1056 1136 1259 1222 quadtuor3
1285 1141 1320 1204 et
1343 1157 1406 1222 per
1431 1137 1508 1223 ipsa
1532 1137 1593 1204 bia
1615 1137 1776 1224 publica,
1808 1157 1877 1223 que
1906 1137 2000 1206 infra
2024 1139 2100 1225 ipse
2123 1139 2166 1206 fi-

311 1286 370 1354 nis
394 1288 512 1374 pergit
535 1289 581 1356 da
604 1288 680 1375 ipso
704 1287 845 1357 ballone
869 1289 907 1355 in
931 1306 1015 1374 pars
1038 1289 1318 1376 septemtrionis,
1342 1292 1438 1376 passi
1465 1293 1608 1357 centum
1632 1289 1764 1377 biginti
1787 1292 1978 1377 quadtuor:
1997 1293 2165 1379 desuper

312 1443 382 1510 flue
406 1441 486 1528 ipsa
509 1461 623 1529 serra,
649 1443 750 1511 modo
772 1443 927 1529 quidem,
953 1447 992 1510 ut
1015 1441 1186 1530 diximus,
1211 1446 1397 1529 propterea
1420 1446 1504 1510 sunt
1521 1443 1703 1510 coniuncti
1721 1445 1828 1511 finem
1843 1445 1926 1514 inde
1943 1447 2164 1535 faciendum,

312 1602 353 1665 ut
377 1615 440 1684 per
465 1597 583 1684 ipsum
606 1597 701 1664 risus
724 1599 854 1684 parata
877 1597 931 1662 est
954 1599 1079 1664 sancta
1102 1597 1158 1663 dei
1184 1597 1387 1684 evangelia,
1412 1597 1547 1682 etipse
1571 1599 1681 1665 abbas
1705 1617 1786 1665 cum
1810 1600 1886 1685 ipso
1909 1600 1987 1667 eius
2014 1600 2165 1670 advoca-

311 1757 426 1822 torem
449 1753 676 1839 plicaberunt
700 1753 831 1821 ibidem
855 1754 1012 1839 quinque
1035 1769 1152 1820 servos
1177 1749 1291 1838 ipsius
1314 1752 1475 1839 ecclesie,
1501 1751 1513 1818 i
1538 1758 1635 1840 sunt,
1652 1757 1827 1822 atenolfus
1851 1757 1913 1841 qui
1938 1757 2036 1825 atulo
2061 1776 2164 1826 voca·

311 1913 384 1996 tur,
409 1913 445 1976 et
468 1907 560 1976 mari
585 1904 680 1974 filius
704 1905 865 1992 iohanni,
890 1909 925 1974 et
949 1905 1001 1972 leo
1024 1905 1231 1992 mulinator,
1248 1911 1283 1974 et
1297 1905 1471 1974 iohannes
1488 1907 1624 1994 franco,
1641 1912 1677 1975 ot
1702 1909 1874 1978 iohannes
1891 1910 1988 1977 filius
2012 1911 2163 1998 andree;

311 2065 348 2131 et
365 2063 466 2148 prius
482 2062 559 2148 ipse
576 2060 751 2131 atenolfus
768 2029 897 2128 manus
913 2078 996 2127 suas
1012 2078 1117 2146 super
1141 2059 1219 2147 ipsa
1242 2059 1432 2147 euangelia
1455 2062 1586 2149 posuit,
1612 2065 1648 2129 et
1672 2061 1807 2130 iurabit
1830 2065 1866 2129 et
1891 2063 1983 2132 dixit
2006 2085 2069 2150 per
2086 2067 2166 2153 ipsa

313 2213 534 2302 evangelia,
559 2214 644 2299 quia
668 2216 773 2282 rebus
797 2213 902 2300 ipsa,
927 2231 995 2298 que
1018 2213 1093 2298 ipse
1117 2215 1227 2281 abbas
1251 2214 1464 2280 monstrabit
1487 2232 1550 2300 per
1575 2213 1650 2299 ipse
1674 2215 1757 2281 finis
1787 2218 1823 2282 et
1857 2217 2038 2284 mensurie
2060 2268 2069 2305 ,
2093 2239 2164 2304 que

313 2369 478 2457 predicta
495 2347 642 2456 scriptio
666 2368 838 2453 continet,
854 2383 937 2452 pars
960 2365 1119 2452 predicte
1142 2367 1289 2434 ecclesie
1313 2367 1428 2435 sancti
1453 2368 1600 2436 maximi
1628 2388 1691 2456 per
1714 2369 1847 2456 expleti
1873 2371 2027 2458 triginta
2051 2391 2165 2441 annos

314 2525 399 2592 illut
438 2523 613 2591 tenuisset
649 2527 684 2591 et
707 2521 932 2608 dominasset,
958 2523 993 2587 et
1017 2519 1156 2606 legibus
1180 2520 1292 2607 ipsius
1316 2522 1463 2590 ecclesie
1486 2528 1578 2590 esset
1601 2525 1832 2612 pertinentes
1856 2529 1893 2593 et
1915 2527 2060 2612 scriptio
2086 2528 2165 2614 ipsa

313 2678 399 2748 inde
423 2684 516 2749 esset
539 2677 775 2748 continentes.
802 2676 933 2745 Deinde
956 2679 1034 2762 post
1050 2697 1137 2780 'eum
1162 2676 1300 2746 iurabit
1322 2679 1398 2763 ipse
1422 2678 1514 2744 mari
1539 2685 1576 2748 et
1597 2679 1706 2765 dixit,
1722 2678 1774 2747 sic
1797 2683 1890 2747 esset
1905 2682 2052 2767 veritas,
2070 2681 2164 2748 sicut

315 2837 389 2921 ipse
415 2835 592 2903 atenolfus
616 2832 766 2917 iurabit3
790 2833 834 2902 ad
857 2833 926 2917 ipsi
951 2831 1014 2900 alii
1039 2831 1154 2899 noluit
1178 2831 1252 2918 ipso
1275 2832 1348 2899 riso
1371 2837 1635 2902 sacramentum
1659 2834 1807 2920 tollere,
1831 2838 1884 2901 set
1907 2853 1971 2920 per
1995 2837 2163 2920 subsoep-

314 2993 392 3057 tum
410 2987 605 3074 „launegilt
639 2987 716 3074 ipsa
741 2987 855 3053 eidem
879 2985 1001 3052 abbati
1027 2984 1174 3052 donabit
1196 3003 1259 3071 por
1289 2987 1382 3053 bona
1406 2988 1722 3073 conbenientiam,
1759 2991 1794 3054 et
1817 2986 1939 3055 taliter
1962 3005 2024 3073 pro
2055 2991 2161 3073 parte

313 3142 427 3231 ipsius
451 3141 600 3210 ecclesie
623 3142 737 3208 sancti
763 3139 915 3208 maximi
939 3139 1096 3206 scribere
1120 3139 1267 3206 fecimus
1291 3143 1326 3207 to
1349 3141 1551 3210 romoaldus
1582 3144 1756 3211 notarius.
1782 3143 1856 3228 Ego
1880 3143 1942 3228 qui
1966 3160 2075 3228 supra
2110 3161 2169 3208 ro-

319 3299 478 3368 moaldus
501 3297 623 3365 iudex.
648 3299 796 3364 Etcum
819 3297 1064 3383 supradictum
1087 3282 1260 3384 scriptum
1284 3296 1352 3364 fuit
1376 3297 1530 3384 lectum,
1555 3302 1590 3366 et
1613 3300 1867 3385 agnoscentem
1892 3299 1965 3384 ipse
1989 3297 2164 3365 iohannes

317 3453 413 3520 filius
436 3453 558 3540 raimi,
576 3458 615 3520 ut
638 3453 744 3520 rebus
769 3453 848 3539 ipsa
871 3471 935 3539 per
959 3451 1162 3538 supradicte
1186 3451 1269 3518 finis
1293 3456 1328 3519 et
1349 3451 1555 3538 mensuriiS,
1572 3469 1639 3536 que
1657 3451 1733 3536 ipsa
1750 3452 1895 3537 scriptio
1911 3450 2163 3518 conbenientie

312 3629 334 3676 a
370 3627 455 3694 pars
485 3607 596 3694 ipsius
620 3607 789 3693 episcopii
814 3606 972 3674 declarat
995 3607 1232 3692 pertinentem
1257 3605 1370 3689 ipsius
1394 3603 1540 3670 ecclesie
1563 3604 1679 3671 sancti
1704 3604 1884 3690 maximi,
1910 3604 1947 3669 in
1971 3604 2160 3670 ueritatem

311 3760 425 3830 etiam
450 3769 486 3829 et
508 3779 572 3848 per
596 3759 713 3846 ipsum
738 3763 999 3828 sacramentum
1026 3759 1106 3826 illut
1129 3758 1196 3824 sivi
1222 3757 1401 3843 integrum
1426 3757 1606 3824 firmatum
1631 3759 1768 3841 aberet,
1785 3761 1824 3824 ut
1840 3757 1973 3823 dictum
1990 3759 2057 3838 est,
2075 3773 2159 3839 pars

321 3917 435 4001 ipsius
459 3912 607 3981 ecclesie
631 3915 677 3982 ab
702 3915 818 3998 ipsum
843 3913 939 3978 risus
963 3911 1061 3977 filius
1085 3912 1211 3997 agnini
1235 3915 1429 3978 consortem
1453 3928 1568 3993 suum;
1587 3908 1665 3976 ideo
1682 3908 1884 3976 voluntarie
1907 3925 1969 3974 sue
1993 3925 2055 3993 per
2071 3924 2166 3972 com-

315 4067 536 4137 benientiam
552 4067 626 4154 ipse
641 4067 816 4134 iohannes
832 4065 927 4132 filius
943 4064 1048 4132 raimi
1072 4062 1325 4131 manifestabit
1347 4060 1549 4146 dicendum,
1569 4063 1606 4125 ut
1623 4064 1697 4128 tota
1714 4061 1821 4126 rebus
1845 4059 1923 4144 ipsa
1947 4077 2010 4145 per
2034 4078 2165 4145 supra-

310 4223 405 4292 dicte
431 4221 514 4288 finis
538 4223 575 4288 et
597 4217 812 4304 mensariis,
837 4218 932 4284 unde
955 4220 1219 4286 sacramentum
1242 4219 1308 4302 est,
1334 4213 1491 4301 qualiter
1516 4211 1761 4300 supradictum
1785 4212 1957 4298 scriptum
1973 4213 2160 4301 continet,

311 4349 428 4462 ipsius
452 4373 598 4441 ecclesie
623 4371 739 4441 sancti
763 4369 915 4438 maximi
940 4371 1032 4436 esset
1054 4367 1296 4455 pertinentes:
1323 4366 1487 4434 similitor
1512 4367 1587 4451 ipse
1611 4366 1782 4433 iohannes
1800 4366 2046 4435 manifestabit
2063 4386 2100 4435 se
2117 4368 2160 4434 de

308 4531 428 4597 omnis
444 4532 550 4597 rebus
566 4527 805 4614 pertinentem
822 4524 935 4610 ipsius
951 4521 1098 4592 ecclesie
1122 4520 1160 4586 in
1184 4522 1304 4590 eodem
1329 4521 1415 4608 loco,
1440 4520 1605 4587 videlicet
1628 4521 1673 4588 da
1696 4520 1767 4587 fine
1791 4520 1834 4587 de
1857 4521 1979 4589 eredes
2002 4521 2160 4607 guaiferi

310 4693 347 4756 et
371 4684 518 4774 guidoni
543 4683 683 4752 comitis
705 4700 817 4767 usque
841 4681 886 4748 ad
909 4680 1016 4747 finem
1040 4677 1152 4766 ipsius
1175 4675 1358 4763 episcopii,
1376 4679 1411 4742 et
1436 4677 1481 4743 ab
1504 4675 1578 4760 ipso
1602 4673 1840 4741 flubioforino
1858 4677 2023 4760 usquein
2042 4695 2157 4746 serra.

314 4841 360 4907 Et
384 4856 499 4923 neque
522 4855 585 4923 per
609 4839 728 4919 testeS,
746 4851 862 4918 neque
885 4850 947 4917 per
972 4831 1162 4915 monimen,
1179 4849 1244 4897 nec
1268 4847 1330 4914 per
1354 4827 1454 4896 nulla
1477 4845 1615 4914 quoque
1631 4826 1777 4895 inventa
1794 4827 1984 4914 rationem,
2002 4847 2066 4896 nec
2084 4830 2161 4915 ipse

314 4994 503 5078 iohannes,
519 5009 586 5058 nec
603 5007 683 5056 suos
705 4987 839 5070 eredeS,
864 5004 942 5051 cum
968 5002 1051 5070 pars
1075 4984 1186 5071 ipsius
1210 4982 1357 5051 ecclesie
1373 4983 1489 5050 sancti
1505 4980 1654 5049 maximi
1673 4980 1803 5050 exindo
1819 5000 1983 5068 causare,
2000 4985 2064 5050 aut
2081 5001 2166 5050 con-

310 5144 457 5212 tendere
473 5161 545 5211 non
562 5147 737 5229 poterent,
754 5145 790 5209 et
805 5159 868 5227 pro
884 5143 1055 5226 perpetua
1077 5137 1267 5205 securitate
1291 5137 1403 5221 ipsius
1427 5134 1571 5202 ecclesie
1595 5134 1709 5202 sancti
1736 5134 1887 5202 maximi
1912 5136 1977 5201 boc
2002 5135 2161 5202 scribere

310 5301 457 5367 fecimus
482 5304 517 5367 te
541 5299 737 5384 myrandus
758 5297 923 5364 notarius
945 5296 1005 5380 qui
1032 5292 1240 5362 interfuisti.

356 5424 387 5540 †
413 5455 486 5542 Ego
511 5455 572 5538 qui
598 5473 706 5539 supra
730 5451 931 5518 romoaldus
955 5449 1073 5515 iudex.
