5414 7098
596 575 644 646 ll
1247 569 1419 641 cobux
1454 571 1718 644 (zlszsls

552 798 742 886 iohannes,
765 803 802 866 et
824 798 941 883 mari,
967 803 1002 866 et
1025 797 1120 882 ursi,
1144 795 1332 883 clamati,
1357 799 1393 864 et
1415 814 1479 883 pro
1503 796 1568 864 filii
1592 795 1749 883 iaquinti
1773 795 1837 885 qui
1860 797 1928 866 luit
1951 813 2124 886 germano
2147 799 2297 882 nostro,
2322 789 2403 881 ipsa

552 952 629 1021 alia
653 951 857 1020 medietate.
884 951 979 1020 unde
1002 967 1066 1035 pro
1088 947 1210 1017 taliter
1233 967 1296 1034 per
1319 949 1411 1016 bona
1434 948 1696 1017 combenientia
1718 967 1781 1036 per
1817 948 2010 1017 iussionem
2049 947 2163 1035 ipsius
2197 946 2317 1015 domni
2343 967 2403 1015 ar·

552 1103 770 1192 chlepiscopi
800 1103 935 1192 guadia
957 1103 1060 1172 nobis
1083 1102 1157 1187 ipse
1181 1100 1289 1169 iudex
1310 1102 1391 1170 dedi
1414 1119 1478 1188 pro
1502 1102 1580 1170 bice
1614 1103 1728 1190 ipsius
1762 1102 2065 1190 archiepiscopii,
2096 1106 2134 1170 et
2169 1100 2402 1170 mediatorem

552 1257 656 1326 nobis
679 1260 797 1345 posuit
820 1259 993 1326 iohannes
1010 1254 1185 1345 presbiter
1201 1259 1238 1323 et
1253 1256 1487 1325 cardenarius
1504 1258 1618 1344 ipsius
1634 1257 1908 1345 archiepiscopii
1927 1257 2023 1326 filius
2039 1257 2217 1343 quondam
2234 1255 2401 1344 iohanni,

555 1412 624 1480 tali
649 1411 788 1499 ordine,
814 1415 855 1479 ut
877 1411 1001 1480 amodo
1025 1415 1061 1479 et
1084 1428 1223 1496 semper
1247 1409 1360 1478 licead
1384 1427 1447 1478 nos
1470 1393 1513 1478 et'
1528 1409 1596 1497 ipsi
1620 1409 1687 1477 fllii
1711 1409 1824 1497 ipsius
1847 1410 2024 1498 iaquinti‚
2049 1413 2084 1478 et
2108 1411 2240 1478 nostris
2263 1413 2300 1477 et
2324 1410 2402 1476 illo-

553 1583 633 1631 rum
657 1564 791 1651 eredes,
817 1563 980 1633 inclitum
1004 1563 1087 1632 illut
1110 1568 1232 1631 nostre
1255 1563 1439 1648 potestatis
1463 1567 1583 1630 tenere
1607 1566 1643 1630 et
1665 1561 1876 1648 dominare,
1901 1566 1936 1630 et
1958 1561 2057 1629 fobee
2081 1567 2116 1629 et
2139 1563 2256 1629 omnis
2280 1565 2400 1630 nostre

554 1717 726 1786 utilitatis
741 1680 845 1788 'iusta
868 1717 1047 1786 rationem
1071 1716 1202 1784 ibidem
1226 1718 1372 1805 facere,
1396 1722 1432 1784 et
1456 1719 1551 1784 omni
1577 1719 1735 1803 tempore
1758 1716 1890 1784 ibidem
1914 1715 2132 1784 resideamus
2155 1720 2191 1784 et
2222 1714 2401 1785 abitemus

553 1889 616 1938 nos
640 1877 676 1940 et
699 1873 830 1940 nostris
853 1873 1031 1960 enodibus,
1057 1875 1093 1940 et
1116 1874 1194 1958 ipsa
1218 1876 1320 1938 curte
1344 1872 1550 1958 modernus,
1575 1876 1611 1939 et
1635 1871 1732 1936 omni
1757 1875 1913 1956 tempore
1937 1870 2075 1938 clusum
2099 1874 2135 1938 et
2159 1869 2298 1938 salbum
2322 1869 2404 1938 illut

550 2024 724 2093 iaciamus
747 2029 783 2093 et
806 2029 990 2112 abeamus
1014 2029 1050 2094 et
1074 2026 1169 2096 alitis
1192 2024 1411 2112 temporibus
1434 2025 1512 2110 ipsa
1536 2027 1637 2090 curte
1662 2023 1705 2090 dc
1729 2041 1836 2108 super
1860 2027 1895 2091 et
1918 2021 1961 2090 de
1984 2025 2107 2089 subter
2123 2022 2326 2114 laboremus
2348 2027 2398 2109 et,

549 2179 610 2244 ubi
635 2178 821 2267 meruerit,
848 2181 938 2248 bites
960 2185 996 2248 et
1022 2183 1167 2248 arbores
1191 2179 1405 2265 plantemus,
1431 2181 1467 2244 et
1489 2177 1540 2245 sic
1565 2196 1624 2246 eos
1647 2181 1763 2246 totum
1786 2178 1829 2245 de
1852 2197 1958 2264 super
1981 2180 2017 2244 et
2042 2178 2085 2245 de
2110 2180 2232 2245 subter
2266 2178 2404 2245 labore-

550 2349 629 2397 mus
651 2337 687 2399 et
709 2333 897 2420 cultemm,
922 2333 1016 2400 sicut
1038 2333 1137 2400 decet
1159 2335 1290 2399 bonum
1314 2333 1501 2399 arbustum
1524 2337 1559 2399 et
1583 2330 1680 2398 locus
1710 2330 1785 2415 ipse
1809 2329 1994 2416 meruerit,
2019 2333 2197 2415 quatenus
2228 2331 2399 2416 proficiad

551 2492 587 2552 et
611 2504 682 2552 non
706 2487 907 2574 disperead;
931 2493 966 2555 ct
990 2485 1197 2556 annualiter
1222 2505 1285 2572 per
1309 2486 1500 2571 bindemie,
1518 2485 1662 2571 quando
1678 2485 1864 2571 meruerit,
1889 2485 2064 2554 faciamus
2080 2485 2172 2553 scire
2188 2503 2273 2571 pars
2290 2486 2404 2572 ipsius

551 2639 855 2726 archiepiscopii,
880 2645 920 2707 ut
944 2638 1075 2708 ibidem
1100 2639 1242 2726 dirigad
1266 2637 1414 2704 missum
1436 2655 1570 2721 suum,
1595 2641 1631 2704 ct
1655 2655 1718 2703 nos
1741 2637 1817 2721 ipso
1841 2637 2056 2722 arbustum,
2093 2638 2187 2705 sicut
2216 2637 2401 2713 meruerit,
2486 2595 2489 2600 Ι

553 2809 617 2875 per
640 2795 796 2878 tempore
819 2792 1089 2878 bindemiemus,
1114 2797 1150 2858 et
1173 2795 1289 2858 totum
1314 2791 1389 2876 ipso
1415 2789 1539 2856 binum
1558 2791 1680 2875 ibique
1698 2789 1744 2857 ad
1756 2789 1976 2876 palmentum
1992 2808 2054 2875 per
2070 2791 2297 2858 medietatem
2321 2790 2403 2858 illut

550 2945 645 3012 inter
670 2964 734 3014 nos
757 2947 972 3015 dibidamus:
998 2948 1146 3014 missum
1172 2945 1286 3031 ipsius
1310 2944 1583 3032 archiepiscopii
1609 2941 1718 3011 tollad
1744 2941 1827 3010 illut
1849 2939 2094 3028 medietatem,
2119 2948 2156 3010 et
2184 2961 2247 3010 nos
2272 2943 2400 3012 medie·

552 3105 677 3186 tatem3
702 3104 762 3186 et,
787 3100 897 3168 donec
920 3119 984 3187 pro
1009 3099 1083 3185 ipse
1107 3097 1283 3166 bindemie
1307 3097 1438 3165 ibidem
1461 3099 1602 3165 steterit
1626 3098 1773 3164 missum
1799 3097 1909 3183 ipsius
1933 3096 2219 3184 archiepiscopii,
2245 3115 2309 3164 nos
2333 3119 2396 3168 au-

552 3258 624 3323 tem
648 3253 750 3322 illum
763 3253 1170 3322 nutriemusseoundum
1193 3258 1353 3320 nostram
1368 3251 1642 3338 possibilitatem
1661 3256 1697 3320 et
1719 3253 1842 3320 demus
1855 3253 1907 3321 eis
1932 3253 2009 3340 ipsa
2021 3253 2294 3342 palmentateca‚
2312 3255 2405 3322 sicut

449 3449 452 3456 ·
550 3406 767 3473 consuetudo
790 3411 856 3493 est;
880 3409 916 3473 et
940 3423 1176 3492 perannum,
1201 3406 1342 3490 quando
1368 3406 1558 3494 meruerit,
1582 3427 1665 3494 pars
1690 3407 1803 3493 ipsius
1819 3405 2091 3492 archiepiscopii
2107 3407 2317 3476 adiubemus
2333 3408 2400 3476 ibi·

551 3561 630 3627 dem
655 3561 701 3630 ad
724 3561 959 3628 conciandum
984 3579 1142 3646 organea
1165 3561 1212 3629 da
1234 3561 1358 3628 binum
1382 3561 1495 3646 ipsius
1519 3559 1808 3647 archiepiscopii,
1824 3565 1862 3628 et
1877 3577 1940 3647 pro
1957 3560 2161 3628 laciendum
2177 3565 2256 3648 ipsa
2272 3567 2400 3634 cercha

554 3718 667 3781 totum
691 3713 779 3782 istut
803 3715 979 3784 faciamus
1002 3720 1037 3784 et
1060 3715 1270 3783 adiubemus
1294 3734 1356 3802 per
1375 3719 1544 3800 tempore,
1561 3711 1666 3782 sicuti
1684 3712 1791 3780 soluti
1808 3711 1942 3779 suimus
1957 3761 2085 3780 .....
2112 3715 2155 3781 de
2179 3717 2255 3802 ipso
2279 3715 2404 3784 binum

552 3866 666 3953 ipsius
690 3868 963 3955 archiepiscopii
986 3868 1083 3934 omni
1108 3872 1294 3954 ternpore,
1319 3868 1461 3954 quando
1485 3870 1671 3955 meruerit,
1693 3915 1814 3934 .....
1840 3869 1953 3954 ipsius
1977 3869 2249 3955 archiepiscopii
2273 3889 2343 3956 que
2365 3891 2405 3940 a·

553 4021 672 4088 buerit
694 4039 756 4107 per
780 4025 894 4089 totum
918 4022 993 4108 ipso
1017 4023 1133 4088 locum
1157 4021 1328 4106 nuceria,
1353 4025 1390 4087 et
1413 4020 1489 4104 ipso
1513 4017 1636 4086 binum
1661 4019 1740 4087 eius
1764 4019 1954 4087 sortionem
1978 4020 2161 4089 mittamus
2187 4021 2226 4088 in
2249 4021 2327 4108 ipsa
2350 4040 2405 4088 or-

556 4191 703 4259 ganea3
729 4177 766 4241 et
789 4173 881 4258 quod
907 4171 1032 4240 amodo
1062 4177 1097 4240 et
1131 4191 1268 4258 semper
1303 4172 1511 4240 annualiter
1535 4173 1575 4238 in
1597 4176 1671 4241 tota
1695 4171 1773 4258 ipsa
1797 4175 1902 4240 rebus
1936 4173 2260 4260 seminaberimuS,
2285 4175 2407 4242 demus

556 4326 689 4394 exinde
713 4325 922 4396 annualiter
945 4328 985 4394 in
1009 4345 1093 4413 pars
1128 4327 1240 4412 ipsius
1263 4327 1537 4413 archiepiscopii
1568 4327 1777 4394 terraticum
1810 4325 2005 4393 secundum
2039 4328 2331 4396 consuetudinem
2365 4329 2407 4397 de

559 4477 636 4564 ipso
660 4478 788 4566 locum;
814 4483 850 4545 et
874 4479 979 4564 quale
1004 4483 1161 4565 tempore
1185 4497 1249 4545 nos
1272 4484 1308 4546 el
1323 4480 1454 4546 nostris
1477 4479 1641 4548 eredibus
1654 4482 1760 4547 rebus
1772 4480 1851 4568 ipsa
1866 4483 1989 4548 tenere
2013 4483 2049 4547 et
2067 4479 2231 4549 laborare
2256 4499 2326 4548 non
2350 4501 2409 4569 po-

557 4631 745 4719 tuerimus,
769 4637 927 4701 autnon
951 4633 1183 4719 boluerimus,
1207 4631 1373 4701 inclitum
1397 4633 1479 4700 illut
1504 4634 1636 4700 bonum
1659 4633 1876 4719 laboratum,
1892 4637 1929 4702 et
1954 4633 2105 4722 salbum,
2129 4638 2165 4702 et
2182 4636 2313 4704 bonum
2336 4636 2410 4704 clu-

559 4803 637 4851 sum
660 4785 885 4854 remittamus
907 4787 952 4854 ad
976 4789 1189 4873 potestatem
1211 4785 1326 4872 ipsius
1350 4786 1649 4874 archiepiscopii,
1673 4789 1710 4854 et
1734 4786 1847 4855 licead
1871 4805 1935 4855 nos
1959 4789 2041 4856 inde
2064 4788 2165 4856 exire
2188 4806 2268 4878 curn
2291 4789 2408 4886 omnis

559 4943 683 5007 nostra
707 4957 828 5025 causa,
852 4941 971 5025 scepto
993 4955 1077 5007 casa
1093 4943 1129 5005 et
1147 4939 1368 5024 palmentum
1391 4943 1427 5007 et
1444 4940 1633 5010 suscitoria
1649 4959 1716 5027 que
1741 4939 1814 5008 illis
1837 4941 1960 5008 diebus
1985 4941 2118 5010 ibidem
2130 4942 2348 5010 abuerimus.
2363 4942 2409 5011 Et

563 5113 626 5180 per
649 5098 741 5163 bona
765 5095 1028 5164 combenientia
1047 5099 1109 5182 p'er
1126 5093 1204 5180 ipsa
1216 5093 1351 5180 guadia
1368 5094 1542 5182 obligabit
1556 5114 1593 5163 se
1611 5096 1686 5182 ipse
1698 5096 1848 5163 domnus
1871 5091 2158 5181 archiepiscopus
2182 5089 2217 5162 et¹
2234 5113 2412 5164 successo·

563 5265 621 5316 res
645 5266 726 5316 suos
749 5253 785 5317 et
807 5269 892 5336 pars
915 5250 1027 5336 ipsius
1052 5249 1325 5335 archiepiscopii
1359 5254 1423 5318 etc.
1458 5251 1607 5318 Stotnto
1641 5253 1774 5320 rnntcto
1801 5251 2062 5336 quinquaqinta
2095 5251 2182 5316 onrt
2215 5247 2414 5316 solidorum

564 5403 805 5472 Constantini.
829 5408 865 5472 et
888 5407 985 5472 hunc
1009 5405 1151 5471 brebem
1175 5402 1301 5489 scripsi
1324 5421 1390 5490 ego
1414 5403 1575 5472 ademari
1600 5406 1761 5472 notarius
1785 5404 1849 5490 qui
1875 5403 2035 5472 intertui.

604 5528 635 5645 †
660 5557 735 5645 Ego
758 5560 884 5628 Petrus
907 5559 1078 5628 diaconus

605 5681 636 5798 †
661 5708 735 5799 Ego
760 5713 867 5782 lando
890 5713 1040 5782 clericus

605 5833 636 5950 †
661 5865 735 5950 Ego
759 5873 880 5951 petrus
903 5868 1080 5953 presbiter
1103 5871 1138 5935 et
1161 5865 1368 5935 cardinalis

1258 6015 1696 6030 *—
