5370 7104
625 433 669 495 a
1267 436 1379 505 osui
1406 417 1461 506 on
1489 436 1769 513 rnurooious

607 711 610 718 .
647 664 725 744 gato
752 653 775 726 il
806 656 917 727 medio
946 680 964 727 e
992 657 1011 726 l’
1030 657 1208 728 annulare.
1238 659 1284 728 Le
1311 657 1475 732 descritte
1504 659 1611 752 ligure
1639 684 1724 733 sono
1749 672 1837 734 tutte
1864 672 1999 756 quottro
2030 667 2150 751 nuile,
2192 668 2288 740 salvo
2328 669 2445 742 obelo

650 812 781 906 rioopre
814 840 858 885 nii
887 824 1016 924 manto,
1046 815 1108 885 elic
1135 815 1167 886 la
1195 815 1335 888 sinistra
1361 818 1513 889 sostiene
1539 841 1601 889 con
1628 817 1683 889 bel
1710 819 1826 913 garbo,
1855 821 1891 894 di
1920 822 1976 892 oui
2004 847 2050 894 un
2070 825 2184 897 lembo
2204 830 2372 922 passando
2391 852 2448 925 per

599 1253 634 1311 et
657 1250 681 1310 E
705 1248 851 1328 quinque
875 1249 988 1328 digitis
1011 1252 1147 1313 ostende
1171 1251 1270 1330 hujus
1293 1268 1434 1329 namque
1457 1265 1509 1310 or·
1544 1267 1657 1328 prona,
1683 1255 1741 1316 sed
1760 1262 1874 1322 erecta
1888 1258 2045 1338 pollicem
2062 1262 2252 1343 cartilagini
2271 1265 2375 1328 medii
2397 1285 2450 1347 pe·

600 1404 690 1466 dinis
713 1404 812 1466 litere
837 1413 932 1467 caute
956 1424 1014 1485 age
1038 1407 1239 1486 significant.
1265 1411 1378 1472 Potest
1400 1414 1434 1470 et
1463 1408 1508 1468 ita
1544 1409 1644 1473 cteris
1668 1411 1838 1478 immittes.
1864 1414 1971 1488 Quum
1993 1415 2078 1479 dieis
2101 1417 2326 1497 Quadraginta
2345 1419 2450 1482 millia

525 1610 531 1619 .
597 1565 702 1629 scribi
719 1565 746 1626 si
764 1584 896 1628 eausam
920 1568 1083 1629 secretior
1106 1568 1227 1646 exigat.
1246 1567 1311 1631 Sed
1326 1569 1409 1632 haec
1435 1585 1508 1646 gre·
1545 1560 1685 1622 eandem
1707 1561 1742 1622 in
1764 1562 1924 1625 umbilico
1947 1571 2094 1626 erectam
2120 1565 2307 1648 supinabis·
2338 1566 2446 1641 Quum

599 1739 714 1783 corum
738 1724 889 1799 computo
913 1717 1022 1780 literis
1045 1737 1110 1798 que
1134 1717 1267 1781 facilius
1291 1717 1373 1780 disci
1407 1717 1506 1780 simul
1543 1725 1627 1788 dicis
1650 1726 1896 1806 Quinquaginta
1918 1727 2036 1802 millia,
2055 1729 2160 1792 iacies
2177 1747 2254 1792 eum
2276 1730 2348 1810 ipsa
2371 1729 2447 1792 dex·

599 1873 698 1947 atque
712 1869 763 1947 agi
775 1873 924 1948 possunt.
939 1869 1001 1943 Qui
1018 1888 1082 1930 non
1095 1874 1132 1929 nt
1144 1869 1239 1930 latini
1256 1870 1370 1951 paucis
1387 1869 1509 1931 isdem·
1545 1885 1626 1953 tera,
1654 1881 1929 1962 quemadmodum
1945 1883 2192 1964 Quinquaginta
2206 1885 2315 1947 millia
2330 1887 2366 1948 in
2382 1830 2454 1948 lae-⁴

599 2047 663 2107 que
689 2027 867 2106 geminatis
890 2047 967 2089 snos
991 2048 1145 2090 numeros
1174 2031 1285 2091 solent
1316 2030 1504 2111 exprimere
1544 2059 1592 2102 va,
1618 2042 1724 2116 Quum
1756 2041 1840 2103 dicis
1873 2049 2031 2106 sexcenta
2063 2044 2194 2118 millia,
2229 2045 2334 2108 facies
2370 2065 2443 2108 cum

599 2187 709 2250 literis
732 2207 847 2250 verum
872 2196 937 2251 toto
960 2189 1125 2278 alphabeti
1143 2193 1194 2253 sui
1210 2199 1380 2255 caractere
1398 2194 1431 2254 in
1449 2213 1508 2255 nu-
1543 2201 1679 2261 dextera
1701 2198 1976 2278 quemadmodum
1998 2200 2177 2279 Sexaginta
2200 2201 2307 2262 millia
2329 2203 2366 2263 in
2383 2201 2448 2264 lae·

600 2367 770 2411 merorum
793 2349 915 2429 figuras
940 2369 1085 2433 expenso
1108 2305 1177 2416 tres
1192 2355 1340 2435 qniplns
1357 2361 1509 2418 suntnu-
1542 2371 1592 2414 va.
1617 2354 1724 2427 Quum
1747 2351 1830 2414 dicis
1854 2355 2067 2434 septuaginta
2090 2355 2218 2428 millia,
2240 2357 2345 2420 iacies
2372 2376 2446 2422 cum

600 2523 709 2566 meros
734 2504 827 2566 nodis
851 2506 993 2584 singulis
1017 2508 1207 2588 depingant.
1234 2507 1386 2569 Eundem
1419 2529 1505 2590 pene
1544 2503 1680 2566 dextera
1711 2502 1991 2584 quemadmodum.
2022 2503 2238 2584 Septuaginta
2271 2504 2381 2566 millia
2413 2506 2445 2567 in

599 2660 732 2722 numeri
757 2659 921 2739 figurandi
944 2680 1042 2741 quem
1066 2660 1238 2724 scribendi
1262 2661 1429 2742 alphabeti
1454 2683 1504 2724 or·
1545 2653 1647 2716 laeva·
1678 2654 1784 2728 Quum
1821 2652 1904 2713 dicis
1940 2651 2138 2728 octingenta
2174 2651 2304 2724 millia»
2340 2653 2445 2716 facies

598 2815 711 2878 dinem
734 2822 914 2895 sequentes
937 2816 998 2878 hoc
1022 2815 1115 2878 modo
1137 2817 1170 2898 't
1195 2818 1232 2888 A,
1258 2835 1269 2878 r
1286 2853 1313 2864 -
1329 2819 1365 2890 Β,
1391 2837 1415 2880 ιι
1431 2819 1506 2892 -Γ,
1544 2830 1618 2873 oum
1642 2811 1713 2891 ipsa
1728 2808 1876 2880 dextera,
1893 2807 2168 2887 quemadmodum
2184 2807 2359 2886 Octoginta
2375 2808 2448 2870 mil·

600 2970 721 3036 iii-h.
736 2969 870 3038 iiii-E,
895 2971 998 3040 v-Z,
1022 2988 1066 3032 vii
1080 2972 1156 3041 -H,
1179 2969 1327 3040 ιιιιι-Θ,
1348 2989 1420 3032 unii
1438 3007 1465 3018 -
1479 2970 1505 3042 1,
1540 2957 1591 3029 lia
1613 2967 1647 3028 iii
1670 2963 1773 3026 laeva.
1798 2964 1904 3038 Quum
1927 2962 2012 3025 dicis
2034 2963 2227 3040 Nonagenta
2242 2961 2373 3038 millia,
2403 2966 2446 3025 la-

1544 3120 1615 3181 cies
1638 3137 1713 3180 cum
1738 3117 1899 3189 dextera,
1930 3115 2206 3196 quemadmodum
2235 3117 2446 3196 Noningenta

1546 3272 1653 3338 millia
1675 3273 1709 3332 in
1731 3271 1835 3332 laeva.
1854 3271 1960 3343 Quum
1976 3269 2060 3333 dicis
2077 3277 2187 3334 autem
2203 3273 2351 3336 Centena
2364 3251 2445 3337 'mil-

639 3379 665 3451 ³)
687 3377 751 3436 vem
773 3379 925 3436 mmmm
940 3378 1004 3436 ΤΗ·
1022 3379 1124 3436 μὴ
1145 3376 1273 3453 mm
1296 3377 1454 3450 mum
1474 3380 1505 3434 ἡ
1546 3425 1592 3486 lia
1611 3425 1687 3502 (hoc
1710 3429 1780 3494 est,
1805 3421 1939 3484 Centies
1962 3427 2108 3494 centum,
2131 3421 2236 3484 Millia
2257 3425 2446 3487 Neotericis

600 3529 719 3601 produce
734 3528 870 3586 oncli'eeso
884 3525 1093 3602 quest'hllabeto
1107 3527 1191 3586 Gracc
1208 3528 1352 3630 delnostro
1374 3528 1474 3588 Codice
1498 3571 1505 3597 ‚
1545 3574 1643 3654 dicta)
1665 3571 1776 3633 ambas
1800 3571 1865 3632 sibi
1888 3587 2017 3644 manus,
2044 3570 2180 3631 insertis
2197 3571 2343 3634 invicem
2366 3571 2448 3650 digi-

598 3680 746 3742 sauciare,
762 3672 1347 3748 chemunranoitreseqnicorrisponilemi
1369 3672 1393 3729 ai
1417 3688 1446 3731 n.
1471 3688 1496 3726 ii
1560 3729 1608 3744 Η
1685 3729 1690 3740 ,
1761 3726 1766 3739 ,
2026 3723 2032 3737 ,
2172 3725 2178 3738 α

1544 3735 1586 3790 tis
1600 3727 1799 3808 implicabis.
1815 3727 1874 3786 Est
1889 3731 1922 3786 et
1937 3725 2075 3785 alterins
2091 3725 2180 3785 modi
2197 3733 2383 3808 computus,
2402 3747 2450 3790 ar·

599 3835 644 3890 xc,
660 3833 798 3877 occcu—
819 3817 891 3876 iles
904 3820 995 3876 lettres
1008 3819 1042 3877 de
1063 3818 1216 3893 l’clphcbet
1239 3835 1302 3892 grec
1324 3825 1458 3893 occupent
1483 3818 1508 3878 li·
1559 3884 1565 3898 ⁶
1663 3885 1669 3898 ι
1985 3878 1991 3890 ,
2116 3879 2123 3892 ⁶
2280 3883 2333 3896 Η

1544 3883 1707 3948 ticulatim
1724 3881 1918 3944 decurrens:
1936 3897 2005 3958 qui,
2023 3897 2180 3958 quoniam
2196 3882 2391 3962 specialiter
2413 3885 2451 3945 ad

603 3964 674 4038 n20,
690 3961 731 4036 t·‚
749 3965 789 4036 6⁰,
806 3965 894 4038 llqnes
913 3964 948 4023 du
970 3967 1035 4023 licut
1054 3965 1088 4022 dc
1110 3966 1133 4022 lo
1154 3980 1234 4040 naqa,
1257 3966 1282 4024 lc
1297 3965 1338 4038 l‘,
1354 3964 1395 4039 δ’,
1421 3966 1462 4037 bl,
1477 3968 1508 4024 u-

1544 4040 1689 4106 Paschae
1707 4037 1869 4099 rationem
1891 4035 2049 4116 pertinet,
2067 4047 2168 4115 quum
2184 4037 2224 4096 ad
2240 4037 2325 4101 hane
2343 4057 2383 4101 ex
2399 4059 2448 4100 or-

604 4127 700 4186 rqnes
712 4111 883 4170 contiennent
897 4111 945 4168 des
959 4108 1068 4168 chiffres
1082 4112 1226 4181 remanes,
1242 4113 1361 4169 donoant
1376 4111 1399 4170 Ιι
1418 4113 1509 4170 vetem

1055 4259 1061 4272 ,
1544 4195 1620 4255 dine
1644 4197 1779 4254 ventum
1802 4189 1917 4262 luerit,
1942 4192 2137 4270 oportunius
2160 4192 2398 4273 explicabitur.

604 4277 619 4320 ι
635 4264 669 4321 de
683 4263 787 4336 chaque
801 4261 877 4318 lettre
892 4275 1008 4335 qrecque
1022 4274 1092 4332 prisc
1107 4262 1351 4333 numeriqoemcnt.
1375 4259 1404 4318 L'
1414 4267 1510 4318 auteur
1724 4269 1727 4274 '

791 4409 796 4422 ⁸
894 4409 899 4422 ,
971 4383 976 4396 ·
1378 4411 1383 4424 ,
1586 4351 1698 4412 Potest
1720 4353 1830 4407 autem
1853 4345 1940 4407 etde
1958 4346 2027 4427 ipso
2044 4349 2448 4428 quempraenotaviccm-

605 4427 619 4468 ii
634 4425 704 4468 nous
717 4415 810 4467 auertit
824 4415 927 4466 ensuite
941 4424 994 4481 que
1009 4409 1048 4467 les
1063 4405 1144 4466 Graes
1158 4415 1203 4465 ont
1218 4425 1315 4467 encore
1336 4417 1400 4467 trois
1422 4417 1509 4466 autres

606 4567 621 4608 r
637 4551 728 4624 signes
744 4550 917 4624 numeriques
930 4549 977 4624 qu'
989 4549 1023 4606 ils
1036 4559 1174 4609 comment
1198 4551 1344 4625 eppslmon
1368 4552 1459 4610 rolant
1481 4553 1508 4620 6,
1546 4511 1623 4585 pum
1636 4502 1798 4584 quaedam
1814 4502 1976 4564 manualis
1988 4500 2121 4582 l⁰qu⁹¹a
2137 4508 2202 4564 tam
2215 4503 2341 4582 ingenii
2357 4523 2450 4566 ‘mr'

608 4699 913 4776 «coniciendum.
937 4737 945 4754 .
970 4739 977 4756 .
999 4738 1008 4757 .
1031 4697 1243 4757 raionttdb.ll
1269 4703 1385 4756 ometce
1406 4698 1510 4757 dernier
1547 4661 1670 4735 cendi’
1695 4679 1792 4740 quam
1815 4659 1885 4720 lu‘fi
1909 4659 2027 4738 agendi
2061 4660 2168 4738 gratia
2199 4662 2359 4741 figurari²
2386 4683 2448 4743 ‘1¹¹³

607 4857 703 4918 rotet,
721 4850 787 4907 ainsi
802 4865 853 4924 que
868 4850 907 4906 les
921 4849 1021 4923 ligures
1035 4847 1069 4905 de
1083 4845 1207 4905 cestrota
1226 4845 1510 4920 siqncsqo'llannon·
1548 4825 1656 4887 literis
1679 4822 1754 4902 <luis
1785 4817 1979 4896 Singillatim
2013 4818 2180 4898 ⁰¹Ps0⁸⁵l⁵
2213 4818 2341 4892 verba,
2366 4839 2450 4900 (1⁰³0

607 5017 622 5060 ι
637 5016 669 5059 00
684 5001 751 5058 dans
765 5015 814 5057 50„
829 5006 909 5068 ,Μ’
926 4999 990 5056 dom
1004 4997 1070 5054 „0101
1085 4998 1108 5054 p
1123 4999 1224 5057 popum
1235 5014 1262 5058 „
1549 4975 1666 5037 iisdem
1680 4973 1806 5074 litteris
1824 4973 2069 5046 contineantur,
2087 4971 2186 5035 alteri
2201 4975 2259 5053 qui
2274 4974 2360 5038 hanc
2373 4995 2451 5056 quo-

643 5147 691 5207 ltcl
709 5155 777 5206 testo
791 5147 1018 5206 dcll'lidiiionedi
1034 5147 1153 5217 Colonia,
1167 5145 1284 5220 Tomol,
1296 5149 1348 5206 col.
1362 5145 1429 5220 lb'l,
1443 5145 1509 5216 ias,
1547 5147 1611 5206 ‘lue
1635 5127 1764 5187 ¹¹0V0slt
1787 5125 1997 5198 industriam,
2022 5126 2155 5187 t³m0l⁸i
2177 5125 2294 5207 1)Γοθυι
2316 5129 2424 5208 P⁰³5l⁰
2442 5175 2449 5199 ι

606 5294 674 5368 itt,
690 5295 757 5369 tto,
774 5315 865 5355 manca
879 5305 974 5371 questo
989 5283 1069 5372 tooqo
1084 5297 1111 5354 iii
1125 5299 1169 5355 coi
1190 5300 1211 5355 si
1236 5297 1306 5371 parto
1331 5299 1374 5356 dei
1398 5302 1473 5374 seqnl
1497 5319 1511 5358 e
1548 5276 1689 5355 legenda
1712 5281 1809 5354 alque
1834 5273 2053 5353 inlellidenda
2068 5275 2248 5348 ⁰⁰¹¹ir³d³b
2265 5275 2318 5338 vel
2335 5295 2452 5338 neces·

604 5444 679 5502 nomi
693 5444 816 5520 oppinnti
831 5441 992 5501 cti'atiabcto
1008 5458 1086 5516 picco
1102 5458 1148 5515 per
1162 5444 1279 5502 indicare
1295 5445 1419 5505 inumeri
1442 5449 1510 5522 theb
1546 5440 1635 5498 saria
1657 5452 1786 5516 quoque
1803 5453 1862 5516 per
1884 5435 1966 5497 haec
1988 5431 2152 5496 occultius
2169 5433 2338 5498 innuendo
2353 5435 2456 5514 signi-

608 5594 708 5666 cebo,
723 5609 765 5651 me
781 5594 850 5654 nella
870 5595 944 5668 qlosa
959 5607 988 5652 se
1002 5609 1036 5650 ne
1049 5593 1178 5664 discoire,
1193 5607 1208 5650 e
1223 5594 1313 5666 questi
1328 5593 1415 5653 ultimi
1439 5599 1510 5670 cepi·
1548 5590 1662 5661 licans,
1686 5586 1738 5649 vel
1762 5587 1933 5668 imperitos
1957 5603 2128 5666 quousque
2152 5585 2247 5666 quasi
2278 5584 2455 5648 divinando

606 5744 653 5798 toti
670 5742 713 5799 ilci
730 5749 796 5800 testo
810 5757 876 5800 sono
891 5743 972 5801 molto
987 5743 1150 5816 torqomeme
1166 5741 1301 5803 illustrati.
1471 5761 1475 5768 ·
1552 5737 1727 5802 deludens.
1746 5738 1845 5817 Cujus
1869 5737 1947 5800 ordo
1971 5738 2040 5800 ludi
2056 5739 2108 5800 vel
2124 5738 2276 5818 loquelae
2293 5737 2371 5802 talis
2393 5746 2455 5802 est:
