5466 7106
610 540 656 614 86
792 597 795 602 .
1247 540 1416 611 COllEll
1460 539 1726 613 CAVENSlS

566 765 615 833 tis
639 764 703 834 deo
728 769 764 834 et
787 764 915 834 salutis
937 767 1056 836 anime
1080 785 1156 835 mee
1180 769 1217 834 et
1240 783 1303 851 pro
1327 782 1448 832 amore
1471 763 1515 832 de
1539 763 1744 851 supradicto
1766 763 1920 832 landone
1942 763 2099 850 genitori
2115 781 2193 832 meo
2209 769 2245 832 et
2259 764 2419 853 riganda

565 919 779 1006 genitricem
803 922 970 990 meamet
985 938 1049 1008 pro
1072 935 1194 990 amore
1217 919 1366 1006 Aldane,
1390 938 1459 1007 que
1474 919 1543 988 luit
1559 937 1649 990 uxor
1664 939 1756 1008 mea,
1774 919 1868 990 etde
1883 937 2024 1008 gemma
2047 937 2116 1007 que
2132 919 2202 988 fuit
2216 923 2416 1010 posteriore

565 1069 732 1140 similiter
747 1089 839 1140 uxor
863 1089 955 1159 mea,
981 1075 1017 1139 et
1039 1070 1204 1139 omnibus
1226 1071 1438 1158 parentibus
1461 1070 1548 1141 meis
1570 1077 1606 1140 et
1628 1071 1713 1140 filiis
1735 1073 1841 1141 offero
1865 1071 1904 1139 iu
1928 1069 2076 1142 ecclesia
2098 1089 2178 1140 mea
2201 1074 2414 1142 vocabulum

565 1225 684 1294 sancti
709 1224 857 1294 martini
882 1195 974 1293 situs
996 1225 1034 1291 in
1059 1223 1292 1293 firmitatibus
1316 1225 1490 1312 nucerie,
1522 1225 1561 1292 in
1592 1243 1661 1311 quo
1690 1224 1864 1294 iohannes
1893 1223 2068 1312 presbiter
2098 1223 2260 1312 regimen
2289 1230 2413 1298 tenere

563 1377 716 1467 videtur,
732 1378 775 1446 de
791 1381 895 1447 rebus
918 1377 998 1448 mea
1022 1397 1096 1446 una
1120 1377 1223 1465 pecia
1246 1376 1291 1445 de
1316 1379 1416 1446 terra
1441 1395 1522 1444 cum
1545 1376 1702 1446 arbustis
1726 1376 1864 1465 vitatiS,
1881 1375 1973 1463 quod
1997 1377 2085 1446 abeo
2100 1376 2140 1446 in
2156 1377 2277 1448 eodem
2301 1378 2420 1448 locum

563 1534 710 1601 nucerie
734 1537 770 1601 et
793 1531 831 1598 in
854 1533 984 1620 locum,
1008 1533 1070 1600 ubi
1094 1529 1228 1599 dicitur
1250 1530 1403 1617 ducano,
1427 1531 1487 1616 qui
1512 1534 1566 1598 est
1588 1549 1651 1617 per
1675 1549 1715 1600 as
1739 1530 1828 1598 fines
1851 1535 1888 1598 et
1911 1548 2109 1600 mensuras.
2136 1534 2167 1602 A
2189 1550 2275 1620 pars
2298 1533 2419 1603 orien-

569 1684 619 1752 tis
641 1685 713 1752 fine
737 1686 779 1754 de
803 1686 1026 1753 consortibus
1050 1684 1152 1770 meis,
1168 1687 1204 1753 et
1228 1684 1312 1752 inde
1335 1685 1418 1752 abet
1440 1682 1670 1762 latitudinem
1692 1685 1790 1771 passi
1813 1685 1944 1772 viginti
1967 1684 2037 1752 duo
2059 1690 2095 1753 et
2119 1703 2191 1753 uno
2213 1685 2357 1774 gubit03
2383 1689 2420 1754 et

566 1857 589 1906 a
607 1838 874 1906 sebtemtrionis
890 1838 962 1904 fine
978 1837 1021 1905 de
1045 1837 1166 1905 eredes
1188 1835 1376 1922 radelpoti,
1402 1839 1487 1903 suut
1509 1833 1593 1902 inde
1616 1851 1679 1921 per
1703 1833 1887 1924 longitudo
1909 1836 2006 1923 passi
2028 1835 2206 1924 triginta:
2232 1841 2268 1905 et
2291 1855 2314 1906 a
2336 1855 2427 1924 pars

567 1988 763 2056 occidentis
798 1989 870 2059 fine
897 1989 958 2058 via
981 1988 1175 2076 pubplico,
1200 2007 1269 2074 que
1291 1986 1393 2056 badit
1416 1987 1461 2055 ad
1484 1991 1649 2056 sanctum
1672 2005 1867 2074 maurum,
1891 1987 1935 2055 ed
1958 1987 2041 2056 inde
2063 1993 2149 2058 sunt
2171 2007 2235 2075 per
2260 1987 2338 2076 ipsa
2361 1990 2422 2060 via

566 2140 661 2228 passi
687 2143 820 2230 viginti
844 2143 1002 2230 quinque
1024 2147 1094 2210 :et
1116 2162 1138 2210 a
1161 2142 1312 2212 meridie
1335 2140 1502 2210 similiter
1526 2141 1597 2210 fine
1621 2141 1664 2209 de
1689 2141 1754 2228 ipsi
1780 2141 2003 2208 consortibus
2026 2143 2145 2229 meis,
2171 2146 2208 2210 et
2232 2141 2315 2212 inde
2338 2147 2429 2213 aunt

566 2297 666 2384 passi
689 2299 843 2386 triginta
867 2317 994 2386 unum,
1018 2301 1130 2366 totum
1155 2297 1200 2364 ad
1224 2297 1316 2364 iusto
1339 2313 1483 2382 passum
1506 2295 1615 2364 omini
1640 2301 1900 2366 mensuratum.
1926 2298 1997 2366 leta
2019 2298 2125 2385 pecia
2149 2297 2192 2366 de
2215 2301 2314 2366 terra
2341 2317 2424 2368 oum

566 2452 726 2520 arbustis
764 2452 888 2520 vitatis
920 2470 984 2539 per
1007 2451 1082 2537 ipse
1104 2449 1272 2518 iamdicte
1295 2449 1378 2516 finis
1401 2453 1437 2518 et
1460 2452 1641 2518 mensurie
1663 2469 1744 2518 cum
1768 2451 1890 2519 omnia
1914 2451 2010 2519 intro
2033 2468 2071 2519 se
2096 2451 2287 2520 abentibus
2310 2452 2427 2520 omni·

571 2605 708 2691 busque
732 2604 806 2672 suis
829 2603 1087 2691 pertinentiis,
1111 2605 1147 2668 et
1170 2617 1251 2668 cum
1273 2601 1350 2668 vice
1373 2599 1416 2667 de
1441 2600 1521 2687 ipsa
1542 2603 1626 2690 via,
1658 2621 1723 2692 ego
1754 2602 1983 2692 supradictus
2016 2603 2119 2673 lando
2141 2621 2206 2690 pro
2229 2604 2357 2672 christi
2389 2608 2425 2672 et

567 2759 814 2828 misericordia
837 2763 872 2827 et
895 2759 1104 2827 salvationis
1126 2756 1245 2827 anime
1269 2775 1345 2825 mee
1368 2761 1404 2824 et
1425 2755 1468 2824 de
1493 2755 1578 2843 ipsis
1602 2756 1734 2825 nostris
1756 2760 1918 2844 patribus
1941 2763 1978 2826 et
2000 2757 2210 2846 parentibus
2233 2760 2269 2825 et
2302 2756 2426 2824 uxori-

568 2915 661 3000 bus,
695 2911 776 2980 illut
807 2911 846 2979 in
870 2911 1042 2980 iamdicta
1066 2910 1216 2979 ecclesia
1239 2908 1358 2978 sancti
1381 2909 1533 2978 martini
1556 2914 1748 2998 nostraque
1771 2913 2012 2998 pertinentem
2035 2911 2113 2996 ipsa
2138 2910 2240 2999 pecie
2262 2911 2423 2998 offerui,

572 3067 626 3136 Ad
651 3065 826 3136 securiter
849 3071 885 3134 et
908 3067 1059 3135 tirmiter
1084 3062 1207 3132 amodo
1230 3067 1266 3130 et
1288 3081 1425 3150 semper
1448 3083 1533 3150 pars
1557 3065 1668 3151 ipsius
1691 3065 1839 3134 ecclesie
1862 3066 2009 3153 eiusque
2032 3069 2187 3134 rectores
2210 3064 2293 3134 illut
2315 3065 2423 3134 aben·

567 3223 672 3310 dum,
696 3220 970 3308 dominandum,
994 3219 1270 3308 possidendum,
1296 3217 1417 3287 omnia
1440 3220 1571 3286 exinde
1595 3219 1797 3288 faciendum
1821 3223 1914 3306 quod
1938 3220 2141 3309 voluerint,
2164 3222 2298 3308 absque
2322 3219 2420 3289 omni

568 3374 825 3442 contrarietate
850 3371 893 3440 de
915 3371 1047 3440 nostris
1069 3371 1154 3440 filiis
1177 3377 1212 3440 et
1235 3370 1384 3439 eredes:
1409 3375 1552 3439 tantum
1576 3388 1648 3437 non
1671 3373 1805 3440 abeant
1827 3376 1999 3458 potestate
2027 3375 2182 3440 rectores
2217 3371 2331 3458 ipsius
2365 3391 2422 3440 ec·

568 3524 687 3610 clesie,
705 3544 770 3593 nec
786 3525 1000 3612 quicumque
1016 3541 1093 3590 omo
1108 3524 1163 3590 vel
1180 3528 1296 3610 parte,
1315 3522 1397 3590 illut
1419 3521 1461 3591 de
1486 3522 1565 3610 ipsa
1588 3521 1739 3591 ecclesia
1761 3524 1967 3591 substraere
1985 3540 2047 3610 per
2063 3522 2322 3611 qualecumque
2346 3543 2418 3592 mo-

568 3677 667 3763 dum,
693 3679 750 3746 Set
773 3695 911 3764 semper
934 3677 1030 3744 omni
1053 3681 1212 3762 tempore
1235 3677 1273 3744 in
1297 3675 1468 3744 iamdicta
1490 3673 1642 3743 ecclesia
1665 3675 1838 3742 securiter
1862 3681 2090 3762 permaneat3
2114 3680 2151 3744 et
2172 3677 2202 3744 si
2220 3677 2417 3765 aliquando

569 3833 729 3916 tempore
752 3831 907 3896 rectores
930 3825 1042 3914 ipsius
1065 3824 1235 3912 ecclesie,
1269 3823 1324 3892 vel
1349 3844 1433 3913 pars
1455 3826 1729 3913 archiepiscopii
1762 3826 1845 3896 illut
1867 3827 1946 3914 ipsa
1968 3829 2071 3916 pecia
2094 3827 2138 3896 de
2162 3828 2242 3915 ipsa
2265 3829 2420 3899 ecclesia

568 3984 774 4050 substraere
798 3981 990 4067 voluerint,
1015 3981 1070 4049 vel
1094 3979 1308 4067 quicumque
1326 3996 1418 4066 omo,
1443 3977 1606 4046 inclitum
1622 3979 1771 4048 redeant
1787 3979 1835 4048 ad
1852 3984 2060 4067 potestatem
2075 3980 2119 4050 de
2135 3981 2225 4050 meis
2240 3983 2418 4052 eredibus.

568 4138 616 4204 lle
638 4155 721 4223 ¹qua
752 4155 820 4224 ego
852 4135 1073 4223 supradictus
1103 4133 1211 4203 lando
1234 4132 1356 4220 obligo
1380 4151 1436 4200 me
1459 4137 1495 4200 et
1518 4133 1606 4200 meis
1629 4131 1721 4200 filios
1744 4137 1780 4201 et
1800 4131 1926 4200 eredes
1949 4133 2074 4202 amodo
2098 4137 2134 4204 et
2156 4153 2295 4223 semper
2319 4138 2419 4206 omni

570 4296 727 4378 tempore
751 4288 998 4360 antistandum
1022 4292 1058 4355 et
1080 4285 1336 4356 defensandum
1358 4285 1397 4353 in
1421 4287 1500 4372 ipsa
1521 4286 1663 4372 prefata
1685 4287 1838 4358 ecclesia
1861 4292 1896 4356 et
1919 4288 1965 4358 ad
1988 4289 2067 4358 eius
2097 4293 2255 4358 rectores
2291 4291 2424 4362 inclita

570 4445 649 4532 ipsa
665 4463 746 4515 mea
761 4443 944 4512 offertione
967 4441 1014 4511 da
1036 4459 1156 4508 omnes
1179 4439 1316 4508 omines
1338 4439 1505 4526 omnique
1528 4441 1703 4526 partibus.
1729 4443 1774 4511 Et
1797 4443 1833 4512 Si
1857 4442 1981 4512 taliter
2007 4443 2088 4512 illut
2111 4443 2242 4515 ibidem
2266 4462 2340 4512 non
2363 4445 2424 4514 de·

566 4599 837 4686 sensaverimus,
861 4598 932 4667 aud
955 4597 983 4666 si
1008 4615 1072 4665 nos
1094 4594 1297 4680 nostrisque
1319 4593 1484 4662 eredibus
1506 4612 1570 4680 per
1595 4594 1858 4684 qualecumque
1881 4596 2061 4666 rationem
2083 4597 2323 4684 quesierimus
2339 4598 2424 4668 illut

566 4753 610 4822 de
644 4755 819 4842 potestate
853 4749 1009 4838 predicte
1044 4747 1192 4816 ecclesie
1221 4745 1346 4814 tollere
1368 4744 1438 4813 aud
1462 4750 1656 4834 contrare,
1682 4746 1737 4814 vel
1761 4746 1791 4814 si
1815 4747 2060 4835 quodcumque
2083 4749 2311 4818 causationes
2334 4749 2422 4818 indo

567 4910 865 4997 proposuerimus,
889 4921 1096 4990 componere
1118 4901 1317 4989 obligamus
1340 4917 1404 4967 nos
1427 4902 1464 4967 et
1485 4900 1617 4968 nostris
1640 4899 1734 4968 illios
1757 4903 1794 4970 et
1816 4900 1937 4969 eredes
1960 4901 2006 4969 ad
2030 4901 2110 4988 ipsa
2132 4920 2218 4989 pars
2250 4903 2417 4989 predicte

569 5063 718 5132 ecclesie
733 5061 828 5130 etad
846 5059 993 5148 eiusque
1017 5061 1184 5142 rectores,
1208 5054 1263 5124 vel
1286 5055 1344 5122 cui
1368 5050 1509 5122 cartula
1531 5051 1602 5121 ista
1624 5070 1689 5139 pro
1713 5051 1789 5121 vice
1813 5051 1926 5138 ipsius
1949 5053 2097 5122 ecclesie
2121 5053 2161 5120 iu
2184 5073 2333 5124 manum
2357 5075 2425 5143 pa·

569 5217 696 5304 ruerit,
709 5214 973 5303 quinquaginta
995 5213 1077 5285 auri
1101 5212 1229 5280 solidos
1252 5207 1511 5294 constantinus,
1527 5210 1564 5274 et
1581 5223 1645 5293 per
1661 5204 1784 5274 invitis
1804 5204 1849 5273 ad
1866 5224 1951 5292 pars
1968 5205 2138 5277 iamdicte
2152 5209 2300 5279 ecclesie
2318 5213 2418 5282 omni

568 5376 725 5459 tempore
748 5368 1004 5457 adimpleamus
1027 5385 1089 5455 per
1112 5363 1319 5434 iamdictam
1335 5359 1524 5430 rationem.
1551 5359 1597 5424 Et
1612 5357 1735 5424 taliter
1758 5355 1914 5426 scribere
1931 5358 2138 5446 rogavimus
2154 5365 2189 5433 te
2207 5365 2332 5449 petrus
2348 5361 2420 5432 cle·

572 5523 671 5593 ricus
694 5527 730 5591 et
752 5519 926 5606 notarius,
950 5523 1029 5588 acto
1052 5517 1134 5584 uius
1157 5513 1317 5582 nucerie.

614 5649 644 5765 †
670 5677 745 5766 Ego
768 5675 941 5744 iohannes
964 5669 1140 5760 presbiter

615 5801 646 5917 †
671 5831 745 5918 Ego
768 5847 850 5896 urso
874 5827 1060 5915 presbiter.
