5466 7106
994 556 1447 630 DlPLOMllTlCUS
2059 559 2106 630 99

293 783 400 871 ginta
415 783 461 854 ad
477 801 600 872 passos
623 785 736 854 iustos
757 789 984 856 mensuratos
1003 785 1049 856 ad
1073 784 1224 856 brachia
1246 785 1404 854 ominum
1427 787 1582 855 ostensa.
1606 781 1705 852 Infra
1727 798 1848 852 omnes
1871 780 2039 853 iamdicto
2060 782 2148 854 finis

292 942 329 1007 et
351 939 533 1009 mensurie
555 941 669 1008 totam
692 943 728 1008 et
751 941 931 1028 integram
955 941 1033 1028 ipsa
1056 937 1158 1027 pecia
1179 938 1223 1006 de
1246 939 1352 1007 rebus
1379 938 1484 1006 nobis
1506 935 1603 1005 dedit
1626 941 1663 1005 et
1684 934 1863 1023 tradidit,
1894 939 1935 1004 ut
1963 935 2088 1006 amodo
2110 941 2148 1007 et

290 1107 402 1178 usque
426 1091 547 1160 decem
570 1092 658 1160 anni
682 1090 836 1179 conpleti
858 1095 978 1162 nostre
1001 1091 1049 1160 sit
1072 1091 1282 1180 potestatis,
1307 1090 1408 1159 etde
1432 1090 1565 1158 nostris
1587 1087 1753 1158 eredibus
1777 1088 1859 1158 illut
1881 1093 2004 1158 tenere
2026 1093 2063 1158 et
2085 1087 2148 1157 do·

287 1243 448 1331 minare,
474 1248 510 1313 et
531 1243 737 1311 nucillitum
760 1244 891 1312 ibidem
914 1243 1122 1332 pastinare,
1154 1249 1194 1313 ut
1224 1265 1247 1314 a
1269 1244 1420 1333 predicti
1444 1245 1566 1315 decem
1589 1243 1678 1314 anni
1700 1243 1855 1332 conpleti
1878 1245 2048 1314 abeamus
2071 1241 2142 1312 ibi·

290 1398 368 1466 dem
394 1397 598 1466 nucillitum
620 1397 843 1486 pastinatum
865 1413 995 1466 vonum
1017 1401 1054 1467 et
1076 1397 1280 1487 cultatum,
1303 1403 1339 1468 et
1361 1397 1559 1468 studietum
1583 1401 1619 1467 et
1640 1397 1806 1486 clusum,
1830 1401 1870 1467 ut
1893 1397 1992 1468 dicat
2012 1399 2144 1467 tertius
2260 1499 2263 1504 Ι

289 1556 326 1620 et
351 1553 503 1638 quartus
517 1567 608 1640 omo,
625 1551 718 1639 quod
741 1568 872 1621 vonum
895 1553 943 1622 sit
967 1551 1042 1639 ipso
1065 1551 1269 1621 nucillitum
1291 1553 1526 1641 pastinatum,
1541 1557 1577 1622 et
1600 1552 1787 1640 cultatum,
1811 1555 1847 1622 et
1871 1552 2082 1642 studiatum,
2107 1559 2143 1624 et

290 1703 452 1790 chsum3
479 1705 599 1791 fruges
622 1707 719 1790 bero,
743 1704 837 1792 quod
858 1705 1023 1775 dominus
1045 1705 1176 1777 exinde
1199 1707 1337 1778 dederit
1361 1726 1473 1795 usque
1496 1709 1536 1777 in
1559 1706 1635 1794 ipso
1659 1705 1873 1794 constituto,
1897 1709 1973 1774 tam
1995 1706 2039 1774 de
2062 1707 2145 1774 sub·

287 1864 348 1926 tus
370 1877 478 1944 quarn
496 1861 538 1926 et
560 1859 604 1929 de
628 1877 748 1948 super,
772 1863 894 1930 nostre
916 1859 964 1930 sit
984 1861 1184 1949 potestatis
1200 1861 1403 1931 laciendum
1425 1859 1558 1930 exinde
1574 1857 1696 1927 omnia
1712 1857 1805 1945 quod
1820 1858 2049 1948 voluerimus,
2067 1859 2146 1930 sino

291 2011 612 2082 contradictionem
642 2013 721 2081 eius
744 2016 780 2082 et
802 2012 845 2082 de
868 2013 1131 2084 successoribus
1153 2015 1231 2083 eius
1253 2019 1289 2084 et
1311 2017 1451 2103 partem
1473 2011 1530 2082 sui
1554 2011 1762 2081 monasterii
1794 2010 1918 2100 aliqua
1940 2013 2145 2100 requisitio-

293 2185 386 2235 nem:
405 2164 605 2254 apredicto
620 2169 811 2238 constituto
826 2167 1027 2256 conpletum
1049 2173 1163 2238 totum
1174 2171 1291 2260 ipsum
1307 2169 1512 2239 nucillitum
1537 2170 1634 2240 inlra
1658 2169 1862 2258 supradicte
1885 2169 1968 2237 finis
1990 2175 2026 2240 et
2041 2187 2148 2240 men·

289 2320 387 2389 surie
412 2325 500 2410 aput
523 2339 605 2394 eum
628 2325 664 2391 et
687 2323 947 2392 successoribus
969 2325 1048 2392 eius
1070 2329 1106 2394 et
1128 2329 1267 2413 partem
1291 2325 1348 2394 eui
1372 2323 1583 2394 monasterii
1607 2323 1837 2393 remittamus
1862 2323 2059 2394 trasactibo
2082 2342 2148 2393 no·

287 2474 400 2562 mine,
425 2475 601 2546 abendum
624 2479 660 2544 et
683 2475 884 2546 faciendum
907 2480 1028 2548 omnia
1050 2479 1143 2566 quod
1167 2478 1348 2565 voluerit3
1372 2483 1535 2568 tantum,
1564 2477 1596 2547 si
1620 2483 1762 2566 partem
1785 2477 1942 2548 eiusdem
1965 2483 2145 2548 monaste·

288 2626 336 2695 rii
359 2626 511 2696 voluerit
534 2628 636 2696 illum
658 2628 838 2718 colligere,
862 2630 969 2701 liceat
991 2631 1093 2699 illum
1116 2630 1296 2718 colligere,
1320 2637 1356 2702 et
1378 2631 1408 2699 si
1432 2631 1536 2701 illurn
1558 2632 1729 2702 daturum
1743 2633 1887 2702 abuerit
1902 2632 1949 2702 ad
1964 2631 2140 2721 colligen-

270 2741 392 2868 dum,
416 2780 507 2850 nulli
531 2781 709 2851 ominibus
731 2782 831 2851 illum
855 2783 942 2853 dare
965 2782 1093 2854 debeat
1117 2783 1163 2853 ad
1185 2782 1452 2872 colligendum
1477 2788 1533 2853 set
1555 2786 1651 2853 omni
1679 2787 1834 2873 tempore
1857 2802 1922 2853 nos
1945 2790 1981 2855 et
2005 2787 2144 2856 nostris

288 2933 450 3004 eredibus
472 2934 663 3006 debeamus
686 2936 788 3006 illum
810 2941 932 3008 tenere
955 2943 991 3008 et
1012 2938 1210 3026 dominare,
1231 2941 1269 3008 et
1291 2938 1366 3027 ipse
1389 2939 1527 3009 nucelle
1551 2941 1650 3011 salbe
1672 2940 1804 3028 lacere,
1828 2944 1864 3008 et
1888 2938 2072 3029 colligere,
2096 2943 2135 3009 et

288 3087 454 3173 sickare,
481 3093 518 3158 et
545 3091 678 3160 siccate
706 3090 767 3159 ille
797 3091 892 3158 inter
923 3108 989 3159 nos
1015 3089 1216 3161 diuidamus
1243 3093 1438 3162 secundum
1466 3091 1683 3161 consuetudo
1705 3092 1748 3160 de
1772 3091 1844 3161 ista
1866 3096 1965 3162 terra
1988 3097 2068 3180 est3
2100 3098 2139 3164 et
2173 3075 2175 3080 ¹

287 3241 412 3312 amodo
433 3247 469 3312 et
492 3261 603 3330 usque
618 3243 786 3314 iamdicto
802 3245 993 3314 constituto
1008 3245 1209 3334 conpletum
1231 3244 1314 3314 illut
1335 3247 1437 3314 nobis
1461 3263 1534 3314 non
1558 3246 1699 3334 tollere,
1723 3264 1841 3334 neque
1864 3249 2070 3335 contraret,
2092 3251 2132 3317 et

284 3395 380 3464 iusta
402 3394 516 3483 legem
539 3395 642 3465 illum
664 3397 766 3466 nobis
786 3397 835 3466 da
857 3415 998 3466 omnem
1020 3397 1174 3468 ominem
1195 3398 1381 3469 defensare
1404 3404 1439 3469 et
1455 3399 1594 3468 nullam
1609 3399 1758 3468 sortium
1774 3397 1878 3466 nobis
1896 3397 2030 3469 ibidem
2056 3415 2129 3468 non

283 3550 414 3620 faciam
436 3569 502 3620 nec
526 3552 625 3639 ipse,
649 3569 715 3621 nec
737 3551 1003 3622 subcessoribus
1025 3555 1125 3640 suis,
1149 3570 1214 3622 neo
1237 3553 1348 3622 omini
1371 3551 1452 3641 sui,
1484 3570 1551 3622 neo
1581 3555 1719 3640 partem
1742 3551 1798 3620 sui
1823 3551 2044 3622 monasterii.
2078 3555 2126 3622 De

285 3703 409 3774 taliter
431 3705 533 3773 nobis
555 3705 801 3794 complendum
824 3709 957 3797 omnia,
973 3709 1067 3776 sicut
1081 3705 1244 3795 superius
1259 3705 1406 3794 legitur,
1423 3723 1515 3775 vona
1530 3723 1597 3774 sua
1613 3704 1844 3774 volumtatem
1866 3704 1999 3792 guadia
2023 3707 2127 3774 nobis

284 3856 381 3928 dedit
402 3863 439 3928 et
462 3859 693 3930 mediatorem
715 3862 817 3930 nobis
838 3863 958 3950 posuit
980 3859 1224 3930 machenollus
1247 3859 1346 3928 filius
1370 3857 1515 3928 cuidam
1540 3856 1685 3947 rigandi
1710 3874 1751 3925 oc
1773 3859 1917 3945 tinore,
1953 3861 1993 3925 ut
2014 3855 2044 3924 si
2070 3859 2138 3926 ech

284 4011 422 4102 omnia,
447 4015 541 4082 sicut
564 4015 729 4102 superius
752 4015 898 4103 legitur,
924 4017 999 4101 ipse
1020 4018 1057 4084 et
1079 4013 1341 4085 successoribus
1363 4020 1400 4086 et
1421 4019 1560 4105 partem
1583 4013 1640 4081 sui
1664 4011 1873 4081 monasterii
1897 4011 1999 4080 nobis
2023 4017 2059 4083 et
2088 4011 2134 4083 ad

285 4167 418 4237 nostris
442 4169 607 4238 eredibus
629 4188 702 4239 non
725 4170 996 4260 adimpleberit,
1019 4171 1151 4259 viginti
1175 4171 1279 4240 solidi
1306 4171 1409 4240 aurei
1437 4168 1662 4239 constantini
1684 4167 1789 4235 nobis
1812 4183 2026 4255 componere
2049 4168 2139 4235 obli·

283 4323 414 4410 gabit3
438 4326 686 4392 verumtamen
708 4324 755 4392 da
778 4327 911 4410 septem
934 4323 1022 4392 anni
1045 4342 1157 4412 usque
1180 4324 1226 4394 ad
1248 4323 1316 4413 ipsi
1340 4323 1460 4393 decem
1483 4323 1572 4392 anni
1597 4321 1751 4408 conpleti
1773 4321 1817 4389 de
1833 4323 1967 4408 quante
1990 4319 2136 4392 nucelle

284 4476 418 4546 exinde
442 4475 707 4567 collisserimus,
731 4479 856 4548 damus
879 4476 1011 4546 exindo
1034 4496 1169 4568 eorum,
1193 4480 1286 4548 sicut
1309 4477 1522 4548 consuetudo
1544 4480 1640 4547 terre
1664 4476 1776 4564 ipsius
1799 4479 1864 4546 est.
1892 4475 1968 4564 Ego
1991 4471 2138 4544 Guallus

283 4633 626 4704 archisubdiaconus
650 4639 686 4704 et
708 4635 872 4707 notarius
895 4653 936 4703 oc
959 4635 1067 4703 brebe
1089 4634 1233 4722 scripsit
1253 4637 1290 4703 et
1304 4632 1472 4702 interluit
1489 4633 1528 4701 in
1551 4631 1709 4702 abelliuo
1734 4627 1905 4700 feliciter.

330 4760 362 4876 †
386 4789 462 4878 Ego
485 4791 548 4878 qui
572 4809 681 4880 supra
704 4792 923 4862 berenardus

330 4915 361 5032 †
387 4945 463 5034 Ego
486 4945 662 5016 iohannes
685 4948 861 5036 presbiter
885 4950 921 5016 et
944 4949 1138 5018 monachus

329 5071 361 5188 †
385 5099 451 5187 ego
476 5102 686 5170 imetancus.
