5422 7102
1257 471 1436 544 coust
1477 472 1736 546 ultfuusls

1310 909 1683 990 DCCCXXIII.

1357 1171 1411 1246 A,
1441 1170 1490 1246 D.
1520 1168 1648 1248 1030.

623 1408 660 1548 †
685 1459 723 1527 ln
745 1457 890 1526 nomine
912 1459 1047 1528 domini
1071 1460 1277 1528 duodecimo
1300 1478 1395 1529 anno
1419 1461 1645 1548 principatus
1674 1462 1796 1530 domni
1819 1462 1932 1529 nostri
1956 1458 2137 1548 guaimari
2161 1457 2307 1546 gloriosi
2331 1457 2432 1546 prin-

574 1613 666 1698 cipis
688 1611 755 1694 lilii
780 1612 900 1680 domni
924 1613 1119 1700 guaimari,
1136 1632 1256 1682 mense
1273 1613 1489 1700 1611661166,
1513 1612 1762 1682 tertiadecima
1787 1611 1995 1680 indictione.
2021 1611 2311 1681 Memoratorium
2334 1612 2432 1680 lactu

573 1785 596 1832 a
621 1765 722 1832 nobis
746 1764 800 1833 lec
823 1769 858 1834 et
883 1766 1057 1834 iohannes
1081 1765 1294 1853 atrianensi,
1320 1764 1383 1853 qui
1406 1783 1528 1833 sumus
1551 1765 1712 1853 germani
1737 1765 1805 1833 filii
1830 1764 1904 1833 ursi
1930 1765 1973 1833 de
1999 1764 2136 1852 lupius,
2164 1782 2205 1832 eo
2229 1765 2322 1850 quod
2346 1769 2431 1834 ante

575 1915 768 2002 subscripti
792 1883 1456 2002 16616611611666661616116611661
1480 1918 1674 1986 tenendum
1700 1923 1736 1986 et
1759 1917 1996 1987 laborandum
2031 1915 2246 1985 tradidimus
2283 1916 2427 1986 marino

574 2066 648 2135 lilio
672 2069 834 2156 iohanni,
859 2070 922 2156 qui
946 2069 1078 2138 dicitur
1101 2071 1143 2138 de
1166 2071 1384 2158 rudipertuS,
1411 2072 1510 2139 terra
1532 2074 1657 2139 nostra
1681 2089 1760 2137 cum
1787 2071 1893 2138 binea
1916 2074 1952 2137 et
1975 2069 2209 2138 cannnietum
2226 2069 2319 2156 quod
2342 2072 2426 2138 616-

574 2239 653 2287 mus
676 2221 716 2288 in
739 2211 853 2290 locum
876 2223 1002 2310 161611,
1026 2225 1062 2290 61
1077 2227 1130 2291 661
1145 2242 1208 2310 per
1224 2243 1263 2292 ec
1280 2224 1362 2290 finis
1378 2227 1413 2292 et
1430 2223 1620 2291 mensurie:
1640 2225 1687 2291 ab
1703 2225 1840 2292 oriente
1864 2225 1935 2290 fine
1959 2223 2019 2291 bia
2042 2221 2188 2308 plubica
2211 2241 2280 2309 que
2304 2223 2427 2310 pergit

573 2372 620 2442 61
643 2391 775 2461 mare,
799 2379 882 2443 sunt
906 2374 988 2442 inde
1012 2375 1108 2462 passi
1130 2367 1377 2462 quadraginta
1399 2375 1481 2441 duo:
1507 2375 1582 2444 alia
1604 2376 1749 2462 quidem
1772 2379 1875 2463 parte
1901 2373 1973 2441 fine
1996 2374 2056 2441 116
2080 2373 2141 2459 qui
2172 2372 2354 2442 descendit
2380 2375 2425 2444 ad

572 2526 704 2596 flumen
727 2527 770 2595 de
794 2527 922 2616 beteri,
946 2532 1031 2596 sunt
1054 2530 1136 2597 inde
1159 2529 1253 2615 passi
1279 2529 1468 2616 sexaginta
1491 2527 1571 2612 due,
1596 2529 1632 2594 et
1658 2526 1861 2595 rebolbente
1885 2529 1924 2595 in
1948 2530 2050 2613 parte
2074 2526 2340 2612 septemtrionis
2358 2545 2423 2614 per

574 2679 645 2748 ilne
668 2684 790 2748 nostra
820 2681 923 2749 etde
948 2685 1126 2750 consortes
1150 2683 1302 2766 nostros,
1328 2678 1410 2746 inde
1434 2679 1529 2766 passi
1554 2677 1711 2764 triginta
1734 2695 1843 2763 usque
1880 2678 1960 2764 ripa
1986 2677 2029 2745 de
2052 2677 2253 2762 predictum
2276 2677 2425 2746 fiumen:

575 2854 598 2902 a
622 2839 725 2920 parte
748 2836 943 2904 occidentis
967 2837 1037 2904 line
1060 2841 1212 2923 nostra,
1240 2839 1323 2902 sunt
1346 2833 1430 2902 inde
1453 2836 1589 2900 rectum
1614 2831 1811 2900 mensurati
1834 2829 1927 2917 passi
1962 2831 2253 2918 quinquaginta:
2283 2851 2331 2904 ex
2355 2833 2429 2902 6116

575 2987 717 3071 quidem
740 3007 824 3075 pars
848 2992 984 3055 rectum
1007 2987 1204 3056 mensurati
1231 2987 1277 3054 da
1300 2987 1380 3074 ripa
1410 2987 1453 3054 de
1477 2986 1551 3072 ipso
1574 2985 1681 3052 dubio
1704 3003 1815 3072 usque
1840 2986 1918 3070 ipsa
1940 2943 2059 3070 priore
2095 2985 2155 3052 bia
2191 2984 2284 3071 passi
2321 3003 2428 3055 sexa·

574 3141 678 3226 ginta
702 3146 791 3228 octe,
816 3146 929 3210 totum
952 3144 1197 3209 mensuratum
1221 3140 1266 3210 ad
1290 3140 1380 3206 iusto
1403 3156 1547 3224 passum
1570 3138 1740 3205 ominum.
1758 3138 1806 3204 Ec
1830 3140 1914 3204 bero
1940 3141 2039 3206 terra
2062 3157 2143 3204 cum
2160 3139 2267 3206 binea
2294 3143 2432 3208 616611-

576 3294 711 3361 nietum
736 3313 799 3380 per
821 3294 1024 3379 supradicte
1048 3293 1228 3360 mensurio
1251 3311 1314 3360 nos
1337 3292 1503 3379 germani
1527 3291 1608 3360 illut
1631 3293 1744 3378 ipsius
1767 3291 1898 3360 marini
1923 3291 1968 3360 ad
1991 3292 2185 3359 tenendum
2208 3293 2431 3366 6116161611-

578 3445 663 3512 dum
686 3444 899 3514 tradidimus
923 3445 961 3511 in
985 3445 1049 3514 tali
1075 3444 1213 3534 ordine,
1238 3450 1279 3513 ut
1303 3445 1427 3515 amodo
1450 3448 1487 3514 61
1512 3446 1608 3512 omni
1631 3449 1789 3532 tempore
1812 3445 1859 3515 ad
1882 3463 1947 3513 sua
1972 3449 2008 3513 et
2027 3446 2069 3513 de
2085 3447 2159 3514 suis
2172 3447 2337 3514 eredibus
2354 3447 2430 3516 sint

579 3599 763 3685 potestatis
786 3601 865 3686 ipsa
889 3603 993 3666 rebus
1019 3599 1161 3668 tenendi
1184 3603 1220 3666 61
1242 3597 1475 3687 dominandi,
1508 3606 1545 3669 et
1571 3601 1669 3667 sebee
1692 3604 1728 3669 et
1751 3601 1867 3667 omnis
1891 3598 2035 3666 illorum
2061 3599 2228 3669 utilitatis
2254 3601 2350 3669 iusta
2374 3622 2432 3672 16-

577 3754 674 3822 tione
696 3753 828 3821 ibidem
851 3754 980 3839 iacere,
1004 3757 1040 3820 et
1063 3753 1280 3840 temporibus
1304 3755 1379 3821 suis
1403 3755 1481 3840 ipsa
1505 3752 1612 3821 binea
1634 3751 1816 3840 scalciare,
1849 3757 2114 3842 propaginare,
2140 3760 2292 3842 potare,
2317 3761 2353 3824 et
2376 3755 2433 3823 in-

578 3905 703 3994 palare
726 3907 833 3992 bona,
857 3909 892 3972 et
915 3905 1074 3994 legnare,
1098 3910 1134 3973 et
1156 3924 1334 3992 zappare,
1358 3910 1394 3973 et
1417 3905 1468 3972 sic
1492 3906 1590 3975 illam
1613 3925 1676 3993 per
1700 3906 1815 3974 omnis
1838 3926 1974 3976 annum
1998 3909 2040 3976 de
2065 3926 2172 3994 super
2188 3908 2282 3976 etde
2305 3913 2430 3996 supter

578 4061 744 4128 laborare
768 4061 804 4128 et
828 4057 975 4146 cultare,
1001 4063 1040 4126 ut
1063 4058 1251 4144 proficiant
1274 4061 1310 4125 61
1335 4076 1406 4125 non
1429 4059 1648 4147 dispereant,
1672 4065 1708 4129 et
1730 4079 1793 4148 per
1816 4063 1931 4130 omnis
1955 4079 2091 4130 annum
2115 4062 2250 4149 paread
2266 4066 2359 4134 bona
2376 4063 2431 4133 la-

580 4214 718 4300 borata,
743 4217 779 4281 61
802 4211 933 4278 ibidem
955 4211 1112 4281 residere
1135 4217 1170 4280 et
1192 4211 1406 4302 abitare-et
1430 4213 1491 4280 ubi
1515 4213 1703 4302 meruerit,
1720 4215 1825 4282 rebus
1845 4215 1924 4300 ipsa
1939 4213 2095 4302 cludere,
2115 4219 2150 4282 et
2166 4215 2302 4285 clusam
2326 4215 2433 4285 illam

579 4367 689 4434 abere
712 4368 747 4434 et
770 4364 908 4433 salbam
932 4363 1030 4434 illam
1054 4366 1184 4452 iacere,
1208 4365 1301 4433 sicut
1324 4364 1509 4450 meruerit;
1534 4365 1570 4430 61
1593 4382 1657 4450 per
1682 4363 1796 4432 omnis
1819 4382 1957 4434 annum
1993 4384 2056 4453 per
2092 4365 2269 4435 bindemie
2293 4364 2434 4437 iaciant

576 4519 674 4588 scire
698 4535 761 4584 nos
784 4521 821 4585 et
844 4518 975 4586 nostris
998 4516 1176 4605 61611116,
1200 4522 1240 4585 ut
1263 4515 1393 4584 ibidem
1416 4515 1615 4601 dirigamus
1638 4495 1785 4586 missurn
1809 4523 1986 4607 nostrum,
2003 4525 2038 4588 et
2062 4519 2121 4588 ille
2145 4524 2181 4588 et
2204 4523 2281 4589 eius
2304 4520 2431 4590 eredes

515 4643 517 4650 Ι
583 4676 657 4743 1616
679 4673 793 4760 ipsam
816 4670 923 4739 binea
947 4669 1177 4757 bindemiare,
1203 4672 1238 4737 et
1261 4671 1377 4738 omnis
1399 4671 1525 4737 binum
1549 4671 1670 4758 ibique
1694 4671 1740 4741 ad
1754 4673 1976 4759 palmentum
1994 4673 2090 4740 inter
2108 4691 2172 4740 nos
2188 4674 2346 4743 dibidere
2362 4693 2428 4761 per

580 4824 822 4894 medietatem:
849 4841 913 4891 nos
935 4819 1102 4892 tollamus
1125 4822 1207 4892 illut
1230 4823 1467 4913 medietatem,
1492 4828 1529 4893 et
1544 4824 1617 4892 illis
1633 4825 1870 4896 medietatem.
1891 4827 1984 4895 unde
2003 4827 2042 4894 in
2058 4846 2099 4895 eo
2117 4827 2242 4895 ordine
2258 4847 2322 4916 per
2339 4831 2434 4898 bona

578 4978 840 5048 combenientia
863 4977 998 5067 guadia
1022 4979 1123 5045 nobis
1148 4977 1222 5064 ipse
1247 4981 1385 5050 marino
1421 4978 1501 5050 dedi
1537 4984 1574 5047 61
1612 4979 1846 5049 mediatorem
1876 4981 1979 5048 nobis
2007 4982 2126 5068 posuit
2162 4999 2200 5048 se
2225 4982 2365 5068 ipsum,
2393 4991 2433 5052 et

579 5153 641 5222 per
663 5135 742 5222 ipsa
765 5133 900 5222 guadia
923 5138 986 5203 etc.
1021 5134 1170 5201 Slatuto
1192 5135 1327 5202 mulcta
1349 5136 1480 5220 uiginti
1494 5137 1581 5201 auri
1598 5135 1793 5202 solidorum
1817 5135 2063 5204 Constantini.
2091 5139 2342 5205 verumtamen
2358 5156 2436 5206 me-

576 5305 757 5357 moramus
780 5291 816 5356 et
839 5286 915 5374 ipso
937 5285 1159 5372 cannietum,
1184 5285 1246 5371 qui
1270 5286 1385 5353 estin
1408 5285 1486 5372 ipsa
1510 5287 1708 5374 mensuria,
1739 5287 1864 5355 diebus
1897 5289 1969 5358 bite
1993 5288 2107 5375 ipsius
2133 5290 2207 5357 ursi
2232 5289 2434 5376 genitorem

575 5445 736 5510 nostrum
759 5440 958 5510 retinerent
982 5438 1084 5506 illum
1107 5438 1153 5507 ad
1176 5456 1277 5507 suam
1300 5441 1513 5525 potestatem
1536 5445 1572 5508 et
1595 5446 1674 5528 post
1697 5442 1833 5510 obitum
1864 5443 1944 5510 eius
1968 5441 2183 5530 perbeniant
2207 5443 2246 5510 in
2272 5445 2436 5511 nostram

577 5599 787 5683 potestatem
810 5597 850 5664 in
873 5613 914 5664 6ο
929 5593 1094 5682 hordine,
1119 5597 1159 5661 ut
1182 5611 1245 5678 per
1269 5591 1383 5660 omnis
1399 5611 1536 5662 annum
1553 5593 1684 5664 tollatis
1701 5594 1797 5683 inde,
1815 5599 1858 5663 ut
1872 5594 2054 5664 sufficiant
2073 5594 2264 5684 legandum
2282 5596 2328 5666 ad
2352 5595 2435 5684 ipsa

577 5744 696 5836 binea,
720 5751 756 5817 et
778 5765 842 5816 nos
865 5746 1031 5816 similiter
1056 5745 1138 5814 inde
1161 5743 1343 5832 tollamus,
1359 5748 1400 5813 ut
1416 5745 1601 5815 sufficiant
1625 5747 1817 5834 legandum
1844 5747 1889 5817 61
1914 5750 1989 5836 ipse
2013 5750 2117 5819 binee
2142 5753 2262 5819 nostre
2289 5745 2328 5816 in
2354 5745 2437 5835 ipso
