5422 7102
1029 553 1432 628 DlPLOMATlCUS
2031 559 2100 634 203

297 785 436 873 mundi,
459 789 495 853 et
517 785 704 869 iohannes,
722 787 759 866 et
775 786 867 868 poto,
885 785 920 850 et
935 780 1134 868 pandolfus,
1150 783 1313 868 germani
1339 783 1404 852 filii
1431 784 1608 870 quondam
1625 783 1772 871 maioni,
1790 788 1825 852 et
1841 787 1926 852 sunt
1939 784 2142 872 comitibus,

297 942 440 1024 propter
464 936 556 1024 quod
580 934 649 1023 ipsi
673 936 801 1004 iratres
825 933 1014 1002 comitibus
1036 937 1135 1002 tenet
1158 933 1402 1003 commitatum
1424 934 1587 1013 camella,
1614 938 1649 1004 et
1672 934 1807 1004 ancilla
1829 934 1903 1023 dei,
1939 939 1976 1004 et
1997 935 2143 1022 palasea

307 1089 512 1161 lucanicnse
535 1089 666 1156 finibus
689 1110 710 1158 a
733 1091 835 1176 parte
858 1085 1054 1174 supradicti
1077 1085 1196 1153 domni
1221 1087 1346 1160 eximii
1369 1088 1572 1175 principis3
1597 1088 1690 1157 unde
1724 1089 1825 1157 modo
1855 1089 1923 1178 ipsi
1947 1090 2136 1160 comitibus

301 1261 365 1331 pro
391 1243 545 1311 iussione
568 1241 809 1330 suprascripte
831 1240 982 1328 gloriose
1006 1240 1187 1328 potestatis
1211 1243 1426 1309 remiserunt
1449 1241 1536 1308 mihi
1559 1242 1614 1310 vel
1638 1241 1677 1308 in
1700 1260 1784 1328 pars
1800 1241 1912 1330 ipsius
1928 1244 2136 1312 monasterii

306 1418 379 1468 una
402 1400 504 1484 pecia
527 1397 570 1466 de
593 1401 692 1466 terra
714 1415 783 1483 que
805 1399 859 1464 est
883 1393 977 1464 inter
1000 1392 1132 1462 batolla
1154 1395 1189 1461 et
1212 1391 1290 1478 ipsa
1312 1391 1474 1480 camella,
1498 1397 1533 1460 et
1555 1395 1608 1460 est
1632 1411 1695 1479 per
1711 1411 1751 1461 as
1767 1393 1855 1461 lines
1878 1396 1914 1462 et
1937 1412 2136 1462 mensuras:

304 1575 324 1620 a
349 1556 449 1637 parte
473 1551 737 1636 septemtrionis
759 1567 822 1636 per
846 1547 987 1617 ballone
1010 1547 1073 1633 qui
1097 1550 1149 1614 est
1173 1546 1210 1612 in
1234 1548 1335 1632 parte
1358 1543 1400 1611 de
1424 1545 1500 1630 ipsa
1523 1543 1671 1629 batolla,
1695 1549 1749 1612 est
1771 1541 1856 1613 inde
1880 1547 1976 1632 passi
2000 1555 2147 1615 centum

306 1702 560 1790 quadraginta:
587 1706 736 1789 aparte
760 1701 908 1770 meridie
931 1699 1001 1768 fine
1025 1698 1096 1767 alio
1120 1697 1256 1767 ballone
1279 1697 1341 1782 qui
1365 1701 1417 1762 est
1441 1697 1478 1763 in
1502 1701 1605 1782 parte
1629 1697 1672 1764 de
1695 1695 1772 1784 ipsa
1795 1699 1959 1784 camella,
1983 1703 2037 1768 est
2061 1699 2144 1769 inde

302 1852 398 1937 passi
424 1851 640 1940 nonaginta,
664 1859 699 1921 et
720 1872 783 1940 per
807 1855 1008 1922 trabersum
1031 1850 1133 1936 quasi
1158 1851 1196 1917 in
1221 1851 1322 1934 parte
1338 1846 1486 1914 orientis
1509 1849 1563 1914 est
1579 1847 1662 1915 inde
1676 1849 1771 1933 passi
1790 1848 2013 1936 octuaginta,
2030 1855 2145 1918 toturn

279 2009 547 2076 .roensuratum
572 2006 618 2075 ad
641 2007 735 2074 iusto
759 2022 901 2091 passum
924 2002 1065 2070 ominis.
1091 2005 1139 2070 Ec
1163 2003 1284 2088 itaque
1307 2002 1409 2087 pecia
1432 2021 1494 2088 per
1512 2002 1698 2072 iamdictas
1715 2004 1804 2072 fines
1820 2009 1856 2074 et
1872 2023 2059 2073 mensuras
2076 2007 2145 2092 ipsi

302 2157 496 2225 comitibus
519 2157 609 2224 milri
635 2157 848 2224 remiserunt
871 2157 906 2222 et
929 2153 1156 2223 tradiderunt
1177 2155 1242 2224 tali
1266 2155 1403 2242 ordine,
1426 2159 1466 2222 ut
1488 2173 1554 2242 ego
1570 2155 1626 2222 vel
1641 2174 1859 2225 successores
1875 2177 1969 2225 meos
1983 2159 2036 2226 vel
2053 2179 2138 2246 pars

303 2310 413 2396 ipsius
435 2311 640 2378 monasterii
667 2313 876 2395 potestatem
908 2310 1076 2376 abeamus
1099 2306 1142 2374 de
1165 2309 1260 2376 ambi
1286 2307 1354 2394 ipsi
1379 2309 1512 2378 balloni
1537 2329 1632 2396 aqua
1655 2310 1775 2378 lebare
1798 2315 1834 2378 et
1859 2312 1897 2378 in
1921 2315 2018 2400 ipsas
2041 2315 2142 2400 pecia

308 2461 477 2528 molinum
502 2461 679 2546 edificare,
705 2459 860 2546 qualiter
884 2459 974 2527 mibi
998 2457 1051 2525 vel
1076 2475 1292 2526 successores
1316 2459 1480 2558 meosrel
1496 2477 1580 2546 pars
1598 2460 1708 2545 ipsius
1723 2463 1930 2531 monasterii
1946 2427 2139 2556 placuerit,

302 2613 391 2681 illud
414 2614 603 2698 abendum,
628 2612 894 2698 dominandum,
917 2603 1166 2698 possidendum
1192 2615 1228 2677 et
1251 2613 1371 2679 omnia
1395 2613 1524 2680 exinde
1549 2613 1750 2681 iaciendum
1773 2615 1865 2700 quod
1881 2617 1970 2684 mihi
1995 2619 2136 2704 meique
2177 2650 2180 2658 ¹

301 2765 560 2832 successoribus
584 2763 638 2831 vel
663 2781 747 2850 pars
771 2761 882 2848 ipsius
904 2761 1112 2829 monasterii
1136 2759 1324 2849 placuerit,
1348 2765 1482 2849 absque
1500 2765 1640 2833 illorum
1664 2767 1919 2836 contrarietate
1944 2771 2000 2837 vel
2027 2769 2145 2856 requi-

301 2915 477 3001 sitionem,
500 2917 593 2984 siout
617 2921 775 2982 nostrum
801 2877 1003 3000 preceptum
1027 2913 1198 3000 continet,
1222 2916 1315 3000 quod
1339 2936 1361 2984 a
1385 2923 1486 3002 parte
1510 2918 1625 2984 domni
1648 2918 1794 3005 gloriosi
1820 2921 1994 3008 principis
2018 2923 2139 2991 iirnra·

299 3071 374 3134 turn
397 3071 433 3134 et
455 3069 502 3135 ab
524 3067 611 3133 utile
635 3067 742 3134 anulo
766 3064 961 3152 sigillatum
985 3065 1145 3148 abemus;
1170 3069 1205 3132 et
1227 3085 1289 3152 per
1313 3085 1441 3136 vonam
1465 3069 1764 3139 combeniontiam
1787 3072 2040 3159 obligaberunt
2065 3093 2102 3142 se
2130 3074 2142 3140 i

299 3237 418 3287 omnes
441 3217 673 3303 suprascripti
698 3218 887 3284 comitibus
911 3221 946 3282 et
970 3215 1111 3282 illorum
1136 3217 1301 3298 eredibus
1323 3219 1459 3304 amodo,
1491 3223 1527 3286 et
1551 3220 1635 3286 dum
1659 3219 1736 3307 ipsa
1761 3224 1968 3294 commitata
1991 3224 2028 3291 in
2053 3227 2141 3311 ipsis

301 3373 466 3457 partibus
490 3329 659 3455 venierit,
684 3369 936 3439 defensandum
960 3369 1048 3435 mihi
1072 3367 1212 3454 meique
1235 3371 1509 3460 successoribus,
1540 3374 1593 3442 vel
1626 3377 1665 3442 in
1691 3395 1775 3462 pars
1798 3377 1911 3464 ipsius
1937 3381 2144 3450 monasterii

291 3525 541 3611 ‚suprascripta
564 3523 775 3592 tradictione
798 3544 860 3610 per
884 3523 1071 3592 iamdictas
1095 3524 1183 3592 fines
1207 3529 1242 3592 et
1267 3543 1452 3592 mensuras
1475 3525 1521 3595 da
1543 3544 1665 3594 ornnes
1689 3530 1849 3598 homines
1867 3531 2034 3618 omnique
2059 3553 2141 3618 par-

302 3677 409 3764 tibuS,
433 3681 654 3763 sceptuatum
677 3697 698 3745 a
722 3681 823 3762 parte
847 3676 1049 3762 supradicte
1072 3675 1225 3764 gloriose
1249 3678 1458 3762 potestatis:
1484 3679 1575 3746 etsi
1599 3678 1720 3747 taliter
1743 3685 1807 3749 cto.
1834 3685 1983 3751 statuto
2007 3689 2142 3754 oerrlcta

306 3831 538 3898 detractorum
561 3831 646 3896 cort
669 3829 863 3896 solidorum
889 3829 1128 3896 Constantini.
1156 3831 1248 3915 quod
1270 3831 1395 3918 scripsi
1421 3849 1489 3918 ego
1514 3832 1674 3901 ademari
1698 3834 1875 3904 notarius.

354 3952 384 4068 †
409 3981 485 4068 Ego
508 3980 684 4048 landolfus

345 4105 375 4220 †
400 4135 474 4218 Ego
497 4135 558 4228 qui
583 4152 692 4218 supra
716 4135 864 4201 loannes
887 4151 1014 4200 comes.

1007 4386 1291 4396 —--—-.-—..—.——
1297 4389 1453 4397 .—-..—-.

1011 4677 1419 4760 DCCGXXXV.

1077 4935 1132 5012 A.
1160 4934 1211 5012 D.
1239 4934 1361 5016 1031.

343 5171 443 5314 †ln
466 5227 609 5296 nomine
632 5227 766 5296 domini
790 5225 1034 5296 tertiodecimo
1063 5243 1158 5295 anno
1185 5225 1409 5312 principatus
1444 5226 1564 5294 domni
1600 5227 1715 5295 nostri
1752 5229 1955 5301 Guaimarii
1994 5234 2149 5322 glorioso

299 5379 467 5466 princeps
488 5379 584 5448 iilius
606 5379 784 5467 quondam
800 5379 918 5446 domni
933 5378 1127 5465 guaimarii
1140 5376 1327 5466 principis,
1341 5395 1461 5446 mense
1475 5381 1629 5468 magius,
1646 5382 1914 5469 quartadecima
1930 5384 2142 5458 indictione.

303 5534 343 5602 ln
367 5551 470 5602 sacro
491 5533 714 5603 salernitano
736 5532 869 5620 palatio
891 5537 975 5602 ante
999 5531 1207 5618 supradicta
1228 5531 1384 5620 gloriosa
1407 5537 1615 5621 potestatem
1638 5537 1797 5606 adessem
1832 5557 1898 5626 ego
1921 5540 2145 5628 grimoaldus

303 5701 418 5754 comes
441 5689 477 5754 et
499 5677 622 5774 iud'ex,
645 5684 743 5754 venit
766 5685 941 5754 insaniem
959 5683 1062 5754 infra
1083 5686 1214 5752 etatem
1237 5683 1379 5751 nomine
1403 5683 1577 5753 iohannes
1612 5685 1707 5756 filius
1741 5653 1861 5760 domni
1894 5691 2047 5762 visantii
2079 5695 2143 5781 qui

296 5839 458 5908 babebad
481 5856 626 5907 causam
650 5857 731 5906 curn
755 5835 910 5928 gualleri
934 5835 1008 5912 filio
1030 5836 1207 5925 quondam
1231 5835 1389 5906 atenolfi.
1414 5840 1483 5905 Nos
1506 5839 1653 5908 fecimus
1676 5848 1840 5928 parentes
1863 5845 1977 5934 ipsius
2002 5850 2148 5938 propin·
