5422 7102
602 535 672 608 244
1241 530 1416 604 CODEX
1450 535 1716 616 CAVENSIS

556 776 596 826 se
620 761 656 828 et
678 759 753 826 suis
777 756 942 826 eredibus
965 756 1069 845 milri,
1093 757 1148 825 vel
1172 758 1210 825 in
1234 777 1317 844 pars
1339 759 1453 846 ipsius
1486 767 1706 856 monasterii,
1729 767 1894 839 duocenti
1929 771 2010 840 auri
2035 770 2139 842 solidi
2163 775 2400 844 constantini:

554 914 696 983 tantum
721 911 820 981 stetit
845 909 940 980 inter
964 927 1041 997 nos,
1066 913 1106 978 ut
1131 925 1171 976 oc
1188 926 1333 978 annum
1355 912 1533 983 ominibus
1556 917 1618 1002 qui
1635 918 1709 1005 ipse
1723 923 1831 990 terris
1848 923 2080 1013 laboraberit,
2098 925 2207 994 liceat
2232 926 2304 994 illis
2320 927 2404 995 inde

556 1065 745 1131 exscutere
769 1062 836 1148 ipsi
862 1059 975 1131 labori
999 1059 1084 1148 sui,
1109 1065 1145 1130 et
1169 1059 1242 1148 ipse
1265 1065 1374 1132 terris
1395 1066 1507 1135 bacue
1529 1072 1718 1156 perbeniat
1742 1074 1788 1143 ad
1810 1080 1983 1162 potestate
2015 1077 2058 1147 de
2093 1097 2177 1165 pars
2207 1077 2319 1166 ipsius
2347 1098 2403 1147 ec·

557 1213 679 1302 clesie,
702 1215 746 1282 de
769 1181 899 1302 quibus
923 1214 995 1284 dua
1018 1215 1194 1302 scriptora
1217 1216 1300 1286 inde
1322 1218 1478 1287 scribere
1501 1219 1661 1309 fecimus
1685 1222 1793 1292 istum
1818 1246 1887 1314 que
1910 1228 2092 1296 emisimus
2116 1229 2162 1298 ad
2184 1249 2269 1317 pars
2293 1231 2406 1319 ipsius

555 1365 719 1454 ecclesie,
742 1371 779 1436 ct
802 1367 913 1436 alium
937 1387 1007 1456 que
1030 1368 1113 1437 inde
1137 1387 1201 1437 nos
1224 1369 1434 1456 retinemus,
1459 1369 1551 1458 quod
1573 1371 1700 1460 scripsi
1723 1391 1789 1462 ogo
1813 1375 1975 1447 alderissi
2001 1381 2175 1449 notarius

599 1490 631 1607 †
655 1522 730 1608 Ego
753 1521 940 1591 maraldus

598 1641 630 1758 †
655 1673 730 1762 Ego
754 1677 817 1762 qui
840 1693 951 1762 supra
979 1675 1126 1746 ioannes
1153 1693 1280 1745 comes

1280 1931 1684 1944 .-..-..-———-..

1337 2227 1632 2312 DCCCLX.

1340 2495 1392 2570 A.
1421 2490 1471 2569 D.
1503 2491 1631 2573 1033.

608 2733 644 2872 †
668 2786 708 2851 In
733 2784 875 2854 nomine
898 2785 1034 2854 domini
1058 2785 1295 2854 sextodecimo
1319 2804 1416 2854 auno
1433 2786 1657 2874 principatus
1672 2785 1792 2854 domni
1807 2787 1921 2854 nostri
1938 2785 2121 2874 guaimari
2144 2785 2297 2873 glorioso
2312 2786 2414 2874 prin·

561 2938 654 3024 cipe,
681 2936 748 3006 filii
773 2938 949 3024 quondam
972 2939 1092 3007 domni
1116 2938 1298 3027 guaimari
1323 2937 1512 3025 principis,
1530 2955 1650 3006 mense
1666 2939 1870 3024 nobember‚
1885 2937 1995 3006 tertia
2011 2933 2039 3020 ⁴)
2053 2937 2259 3007 indictione.
2285 2940 2413 3007 Memo-

561 3091 741 3160 ratorium
765 3091 898 3160 sactum
921 3110 945 3160 a
967 3109 1022 3159 me
1045 3089 1224 3159 martinus
1247 3091 1308 3175 qui
1332 3090 1401 3157 luit
1424 3089 1467 3156 de
1490 3108 1617 3176 capua,
1642 3089 1738 3157 filius
1760 3091 1867 3178 petri,
1883 3106 1924 3159 eo
1945 3089 2037 3176 quod
2054 3095 2138 3159 ante
2162 3091 2334 3160 iohannes
2350 3111 2412 3162 ca·

561 3240 707 3310 staldus
730 3245 767 3310 et
789 3243 982 3328 subscripti
1005 3245 1116 3310 testes
1137 3260 1201 3328 per
1225 3241 1416 3309 iussionem
1439 3241 1674 3328 suprascripti
1698 3240 1817 3308 domni
1841 3239 2029 3328 principis,
2054 3261 2160 3328 quam
2184 3247 2219 3312 et
2241 3263 2304 3331 pro
2327 3263 2411 3330 pars

565 3397 660 3466 sacri
686 3396 814 3484 palatii
838 3417 901 3484 per
923 3397 1196 3468 demandatione
1220 3397 1371 3467 masoini
1397 3395 1636 3465 vestararium
1661 3393 1898 3481 suprascripti
1922 3393 2040 3461 domni
2066 3395 2240 3483 principis
2265 3397 2414 3466 tradidit
2540 3455 2546 3466 .

562 3547 653 3616 mihi
678 3565 931 3617 rossemannus
954 3549 1120 3618 minister
1144 3550 1377 3636 suprascripti
1403 3546 1522 3615 domni
1546 3545 1721 3633 principis
1745 3563 1819 3613 una
1842 3546 1943 3631 pecia
1966 3546 2126 3615 deterre
2148 3567 2228 3616 cum
2244 3547 2409 3635 aliquan·

563 3707 640 3770 tum
663 3702 838 3789 pastinu,
862 3701 954 3788 quod
978 3722 1043 3790 ego
1065 3705 1272 3788 pastenabit
1295 3721 1377 3769 cum
1401 3699 1612 3784 idisfrancu,
1636 3696 1728 3783 quod
1751 3697 1845 3766 sacri
1870 3696 1996 3784 palatii
2032 3701 2113 3768 abet
2149 3699 2188 3766 in
2215 3699 2330 3769 locum
2355 3707 2415 3770 tu-

558 3856 683 3922 sciano
707 3852 771 3922 illa
793 3856 896 3940 parte
920 3851 1028 3920 dubio
1051 3854 1215 3922 tusciano
1241 3871 1303 3940 per
1326 3854 1411 3920 finis
1434 3856 1470 3920 et
1492 3868 1709 3918 mensuras:
1735 3871 1757 3919 a
1779 3868 1865 3937 pars
1888 3850 2038 3918 orientis
2062 3853 2133 3920 fine
2164 3853 2224 3922 bia
2251 3854 2411 3943 publica,

560 4003 642 4072 inde
666 4007 750 4071 sunt
773 4003 865 4090 passi
890 4003 1104 4088 sexaginta:
1130 4023 1152 4072 a
1176 4007 1278 4090 parte
1301 4003 1450 4072 meridie
1473 4003 1545 4070 fine
1569 4003 1687 4072 media
1709 4021 1803 4091 sepe,
1831 4003 1914 4070 inde
1939 4009 2023 4072 sunt
2046 4008 2143 4092 passi
2177 4008 2412 4094 septuaginta

559 4161 663 4225 octo:
693 4177 716 4225 a
739 4173 823 4242 pars
846 4155 1040 4225 occidentis
1061 4157 1132 4224 fine
1154 4155 1249 4224 sacri
1272 4155 1413 4243 palatii,
1438 4155 1521 4223 inde
1545 4159 1630 4224 sunt
1653 4155 1748 4241 passi
1774 4157 2041 4244 quinquaginta
2064 4158 2268 4246 quadtuor;
2294 4165 2409 4229 totum

557 4313 804 4377 mensuratum
828 4307 873 4376 ad
898 4308 991 4376 iusto
1015 4325 1158 4394 passum
1181 4307 1292 4375 omini
1317 4309 1482 4376 inclitum
1506 4307 1599 4394 illut,
1623 4313 1665 4376 ut
1688 4309 1857 4387 diximus,
1889 4329 1970 4378 cum
1995 4309 2073 4380 vice
2096 4309 2139 4380 de
2155 4311 2217 4382 bia
2234 4331 2303 4382 sua
2326 4313 2414 4381 illut

555 4461 646 4528 mihi
671 4461 822 4530 tradidit
847 4463 886 4528 in
909 4460 973 4528 tali
998 4458 1133 4548 ordine,
1159 4465 1199 4528 ut
1221 4459 1346 4528 amodo
1369 4445 1409 4528 et⁴
1426 4480 1578 4547 semper,
1603 4465 1706 4531 natos
1729 4465 1930 4549 nascentes,
1947 4463 1994 4531 ad
2020 4483 2100 4532 mea
2116 4469 2152 4532 et
2168 4464 2211 4533 de
2227 4467 2316 4534 meis
2331 4483 2407 4533 ere-

557 4613 664 4681 dibus
688 4612 761 4681 sint
782 4616 994 4700 potestatem
1018 4611 1100 4680 illut
1123 4612 1329 4700 tenendum,
1353 4612 1610 4681 dominandum
1633 4618 1669 4682 et
1693 4614 1792 4682 sobee
1816 4619 1853 4682 et
1876 4616 1993 4682 omnis
2015 4621 2135 4685 nostre
2159 4617 2328 4686 utilitatis
2353 4617 2408 4684 iu·

557 4769 615 4834 sta
639 4765 779 4835 ratione
805 4766 938 4836 ibidem
961 4767 1150 4854 saciamuS,
1175 4771 1212 4835 et
1235 4767 1364 4835 ibidem
1388 4765 1608 4836 resideamus
1631 4773 1668 4836 et
1690 4768 1879 4856 abitemus,
1903 4772 1940 4837 ct
1956 4774 2070 4838 totum
2087 4768 2169 4838 illut
2183 4775 2410 4858 pastenemus

556 4917 665 4987 vinea
688 4918 731 4986 de
755 4935 843 4986 rono
868 4918 1003 4987 vitineo
1027 4923 1063 4987 et
1084 4920 1209 5006 pomis,
1237 4923 1278 4986 ut
1302 4918 1347 4987 ad
1371 4918 1535 5005 completi
1559 4918 1678 4987 decem
1702 4921 1790 4988 anni
1814 4921 1986 4989 abeamus
2009 4926 2123 4989 totum
2148 4922 2228 4992 illut
2251 4931 2407 5012 surturn,

553 5075 590 5138 et
612 5077 808 5158 operatum,
832 5075 868 5140 et
891 5071 1082 5158 cultatum,
1107 5077 1143 5140 et
1165 5070 1315 5157 clusum,
1338 5071 1433 5138 sicut
1456 5071 1496 5137 in
1520 5071 1596 5157 ipso
1620 5069 1735 5138 locum
1767 5073 1959 5160 meruerit3
1984 5076 2021 5140 ct
2056 5091 2119 5159 per
2153 5093 2288 5142 aunum
2323 5083 2409 5164 apto

557 5227 714 5308 tempore
736 5225 812 5293 tota
834 5225 913 5310 ipsa
937 5223 1043 5291 vinea
1064 5221 1107 5290 de
1132 5239 1239 5308 super
1263 5221 1363 5290 etde
1387 5222 1510 5290 subter
1534 5222 1747 5307 lavoremus,
1772 5227 1809 5291 et
1831 5223 2018 5301 cultemus,
2043 5229 2079 5294 et
2113 5226 2401 5315 propaginemus,

553 5383 591 5447 et
613 5379 664 5447 sic
687 5397 751 5467 per
774 5397 909 5447 annum
932 5381 1047 5448 totum
1070 5376 1153 5446 illut
1176 5378 1402 5464 laboremus,
1428 5381 1466 5444 ut
1489 5395 1551 5463 per
1575 5379 1691 5445 omnis
1713 5396 1849 5448 annum
1874 5397 2004 5447 vonum
2027 5380 2227 5451 lavoratum
2249 5391 2407 5471 pareat,

597 5812 620 5890 'l
643 5811 741 5886 Lege:
766 5809 921 5872 secunda.
