5466 7106
1013 476 1420 602 nr'ruounrreus
2049 529 2091 602 sl

285 771 353 822 nec
377 751 531 820 dicimus
554 771 743 825 remanere
766 761 970 826 sartionem.
995 759 1040 826 lit
1062 776 1126 846 pro
1149 756 1428 826 confirmandam
1453 761 1488 825 et
1510 755 1799 826 stabilisoendam
1822 774 1890 825 ano
1919 773 1998 824 mea
2020 755 2139 823 vindi-

283 907 420 974 tionem
444 923 542 975 nunc
564 927 587 976 a
608 908 785 994 presentis
809 911 928 997 recepi
951 929 974 979 a
996 914 1031 978 te
1047 912 1110 997 qui
1134 928 1244 998 supra
1266 910 1415 980 iohanni
1433 909 1623 999 presbiteri
1639 911 1809 979 amtorem
1827 927 1944 977 meum
1960 910 2139 977 statutum

285 1057 457 1146 pretium,
480 1057 574 1128 idest
595 1061 697 1130 aurei
723 1062 794 1130 tari
817 1061 901 1129 boni
925 1080 1114 1130 numerum
1138 1062 1206 1130 duo
1229 1067 1265 1130 et
1288 1062 1437 1130 tertium
1460 1062 1503 1130 de
1521 1063 1593 1130 tari
1611 1063 1650 1129 in
1673 1079 1812 1130 omnem
1830 1059 2141 1147 deliberationem,

285 1212 379 1284 sieut
395 1212 493 1280 inter
509 1213 612 1281 nobis
634 1215 825 1282 comvenit:
852 1213 1024 1302 finitoque
1047 1232 1131 1282 vero
1154 1217 1311 1303 pretium
1327 1217 1444 1304 ipsum
1467 1216 1562 1303 apud
1587 1233 1650 1282 nos
1674 1235 1718 1284 ea
1740 1215 1929 1304 rationem,
1943 1219 2017 1284 uta
2040 1233 2138 1283 nunc

282 1365 378 1434 diem
400 1369 559 1452 presenti
583 1371 618 1436 et
641 1369 822 1455 perpetuis
845 1368 1065 1456 temporibus
1087 1372 1126 1436 tu
1149 1369 1212 1455 qui
1236 1387 1346 1454 supra
1368 1369 1517 1439 iohanni
1542 1368 1730 1456 presbiteri
1753 1388 1861 1455 quam
1884 1371 1921 1437 et
1942 1369 2014 1436 tuis
2032 1371 2137 1438 here·

284 1511 387 1588 dibus¹
409 1520 571 1606 predicta
593 1540 672 1590 mea
696 1521 921 1610 vinditione,
946 1527 986 1590 ut
1011 1522 1176 1608 superius
1200 1521 1361 1608 legitur,
1386 1522 1425 1587 in
1449 1519 1617 1588 omnibus
1640 1520 1814 1590 securiter
1846 1526 1881 1590 et
1903 1520 2055 1590 firmiter
2079 1540 2137 1590 eos

288 1674 420 1740 habere
443 1677 479 1741 et
501 1643 682 1760 possidere
706 1675 874 1760 valeatis,
898 1678 935 1742 et
958 1672 1106 1742 faciatis
1129 1673 1260 1743 exinde
1283 1673 1404 1741 omnia
1427 1675 1519 1760 quod
1543 1675 1757 1762 volueritis,
1781 1633 1914 1761 absque
1938 1676 2035 1742 omni
2059 1693 2143 1741 con-

284 1825 474 1894 trarietate
494 1845 574 1894 mea
590 1831 653 1896 aut
668 1827 799 1914 cuiqua
815 1825 1036 1914 hominibus3
1052 1845 1185 1924 exqua
1201 1827 1346 1915 promisi
1363 1832 1399 1894 et
1413 1827 1549 1914 guadia
1573 1825 1639 1893 tibi
1664 1827 1725 1913 qui
1750 1845 1860 1913 supra
1884 1826 2034 1894 iohanni
2060 1810 2145 1914 pre-⁰

216 1961 218 1964 ⁵
287 1977 409 2046 sbiteri
434 1977 558 2066 dedit,
589 1983 625 2046 et
649 1978 879 2048 mediatorem
901 1979 967 2047 tibi
992 1982 1110 2066 posuit
1139 1979 1233 2048 citru
1262 1979 1377 2048 fllium
1408 1981 1536 2050 stefani
1567 1979 1758 2068 presbiteri
1786 1999 1849 2067 per
1879 1979 2140 2050 absolutionem

284 2128 434 2213 predicti
459 2129 590 2198 stefani
613 2130 769 2217 genitori
792 2148 883 2216 meo;
906 2135 941 2201 et
963 2151 1027 2218 per
1050 2132 1173 2202 eadem
1196 2133 1339 2226 guadiaw
1353 2132 1470 2218 obligo
1493 2101 1550 2200 me
1573 2133 1637 2218 qui
1661 2151 1771 2219 supra
1794 2133 1956 2201 sellictus
1980 2137 2015 2201 et
2051 2135 2140 2202 meis

285 2281 371 2351 filiis
394 2288 430 2352 et
453 2284 615 2370 heredes,
638 2283 706 2354 tibi
729 2284 792 2371 qui
816 2305 924 2373 supra
948 2285 1097 2355 iohanni
1121 2287 1309 2374 presbiteri
1327 2306 1435 2372 quam
1451 2290 1487 2354 et
1502 2285 1548 2356 ad
1561 2285 1634 2355 tuis
1650 2286 1853 2374 heredibus
1878 2287 2040 2373 predicta
2060 2307 2142 2358 mea

282 2436 528 2525 vinditionem,
554 2444 594 2507 ut
615 2441 780 2526 superius
803 2439 950 2528 legitur,
968 2459 991 2508 a
1013 2441 1176 2526 partibus
1200 2439 1305 2507 uxori
1323 2458 1399 2508 mee
1415 2442 1452 2506 et
1468 2459 1490 2508 a
1505 2457 1589 2526 pars
1604 2439 1782 2525 genitrice
1798 2458 1878 2508 mea
1892 2445 1928 2524 et
1943 2441 1990 2510 da
2015 2459 2138 2511 omnes

286 2589 448 2659 homines
473 2592 648 2661 antistare
671 2599 708 2662 et
731 2593 917 2662 defensare
940 2593 1202 2680 promittimus3
1227 2592 1319 2679 quod
1342 2593 1371 2659 si
1397 2593 1544 2660 minime
1567 2593 1787 2678 potuerimus
1809 2610 1868 2660 eos
1891 2593 1990 2661 vobis
2014 2594 2137 2664 defen·
2164 2633 2166 2638 ·

286 2758 390 2831 sare,
415 2745 471 2814 vel
495 2744 525 2812 si
549 2764 613 2813 nos
637 2747 725 2833 ipsis
747 2747 917 2814 forsitans
940 2765 1004 2833 per
1028 2746 1186 2833 quolibet
1210 2744 1395 2833 ingenium
1419 2745 1652 2813 vinditionem
1676 2745 1809 2831 istam,
1834 2765 1941 2833 quam
1975 2747 2131 2836 prelegi-

282 2905 357 2985 tur,
382 2901 562 2968 remobere
585 2904 648 2968 aut
671 2905 857 2970 retornare
881 2899 1144 2987 quesierimus,
1169 2905 1255 2967 tunc
1278 2901 1362 2967 ante
1384 2897 1506 2965 omnia
1529 2898 1667 2984 questio
1690 2901 1726 2965 et
1749 2899 1911 2967 causatio
1934 2904 2056 2970 nostra
2080 2903 2129 2970 sit

286 3051 417 3120 exinde
441 3052 552 3121 tacita
575 3058 610 3120 et
632 3072 745 3122 vacua
767 3057 803 3121 et
826 3051 960 3139 inania,
985 3067 1193 3138 componere
1217 3051 1334 3136 obligo
1357 3068 1413 3117 me
1437 3049 1498 3135 qui
1524 3066 1634 3134 supra
1657 3048 1800 3135 sellicti,
1816 3049 1871 3116 vel
1889 3050 1977 3118 meis
1992 3049 2078 3119 filiis
2097 3056 2133 3119 et

284 3205 444 3292 lieredeS,
468 3206 514 3276 ad
537 3205 816 3293 componendum
839 3205 905 3274 tibi
928 3205 1053 3291 tuique
1075 3204 1280 3290 heredibuS,
1305 3205 1360 3271 vel
1384 3203 1443 3271 cui
1467 3203 1609 3272 cartula
1633 3202 1701 3271 ista
1725 3201 1803 3270 vice
1821 3208 1940 3272 vestra
1957 3205 1995 3272 in
2016 3223 2127 3274 manu

285 3359 604 3446 paruerit,viginti
630 3358 731 3428 aurei
756 3358 859 3426 solidi
884 3357 1116 3434 constantini,
1134 3362 1170 3426 et
1194 3357 1286 3444 quod
1309 3359 1406 3446 apud
1433 3376 1493 3426 uos
1516 3359 1624 3427 luerit
1646 3357 1916 3428 remelioratum
1939 3364 2002 3430 aut
2026 3380 2133 3450 super

258 3515 413 3582 'lactum
437 3512 630 3602 edificium,
654 3516 718 3581 sub
741 3513 966 3582 estimatione
989 3514 1095 3600 pretii
1119 3532 1183 3580 nos
1210 3513 1308 3580 vobis
1331 3513 1588 3596 restituamus,
1613 3511 1656 3580 de
1679 3511 1832 3581 colludio
1856 3519 1977 3583 autem
2002 3534 2128 3585 secun-

282 3669 366 3734 dum
390 3667 506 3754 legem
530 3685 594 3734 nos
618 3668 717 3735 vobis
740 3669 898 3736 iuremus
922 3685 984 3752 per
1008 3665 1066 3733 dei
1091 3667 1266 3754 misteria,
1285 3668 1356 3736 ista
1378 3684 1485 3753 super
1508 3665 1704 3752 scriptione
1726 3665 1937 3735 vinditionis
1963 3669 2048 3736 lecit
2070 3690 2135 3756 per

281 3820 538 3890 absolutionem
561 3822 712 3910 predicti
737 3809 866 3890 stefani
890 3821 1049 3909 genitori
1071 3839 1173 3906 me03
1197 3821 1229 3888 si
1254 3823 1375 3890 autem
1397 3820 1440 3888 de
1465 3819 1598 3889 csdicta
1621 3837 1699 3888 mea
1723 3819 1919 3889 vinditione
1942 3823 2042 3889 vobis
2070 3823 2129 3892 vel

281 3974 327 4042 ad
350 3975 479 4042 vestris
501 3975 691 4044 heredibus
714 3994 823 4045 causa
845 3973 955 4043 fuerit
978 3976 1121 4060 exurte,
1144 3977 1180 4040 et
1201 3989 1264 4059 per
1288 3970 1388 4038 bobis
1410 3969 1498 4057 ipsis
1522 3969 1606 4039 inde
1629 3971 1812 4040 volueritis
1835 3991 1902 4040 exc
1927 3978 2072 4044 autores
2097 3952 2134 4044 et

280 4129 494 4216 defensores
518 4130 557 4196 in
580 4128 744 4196 omnibus
765 4128 952 4196 licentiam
975 4129 1011 4195 et
1026 4127 1238 4214 potestatem
1255 4125 1394 4194 abeatis
1419 4143 1480 4192 vos
1502 4129 1538 4193 et
1554 4124 1684 4193 vestris
1707 4125 1923 4215 heredibuS,
1947 4148 2028 4196 cum
2055 4129 2128 4200 ista

280 4284 420 4353 cartula
442 4289 478 4353 et
495 4279 581 4352 ‘cum
604 4285 719 4352 omnis
743 4283 817 4353 alia
840 4267 1020 4350 monimen
1044 4283 1081 4349 et
1104 4280 1270 4364 ratione,
1294 4298 1362 4366 que
1386 4278 1469 4346 inde
1499 4282 1632 4348 habere
1656 4280 1862 4367 potueritis,
1887 4283 2019 4351 exinde
2043 4302 2134 4353 cau-

283 4457 377 4526 sare,
400 4441 437 4506 et
458 4437 579 4506 omnia
602 4457 710 4525 agere
733 4440 769 4504 et
792 4435 974 4523 perficere,
998 4436 1035 4500 et
1050 4435 1155 4500 rebus
1170 4430 1247 4518 ipsa
1263 4429 1361 4498 vobis
1377 4431 1574 4518 defensare,
1592 4431 1685 4499 siout
1700 4431 1821 4500 vultis.
1849 4436 1955 4522 Nam,
1980 4437 2127 4522 quando

284 4610 349 4658 nos
372 4591 429 4659 uel
445 4589 586 4685 ‘nostris
609 4592 756 4660 heredes
778 4586 980 4678 quesieritis
995 4587 1128 4654 habere
1147 4587 1289 4656 autores
1305 4589 1341 4654 et
1357 4587 1571 4672 defensores,
1597 4605 1662 4654 nos
1685 4592 1806 4656 autem
1830 4589 1886 4656 vel
1910 4590 2043 4658 nostris
2067 4595 2131 4659 he-

279 4749 382 4817 redes
404 4751 510 4817 rebus
534 4750 613 4836 ipsa
634 4746 733 4815 vobis
755 4746 975 4816 defensemus
998 4750 1033 4815 et
1056 4746 1177 4814 omnia
1203 4745 1474 4846 adimpleamuS,
1497 4745 1589 4813 sicut
1613 4745 1778 4831 superius
1801 4745 1947 4832 legitur.
1972 4747 2018 4816 Et
2041 4747 2127 4816 tali·

279 4908 335 4972 tor
357 4905 513 4971 scribere
537 4903 741 4990 rogavimus
764 4907 799 4970 te
822 4902 980 4974 sellictus
1002 4901 1179 4990 presbiter
1202 4904 1238 4969 et
1261 4899 1437 4970 notarius.
1831 4861 1835 4870 ’

325 5029 355 5144 †
379 5057 455 5144 Ego
478 5055 664 5125 mirandus

321 5181 352 5298 †
376 5211 451 5299 Ego
475 5211 631 5280 ioannes.
