5466 7106
613 580 658 652 78
739 575 742 580 ’
1253 575 1426 651 OODEX
1461 574 1727 652 cavensis

565 809 664 876 sente
687 808 888 894 recepimus
910 827 933 879 a
955 811 992 878 te
1015 806 1182 878 iamdicto
1206 810 1286 878 acto
1309 805 1438 876 clerico
1460 807 1639 875 statutum
1661 804 1849 892 pretium,
1885 804 1898 872 i
1933 807 2018 873 sunt
2042 806 2187 874 tarenos
2217 822 2344 876 aureos
2368 805 2422 876 bi-

563 959 661 1048 ginti
679 961 719 1028 in
735 977 874 1030 omnem
898 959 1205 1046 deliverationem,
1229 961 1323 1029 sicut
1345 959 1441 1028 inter
1465 975 1530 1027 nos
1551 958 1741 1027 combenit:
1766 957 1907 1026 finitum
1931 961 1986 1026 est
2007 975 2092 1028 vero
2107 958 2264 1046 pretium
2287 959 2424 1049 ipsum,

566 1116 608 1180 ut
630 1110 766 1181 dictum
790 1117 855 1202 est,
879 1117 967 1202 aput
989 1129 1053 1180 nos
1075 1130 1119 1182 ea
1141 1111 1281 1182 ratione
1303 1109 1439 1200 guadia
1461 1111 1527 1181 tivi
1551 1111 1719 1182 iamdicto
1742 1115 1824 1181 acto
1847 1111 1976 1180 clerico
1999 1109 2178 1198 dedimus,
2193 1116 2230 1181 11
2252 1112 2425 1184 mediato·

571 1285 648 1336 rem
672 1266 739 1336 tivi
764 1266 945 1355 posuimus
966 1269 1089 1339 amatu
1112 1264 1173 1352 qui
1198 1264 1267 1333 suit
1288 1265 1434 1334 natibus
1456 1263 1500 1334 de
1523 1264 1749 1353 pantolisano
1771 1263 1845 1334 filio
1860 1263 2041 1351 quondam
2064 1263 2294 1354 rodelgrim03
2307 1269 2344 1335 et
2359 1283 2424 1353 per

568 1417 718 1490 headem
741 1417 877 1506 guadia
899 1437 962 1506 per
985 1419 1079 1488 bona
1101 1415 1354 1485 conbeuientia
1377 1414 1495 1504 obligo
1518 1435 1575 1486 mc
1598 1415 1767 1486 iamdicto
1790 1415 1955 1504 iaquinto
1978 1422 2016 1485 et
2038 1435 2133 1487 moos
2168 1415 2261 1485 lilios
2289 1420 2326 1486 et
2348 1435 2426 1490 ere·

569 1571 634 1642 des
654 1571 817 1660 predicta
841 1570 1041 1641 binditione
1064 1570 1105 1638 in
1127 1568 1306 1658 omnibus,
1330 1573 1371 1638 ut
1394 1569 1528 1640 dictum
1552 1575 1619 1660 est,
1644 1571 1725 1642 illut
1747 1570 1814 1640 tivi
1841 1571 2008 1642 iamdicto
2031 1575 2112 1641 acto
2135 1569 2265 1641 clerico
2294 1571 2423 1660 tuique

567 1723 654 1792 filiis
677 1729 712 1792 11
735 1723 900 1793 eredibus
923 1721 1179 1812 defensandum
1202 1723 1248 1793 da
1271 1739 1335 1790 nos
1358 1726 1394 1790 et
1416 1722 1463 1792 da
1485 1726 1616 1794 uostris
1638 1722 1844 1812 heredium,
1867 1722 1978 1794 ctiam
2000 1727 2036 1794 et
2058 1724 2105 1794 da
2120 1723 2192 1791 illis
2216 1693 2423 1794 homiuibus

568 1881 605 1950 ct
627 1874 791 1962 partibus
814 1875 877 1962 qui
901 1891 965 1962 pro
987 1873 1120 1942 nostris
1142 1875 1305 1962 partibus
1328 1873 1488 1944 emiserit
1510 1873 1779 1962 qualiscumque
1802 1873 2021 1944 causationis
2044 1877 2080 1944 et
2106 1873 2153 1944 da
2175 1874 2340 1942 omnibus
2363 1877 2427 1943 ho·

570 2029 730 2096 minibus
753 2028 919 2116 omnique
942 2028 1119 2115 partibus3
1145 2031 1180 2096 et
1203 2026 1321 2114 qualis
1343 2031 1500 2114 tempore
1523 2027 1709 2097 bolueritis
1731 2045 1794 2115 per
1812 2029 1872 2096 bos
1888 2029 1981 2114 ipsos
1995 2025 2126 2097 exinde
2150 2025 2254 2096 siatis
2278 2031 2424 2101 autores

565 2185 608 2266 et
630 2180 843 2268 defensores,
867 2179 944 2250 bice
967 2183 1093 2250 nostra
1116 2179 1300 2249 licentiam
1323 2183 1359 2248 11
1381 2181 1591 2266 potestatem
1615 2181 1756 2249 aveatis
1778 2199 1858 2249 cum
1874 2181 1946 2249 ista
1961 2179 2115 2266 cartula,
2131 2198 2194 2248 seu
2210 2199 2291 2248 cum
2313 2181 2422 2268 quale

569 2333 646 2405 alia
668 2334 849 2402 monimen
873 2338 910 2403 et
932 2335 1106 2404 rationem
1131 2333 1212 2402 inde
1237 2352 1342 2404 avere
1364 2333 1564 2420 potueritis,
1591 2334 1629 2400 in
1645 2334 1807 2402 omnibus
1822 2332 1905 2402 inde
1920 2335 2132 2420 causare,et
2155 2333 2264 2403 finem
2288 2334 2423 2422 iacere,

571 2493 607 2557 et
633 2488 714 2557 illut
737 2505 795 2556 eos
820 2487 918 2555 bovis
939 2487 1136 2573 defensare;
1161 2505 1259 2574 nam,
1283 2485 1427 2574 quando
1450 2505 1514 2554 nos
1536 2488 1719 2574 nostrique
1743 2487 1934 2556 heredibus
1959 2487 2040 2556 inde
2063 2485 2208 2557 autores
2234 2491 2271 2556 et
2302 2487 2424 2556 deicu-

570 2661 679 2732 sores,
705 2645 783 2712 bico
805 2646 930 2712 nostra
954 2641 1136 2710 licentiam
1159 2647 1196 2710 11
1218 2645 1429 2728 potestatem
1453 2641 1591 2710 aveatis
1615 2641 1654 2708 in
1678 2639 1840 2708 omnibus
1857 2638 1939 2708 inde
1955 2659 2104 2710 causare
2117 2645 2154 2710 et
2169 2642 2276 2709 finem
2302 2641 2424 2712 iacere

571 2803 607 2865 11
632 2795 715 2864 illut
736 2793 835 2862 vobis
858 2794 1055 2880 vestrisque
1077 2793 1266 2862 heredibus
1289 2793 1511 2863 defensemus
1535 2796 1581 2862 ab
1599 2795 1764 2863 omnibus
1788 2793 1991 2862 hominibus
2006 2794 2173 2881 omnique
2188 2795 2363 2882 partibus.
2384 2795 2421 2864 Si

573 2952 693 3019 autem
715 2948 838 3016 taliter
861 2946 995 3032 omnia,
1020 2948 1061 3012 ut
1083 2943 1217 3012 dictum
1244 2949 1324 3032 est,
1353 2945 1434 3015 illut
1457 2945 1521 3014 tivi
1547 2947 1716 3016 iamdicto
1738 2951 1816 3016 acto
1839 2945 1969 3014 clerico
1992 2945 2116 3034 tuique
2146 2945 2337 3016 heredibus
2362 2948 2424 3018 de·

573 3104 715 3172 densare
738 3119 810 3169 non
833 3101 1067 3188 potuerimus,
1092 3103 1156 3166 aut
1178 3097 1207 3164 si
1231 3113 1295 3164 nos
1319 3097 1411 3184 ipsos
1435 3099 1760 3187 quomodocumque
1783 3120 1846 3187 per
1862 3101 2122 3188 qualecumque
2145 3100 2322 3171 rationem
2339 3102 2423 3173 illut

572 3259 628 3327 vel
651 3255 781 3325 exinde
803 3255 903 3322 bovis
926 3252 1049 3322 tollere
1072 3255 1135 3320 aut
1158 3254 1336 3338 contrare,
1360 3271 1422 3320 seu
1449 3271 1629 3323 removere
1654 3253 1733 3322 illos
1748 3255 1998 3342 quesierimus,
2014 3260 2050 3324 11
2066 3255 2312 3343 quodcumque
2336 3275 2427 3327 cau·

572 3409 727 3480 sationis
750 3413 913 3478 atversus
933 3408 994 3474 bos
1008 3405 1138 3474 exinde
1154 3405 1438 3492 proposuerimus
1455 3427 1518 3494 per
1534 3427 1598 3478 nos
1615 3411 1721 3500 ipsos,
1736 3409 2059 3498 quomodocumque
2074 3427 2138 3496 per
2161 3410 2425 3499 qualecumque

572 3563 749 3633 rationem
771 3561 826 3631 vel
849 3579 913 3649 per
937 3559 1161 3629 summissam
1185 3563 1321 3645 nostra;
1355 3560 1434 3629 Ideo
1456 3567 1492 3629 et
1515 3581 1578 3648 per
1601 3564 1694 3634 bona
1716 3562 1980 3631 combenientia
2012 3561 2129 3650 obligo
2160 3581 2216 3631 me
2253 3561 2423 3633 iamdicto

574 3716 738 3804 iaquinto
762 3719 798 3786 et
823 3731 919 3782 meos
941 3713 1034 3782 lilios
1056 3718 1093 3782 et
1115 3713 1237 3782 eredes
1260 3712 1420 3800 predicta
1443 3713 1640 3784 binditione
1663 3715 1702 3782 in
1725 3715 1899 3802 omnibus,
1923 3719 1964 3784 ut
1986 3714 2122 3784 dictum
2152 3719 2221 3801 est,
2246 3714 2329 3784 illut
2356 3717 2422 3785 tivi

575 3867 745 3938 iamdicto
769 3872 850 3937 acto
873 3867 1003 3936 clerico
1026 3867 1150 3954 tuique
1174 3865 1365 3935 heredibus
1387 3872 1424 3935 at
1448 3866 1716 3953 conponendum
1736 3916 1745 3955 ,
1769 3885 1832 3935 seu
1855 3865 1914 3934 cui
1938 3867 2078 3936 cartula
2108 3867 2179 3936 ista
2201 3867 2277 3936 vioe
2300 3872 2423 3940 vestra

574 4019 614 4090 in
636 4039 746 4092 manu
770 4020 947 4110 paruerit,
970 4019 1124 4107 triginta
1146 4017 1246 4088 aurei
1270 4019 1398 4086 solidos
1423 3999 1679 4107 constantinos,
1703 4023 1739 4089 et
1761 4021 1903 4090 cartula
1927 4021 1998 4090 ista
2020 4039 2083 4109 per
2108 4019 2234 4090 invitis
2257 4021 2361 4090 firme
2386 4026 2425 4091 et
2469 4027 2473 4041 ¹

580 4177 720 4248 stavilis
743 4181 951 4266 permaneat
973 4193 1036 4265 per
1061 4175 1229 4245 iamdicta
1252 4175 1387 4264 guadia
1409 4181 1444 4246 11
1467 4177 1666 4265 predictum
1699 4177 1941 4248 mediatorem.
1974 4180 2126 4248 Tantum
2158 4177 2427 4266 sceptuavimus

574 4331 708 4401 exinde
734 4352 808 4402 una
831 4332 933 4420 pecia
955 4331 998 4400 de
1021 4335 1120 4400 tarra
1142 4350 1223 4400 cum
1245 4331 1353 4400 binea
1376 4330 1416 4399 in
1440 4330 1574 4419 locum,
1608 4328 1668 4399 ubi
1692 4333 1835 4418 proprio
1857 4329 2028 4419 lagustini
2052 4331 2212 4420 dicitur,
2236 4333 2330 4420 quod
2355 4333 2428 4402 iam

578 4485 768 4572 preteritis
791 4484 1009 4572 temporibus
1032 4483 1155 4555 datum
1178 4485 1280 4555 abuit
1303 4489 1342 4554 at
1365 4487 1486 4571 petrus
1508 4483 1682 4570 presbiter
1707 4483 1827 4552 ienero
1851 4503 1962 4574 meus,
1978 4484 2135 4572 qualiter
2158 4484 2240 4555 illut
2254 4485 2356 4555 modo
2374 4489 2430 4554 est

577 4637 786 4724 residentes3
811 4653 895 4706 nam
919 4636 994 4724 ipso
1018 4635 1109 4706 aliut
1131 4636 1169 4704 in
1194 4634 1396 4722 supradicto
1419 4633 1568 4702 hordine
1592 4633 1715 4704 redeat
1726 4639 1765 4704 at
1780 4637 1898 4704 vestra
1921 4638 1957 4703 et
1971 4634 2014 4704 de
2029 4634 2157 4704 vestris
2173 4634 2340 4705 aradibus
2369 4653 2430 4725 po·

573 4795 718 4864 testate.
744 4793 788 4861 111
811 4790 934 4860 taliter
957 4791 1112 4860 scrivere
1135 4789 1340 4876 rogavimus
1362 4793 1398 4857 te
1421 4786 1598 4856 romoaldo
1614 4787 1803 4856 diaconum
1820 4791 1856 4857 11
1872 4786 2067 4876 notarium,
2084 4792 2167 4858 actu
2182 4792 2291 4877 caput
2307 4788 2425 4874 aquis.

620 4917 651 5036 †
675 4947 750 5035 Ego
772 4945 993 5035 grimoaldus
1016 4963 1072 5013 me
1095 4941 1291 5029 subscripsi

623 5073 654 5187 †
678 5101 753 5188 Ego
776 5097 968 5169 mainardu
992 5095 1168 5188 presbiter

622 5226 653 5342 †
678 5257 752 5342 Ego
776 5257 960 5322 iohannes.
1022 5283 1024 5294 ·
