5306 7140
631 571 679 644 56.
1283 563 1455 636 GODEX
1489 565 1755 639 CAVENSIS

584 795 716 867 militer
749 805 837 865 non¹
856 795 989 865 siamus
1023 793 1118 864 inde
1139 793 1358 881 culpabiles3
1392 795 1428 861 et
1450 791 1481 859 si
1509 810 1532 860 a
1554 793 1649 860 seras
1672 790 1751 878 ipsa
1774 809 1960 860 mensuras
1982 795 2173 877 pastenare
2208 798 2433 882 potuerimus

583 949 706 1036 ibique
729 948 964 1035 conionum,
988 949 1195 1035 potestatem
1226 948 1421 1032 abeamuS,
1453 948 1489 1013 et
1511 947 1695 1030 operatum
1718 943 1800 1012 illut
1823 945 1994 1013 abeamus
2017 945 2057 1012 in
2081 945 2158 1032 ipso
2182 947 2432 1038 constitutum,

585 1102 680 1170 sicut
702 1104 737 1169 et
761 1101 837 1188 ipso
859 1100 950 1171 aliut
971 1103 1007 1168 et
1030 1099 1105 1186 ipse
1129 1099 1272 1184 quereie
1302 1097 1364 1184 qui
1387 1096 1438 1164 ibi
1462 1099 1571 1186 sunt,
1609 1099 1821 1184 potestatem
1850 1100 2021 1166 abeamus
2056 1117 2230 1187 sporgere
2267 1102 2304 1168 61
2341 1101 2433 1172 vites

584 1257 635 1326 ibi
672 1259 808 1326 iactare
830 1255 873 1324 de
896 1256 987 1322 bono
1009 1252 1137 1321 vitinio
1161 1256 1197 1320 61
1220 1271 1284 1340 pro
1317 1256 1504 1324 arbustum
1537 1253 1618 1323 illas
1640 1272 1778 1340 semper
1814 1254 1865 1323 ibi
1889 1256 2024 1342 aberet3
2048 1256 2180 1324 etiam
2203 1256 2250 1326 da
2273 1258 2344 1345 ipsi
2368 1258 2433 1326 tri-

582 1411 697 1481 decim
720 1410 808 1479 anni
843 1409 881 1475 in
906 1412 1012 1478 antea
1047 1407 1143 1475 omni
1167 1409 1324 1494 tempore
1348 1406 1428 1494 ipsa
1449 1407 1556 1476 vinea
1578 1407 1632 1475 vel
1656 1409 1842 1476 arbustum
1864 1425 1950 1493 quos
1974 1407 2025 1475 ibi
2049 1391 2263 1498 fecerimuS,
2288 1409 2431 1497 quando

582 1566 776 1652 meruerit,
807 1564 1006 1633 lavoremus
1028 1565 1064 1630 et
1086 1562 1284 1631 studiemus
1316 1565 1351 1630 et
1381 1561 1553 1629 cultemus
1585 1561 1628 1629 de
1663 1579 1769 1648 super
1804 1566 1840 1630 61
1873 1561 1916 1630 de
1951 1564 2087 1648 supter,
2115 1561 2209 1630 sicut
2231 1563 2329 1630 locus
2354 1567 2427 1652 ipse

581 1723 777 1809 meruerit,
812 1725 853 1790 ut
873 1701 964 1788 bene
987 1719 1120 1807 paread
1143 1718 1366 1803 lavoratum‚
1398 1723 1435 1784 et
1458 1733 1595 1802 semper
1619 1715 1657 1783 in
1689 1715 1815 1783 melius
1846 1715 2018 1814 proficiad
2041 1719 2077 1782 61
2111 1733 2183 1782 nou
2213 1717 2430 1806 disperead,

581 1881 615 1942 et
649 1894 773 1945 curam
795 1879 831 1944 et
854 1875 1102 1962 vigilationem
1126 1873 1209 1940 inde
1244 1872 1438 1956 abeamuS,
1473 1873 1509 1938 61
1531 1869 1671 1938 salbum
1693 1868 1775 1936 illut
1799 1828 1974 1936 iaciamus
1998 1869 2095 1938 iusta
2119 1868 2310 1956 rationem3
2335 1876 2371 1941 61
2403 1893 2433 1950 a¹

580 2048 649 2117 quo
678 2029 800 2095 vinum
824 2033 861 2096 et
882 2047 986 2114 poma
1009 2028 1092 2096 iude
1115 2027 1261 2112 exierit,
1284 2029 1370 2092 tunc
1393 2025 1516 2092 amodo
1539 2028 1575 2093 61
1597 2042 1735 2112 semper
1758 2025 1963 2094 annualiter
1987 2027 2061 2094 suis
2084 2029 2306 2114 temporibus
2330 2031 2426 2099 scire

579 2185 753 2255 iaciamus
785 2185 902 2270 ipsum
925 2184 1116 2267 abbatem,
1141 2179 1197 2247 vel
1221 2197 1305 2265 pars
1329 2177 1439 2265 ipsius
1461 2177 1635 2263 ecclesie,
1669 2180 1710 2245 ut
1733 2179 1865 2245 ibidem
1889 2179 2032 2266 dirigad
2055 2181 2205 2268 missurn
2240 2203 2365 2272 suum,
2391 2191 2426 2255 et

580 2358 645 2406 nos
668 2339 775 2406 vinea
799 2329 854 2406 vel
878 2339 1064 2406 arbustum
1089 2336 1204 2422 ipsum
1228 2333 1499 2417 vindemiemus,
1526 2335 1562 2400 61
1585 2333 1711 2398 vinum
1735 2331 1852 2418 ipsum
1879 2333 1999 2419 ibique
2026 2334 2071 2402 ad
2103 2336 2324 2422 palmentum
2348 2357 2426 2426 pro-

580 2511 775 2579 curemus,
799 2495 835 2560 et
858 2510 963 2578 poma
997 2489 1121 2558 exinde
1144 2488 1378 2576 colligamus,
1412 2490 1448 2554 et
1470 2485 1584 2553 omnis
1607 2485 1731 2553 vinum
1754 2490 1790 2554 61
1813 2506 1917 2574 poma
1940 2506 2048 2574 quam
2072 2487 2156 2555 inde
2179 2489 2336 2577 exierit,
2361 2491 2428 2558 ibi-

577 2666 646 2735 que
666 2649 761 2716 inter
785 2664 849 2712 nos
872 2643 1093 2712 dividamus:
1111 2641 1258 2709 missum
1283 2641 1393 2728 ipsius
1415 2639 1561 2709 ecclesie
1584 2629 1691 2710 tollad
1716 2641 1804 2708 illud
1827 2641 1971 2710 tertiam
1994 2661 2092 2730 parc,
2110 2645 2145 2711 61
2168 2661 2233 2730 ego
2258 2643 2314 2711 vel
2342 2643 2426 2712 meis

576 2802 769 2870 heredibus
793 2799 861 2867 due
885 2798 1018 2885 sortis,
1043 2797 1245 2866 laciendum
1267 2794 1360 2882 quod
1382 2795 1595 2862 voluerimus
1615 2845 1625 2882 ,
1648 2799 1684 2863 et
1706 2796 1749 2864 de
1773 2796 1841 2864 isto
1864 2796 2007 2864 illorum
2031 2797 2154 2864 vinum
2179 2799 2422 2884 reponendum

577 2956 678 3023 etde
703 2955 961 3042 palmentatica
984 2959 1019 3022 et
1042 2955 1085 3021 de
1108 2950 1339 3020 nutriendum
1363 2953 1438 3037 ipso
1460 2949 1608 3018 missum
1632 2951 1682 3017 sic
1706 2949 1965 3036 adimpleamus
1994 2949 2033 3016 in
2069 2970 2153 3037 pars
2177 2952 2291 3038 ipsius
2313 2955 2428 3024 eccle·

576 3109 656 3196 sie,
686 3109 779 3178 sicut
801 3127 911 3195 supra
941 3107 1121 3192 diximus3
1152 3107 1195 3174 de
1224 3106 1316 3191 quod
1339 3109 1458 3174 autem
1481 3125 1545 3191 per
1568 3125 1704 3174 annum
1727 3106 1777 3174 ibi
1801 3106 2097 3174 seminaberimus
2121 3106 2168 3175 da
2198 3107 2267 3174 isto
2291 3110 2422 3176 nobum

576 3265 615 3330 in
651 3269 788 3351 antea,
822 3268 934 3331 totum
960 3263 1042 3330 illut
1065 3262 1167 3328 nobis
1190 3263 1360 3330 abeamus
1379 3255 1396 3350 ,'
1412 3263 1554 3329 tantum
1577 3260 1788 3328 terraticum
1812 3258 1931 3347 ibique
1954 3259 2037 3328 inde
2060 3260 2186 3328 demus
2221 3259 2267 3330 ad
2301 3280 2427 3330 aream

578 3416 624 3486 ad
647 3417 795 3486 missum
818 3417 931 3503 ipsius
955 3415 1100 3483 ecclesie
1123 3415 1316 3482 secundum
1341 3415 1556 3482 consuetudo
1581 3414 1692 3501 ipsius
1708 3413 1810 3482 locis.
1827 3414 1925 3482 Unde
1957 3415 1995 3480 in
2019 3433 2059 3482 eo
2081 3413 2232 3482 hordine
2255 3434 2318 3501 per
2343 3435 2426 3483 con-

578 3573 798 3641 benientiam
823 3569 957 3658 guadio
980 3567 1071 3636 mihi
1095 3569 1170 3654 ipse
1193 3569 1306 3636 abbas
1329 3567 1448 3655 dedit,
1472 3586 1545 3636 una
1569 3587 1648 3635 cum
1672 3585 1712 3635 eo
1735 3568 1875 3636 adesset
1902 3567 1977 3655 ipse
2013 3587 2116 3635 suum
2150 3567 2424 3656 advocatorem,

577 3728 613 3794 et
636 3723 866 3793 mediatorem
903 3723 992 3791 mihi
1027 3723 1145 3809 posuit
1179 3721 1380 3789 romoaldus
1414 3719 1588 3808 presbiter
1612 3721 1724 3808 ipsius
1747 3721 1895 3789 ecclesie
1918 3719 2162 3807 cardinalem
2195 3725 2232 3789 et
2255 3740 2317 3807 per
2344 3722 2424 3808 ipsa

575 3877 713 3965 guadia
736 3877 911 3964 obligavit
934 3896 970 3944 se
994 3881 1030 3944 et
1053 3894 1271 3943 successores
1294 3893 1375 3942 suos
1397 3879 1433 3942 61
1455 3876 1620 3961 partibus
1644 3874 1754 3962 ipsius
1777 3874 1925 3942 ecclesie
1942 3876 2066 3944 amodo
2089 3881 2124 3944 et
2140 3895 2278 3963 semper
2302 3877 2422 3945 defen-

573 4030 724 4099 sandum
755 4031 843 4098 mihi
873 4031 1013 4117 meique
1035 4029 1211 4115 eredibuS,
1236 4031 1337 4097 natos
1360 4032 1547 4096 nascentes
1560 4079 1570 4116 ,
1593 4031 1669 4096 tota
1692 4032 1727 4097 et
1751 4029 1876 4096 inclita
1899 4029 2104 4115 supradicta
2128 4048 2194 4098 sua
2218 4030 2417 4101 traditione

570 4204 651 4252 cum
675 4185 751 4253 vice
774 4184 817 4252 de
840 4185 897 4252 bie
921 4203 983 4250 sue
1006 4183 1052 4251 da
1075 4201 1196 4252 omnes
1219 4183 1379 4251 homines
1403 4182 1569 4268 omnique
1592 4181 1768 4270 partibus,
1793 4186 1829 4251 et
1853 4183 2035 4252 licentiam
2060 4185 2162 4251 nobis
2179 4183 2311 4252 tribuit
2334 4183 2423 4252 sali-

574 4356 632 4406 ces
656 4339 706 4406 ibi
731 4339 1004 4427 pastenandum,
1029 4339 1090 4408 ubi
1115 4339 1333 4426 potuerimus
1347 4387 1357 4423 ,
1373 4336 1428 4406 vel
1452 4354 1566 4406 caune
1589 4356 1652 4422 pro
1677 4335 1834 4410 utilitate
1856 4337 1899 4404 de
1924 4337 1999 4425 ipse
2016 4339 2108 4406 curti
2125 4335 2207 4406 inde
2224 4337 2422 4422 abendum;

572 4495 609 4560 61
634 4491 665 4558 61
689 4491 773 4560 inde
795 4493 1035 4579 superaberit,
1050 4496 1137 4559 tunc
1160 4491 1362 4560 dividamus
1385 4491 1446 4560 ille
1469 4491 1563 4560 inter
1586 4510 1753 4590 nuscum
1777 4511 1862 4591 pars
1877 4492 1990 4579 ipsius
2006 4493 2166 4561 ecclesie:
2185 4492 2229 4560 de
2244 4491 2303 4560 ille
2327 4492 2421 4578 quod

575 4645 765 4714 fecerimus
787 4647 826 4713 in
850 4644 928 4732 ipsa
951 4648 1054 4713 curte
1078 4648 1232 4731 suptana
1254 4643 1456 4712 dividamus
1480 4643 1538 4712 ille
1563 4645 1656 4712 inter
1679 4664 1743 4713 nos
1766 4646 1829 4732 per
1854 4645 2091 4733 medietatem,
2105 4651 2141 4714 61
2156 4645 2199 4713 de
2222 4650 2296 4732 ipse
2322 4645 2415 4734 quod

575 4797 762 4866 fecerimus
786 4799 825 4865 in
849 4803 949 4866 curte
973 4816 1142 4885 suprana,
1167 4797 1334 4872 tollamus
1358 4816 1423 4866 nos
1445 4797 1514 4866 due
1537 4801 1654 4889 sortis,
1678 4802 1714 4866 61
1736 4817 1820 4885 pars
1842 4799 1955 4886 ipsius
1979 4799 2124 4867 ecclesie
2149 4801 2295 4868 tertiam
2318 4817 2419 4885 pars3

570 4957 606 5019 61
630 4951 735 5038 quale
759 4957 917 5040 tempore
941 4955 1020 5040 ipsa
1042 4955 1143 5022 curte
1167 4957 1322 5039 suptana
1344 4951 1524 5021 dimittere
1546 4951 1762 5044 voluerimus
1785 4955 1821 5020 et
1844 4953 1926 5021 inde
1948 4951 2063 5039 exire,
2081 4954 2292 5040 potestatem
2309 4958 2420 5025 abea-

568 5125 659 5194 mus,
675 5111 711 5174 et
726 5108 832 5193 quale
853 5111 1011 5194 tempore
1034 5107 1083 5187 da,
1102 5107 1170 5193 ipsi
1195 5106 1358 5174 tridecim
1381 5103 1466 5174 anni
1492 5107 1530 5173 in
1553 5110 1662 5176 antea
1682 5108 1763 5194 ipsa
1786 5110 1887 5174 curte
1911 5125 2070 5193 supraua
2094 5106 2274 5176 dimittere
2291 5107 2425 5178 volue-

568 5261 694 5348 rimuS,
710 5264 921 5347 potestatem
946 5263 1114 5330 abeamus
1129 5281 1139 5349 3
1164 5260 1215 5326 616
1239 5264 1373 5347 tamen,
1391 5261 1511 5330 utilia
1534 5225 1656 5330 etilla
1672 5266 1772 5330 curte
1796 5265 1985 5350 pastenata
2000 5265 2036 5330 et
2051 5269 2195 5350 operata
2211 5267 2247 5332 61
2263 5266 2423 5350 cultata,

567 5413 661 5482 siout
684 5414 868 5503 meruerit,
893 5420 941 5503 et,
965 5418 1006 5482 ut
1029 5433 1138 5502 supra
1168 5414 1335 5503 diximus,
1360 5417 1585 5484 remittamus
1609 5415 1691 5484 illut
1713 5415 1752 5482 in
1775 5435 1858 5503 pars
1881 5418 1993 5504 ipsius
2016 5417 2163 5486 ecclesie
2186 5423 2324 5488 etcum
2356 5439 2419 5487 or-

567 5588 683 5654 ganea
706 5569 818 5656 ipsius
844 5569 992 5637 ecclesie
1015 5569 1062 5636 da
1087 5571 1160 5655 ipso
1183 5569 1304 5635 vinum
1330 5569 1584 5657 reponendum,
1609 5569 1639 5637 si
1665 5571 1746 5641 illas
1770 5572 1987 5659 abuerimuS,
2015 5573 2241 5642 remittamus
2266 5573 2349 5642 illut
2376 5575 2415 5642 iu

568 5743 653 5810 pars
677 5723 790 5809 ipsins
813 5724 973 5811 ecclesie,
998 5730 1033 5793 et
1057 5725 1105 5792 sic
1131 5723 1245 5793 licead
1268 5743 1322 5791 me
1346 5728 1381 5791 et
1398 5725 1486 5812 meis
1509 5724 1701 5794 heredibus
1717 5715 1799 5807 inde
1814 5725 1915 5795 exire
1931 5746 2012 5826 cum
2029 5729 2149 5797 omnia
2165 5735 2289 5800 nostra
2307 5751 2421 5803 causa

564 5877 712 5943 mobilia
737 5883 771 5944 61
795 5896 999 5965 perp-omns,
1026 5877 1083 5942 ubi
1112 5877 1337 5943 voluerimus.
1364 5866 1511 5952 Quodsi
1537 5877 1660 5946 taliter
1683 5867 1804 5966 omnia
1827 5883 2074 5968 suprascripta
2098 5901 2181 5967 pars
2214 5884 2328 5971 ipsius
2366 5905 2422 5954 66-
