5466 7106
1018 549 1420 624 ulphollhrlobs
2060 553 2103 626 al

297 793 362 864 per
385 777 545 844 nostram
567 774 808 846 firmissimam
832 775 1048 864 chartulam,
1066 775 1159 846 unde
1181 776 1277 844 omni
1302 793 1423 845 annuo
1437 775 1499 846 dat
1514 775 1619 846 nobis
1640 779 1677 845 et
1696 776 1741 848 ad
1757 778 2003 866 suprascripta
2017 784 2146 851 sancta

298 930 425 998 nostra
446 926 598 998 ecclesia
620 928 701 996 auri
724 931 821 998 taros
842 925 976 1014 decem,
992 926 1148 1014 qualiter
1171 925 1250 1014 ipsa
1271 924 1438 996 chartula
1460 927 1618 997 continet
1641 932 1677 1030 et
1698 929 1868 1018 reclarat,
1884 935 1920 999 et
1942 933 2051 999 habet
2073 931 2142 1000 ibi-

298 1081 379 1152 dem
402 1099 527 1170 passos
550 1079 762 1170 octuaginta
784 1083 871 1150 tres:
897 1081 927 1148 A
951 1078 1203 1167 septemtrione
1220 1097 1301 1148 cum
1316 1077 1389 1162 via,
1405 1082 1440 1147 et
1456 1079 1566 1148 habet
1589 1077 1721 1148 ibidem
1740 1098 1861 1168 passos
1877 1081 2145 1169 quinquaginta

297 1255 363 1306 sex
385 1238 422 1304 et
445 1233 629 1322 medium;
659 1236 726 1304 toti
750 1252 835 1304 vero
859 1231 1094 1322 suprascripti
1117 1233 1213 1320 passi
1237 1231 1437 1303 mensurati
1466 1233 1512 1303 ad
1535 1251 1679 1319 passum
1714 1233 1758 1302 de
1780 1237 1882 1303 curte
1905 1239 2053 1306 sanctae
2076 1240 2152 1307 sta-

295 1390 425 1458 vianae
448 1385 630 1456 ecclesiae.
656 1387 708 1456 lta
731 1390 772 1455 ut
793 1384 1042 1474 suprascripta
1057 1385 1185 1456 inclita
1201 1404 1274 1455 una
1291 1385 1387 1474 petia
1410 1404 1490 1457 mea
1512 1386 1556 1456 de
1578 1390 1679 1456 terra
1701 1406 1771 1474 que
1787 1389 1975 1458 arbustum
1997 1405 2074 1459 esse
2098 1391 2151 1460 vi·

301 1541 417 1627 detur,
441 1539 595 1627 qualiter
618 1541 783 1627 superius
804 1537 873 1607 tibi
896 1539 935 1606 in
959 1537 1101 1627 colligio
1122 1538 1217 1626 dedi,
1243 1541 1283 1606 ln
1306 1558 1347 1609 eo
1374 1543 1507 1610 etenim
1529 1547 1663 1632 tenore,
1688 1546 1864 1630 quatenus
1887 1547 1930 1614 tu
1953 1549 1989 1614 et
2011 1543 2065 1612 tui
2089 1545 2153 1617 he-

300 1692 402 1761 redes
425 1710 472 1760 ex
494 1691 638 1780 integra
661 1689 761 1759 illam
784 1693 874 1760 bene
896 1694 932 1759 et
954 1689 1148 1778 diligenter
1171 1692 1342 1780 vitigiare
1365 1697 1402 1762 et
1424 1696 1611 1764 arbustare
1640 1699 1748 1782 atque
1776 1697 1933 1769 fructare
1956 1701 2145 1787 debeatis,

300 1855 336 1918 et
359 1867 421 1936 per
444 1865 565 1916 omnes
587 1847 677 1916 finos
700 1846 777 1916 eius
800 1845 967 1917 claudere
983 1850 1019 1914 et
1035 1845 1223 1915 defendere
1246 1846 1419 1935 debeatis,
1434 1848 1556 1918 omnia
1572 1849 1618 1918 ad
1635 1853 1753 1918 vestra
1777 1869 1935 1939 expensa
1958 1857 2148 1942 vestroque

298 2005 419 2071 labore
443 2001 608 2072 laborare
632 2007 666 2070 et
690 2006 920 2104 restaurare,
934 2005 1040 2088 atque
1057 1999 1104 2070 ad
1118 1998 1297 2068 meliorem
1322 1999 1457 2068 cultum
1472 2002 1665 2089 perducere
1687 2003 1860 2090 debeatis,
1877 2009 1913 2073 et
1934 2005 2057 2074 omnia
2080 2025 2151 2094 que

299 2154 433 2224 ibidem
459 2155 624 2222 dominus
646 2155 733 2223 deus
755 2155 893 2224 dederit
914 2156 1039 2223 subtus
1061 2155 1098 2221 et
1120 2170 1239 2240 super,
1262 2153 1302 2221 in
1317 2157 1381 2224 tua
1396 2155 1637 2244 heredumque
1660 2159 1802 2225 tuorum
1822 2160 1896 2227 sint
1910 2162 2085 2246 potestate
2102 2181 2151 2232 ex

294 2308 373 2395 ipsa
400 2306 522 2395 trugia
544 2307 700 2376 faciendi
723 2306 844 2376 omnia
865 2326 936 2394 que
950 2305 1148 2395 volueritiS,
1171 2305 1266 2376 unde
1287 2305 1425 2376 nullam
1441 2312 1581 2395 partem
1604 2307 1670 2376 tibi
1686 2309 1828 2396 tuisque
1851 2311 2040 2380 heredibus
2065 2331 2155 2400 que·

297 2479 421 2531 ramus
444 2464 508 2529 aut
529 2459 696 2528 tollamus
717 2477 780 2546 per
803 2459 942 2526 nullum
957 2457 1110 2526 modum.
1127 2459 1379 2528 Tantummodo
1402 2464 1442 2528 tu
1465 2465 1501 2529 et
1523 2461 1577 2530 tui
1599 2463 1748 2531 heredes
1771 2465 2008 2536 omni-annuo
2032 2484 2145 2553 usque

297 2617 337 2686 in
367 2616 625 2704 sempiternum
656 2613 743 2685 dare
772 2617 808 2684 et
836 2613 1012 2685 adducere
1040 2611 1200 2682 debeatis
1228 2613 1331 2681 nobis
1358 2611 1561 2700 nostrisque
1584 2615 1735 2700 posteris
1763 2619 1799 2684 et
1830 2615 1876 2684 ad
1899 2617 2146 2705 suprascripta

300 2773 428 2840 sancta
449 2774 575 2840 nostra
598 2769 750 2839 ecclesia
774 2769 815 2836 in
838 2767 897 2836 die
920 2766 1125 2837 festivitatis
1146 2770 1292 2836 sanctae
1314 2765 1451 2836 mariae
1474 2765 1518 2836 de
1541 2783 1661 2834 mense
1684 2772 1825 2855 agusto,
1841 2769 1933 2838 idest
1955 2771 2035 2839 auri
2050 2773 2149 2840 tares

300 2925 429 2990 nobem
452 2923 536 2991 boni
558 2920 698 3008 pesanti
721 2919 761 2986 in
784 2937 875 3006 capu
898 2921 934 2987 et
956 2916 1184 3004 negotiantili
1197 2917 1274 2986 sine
1290 2917 1492 2987 detinentis
1514 2923 1550 2988 et
1566 2922 1699 3008 absque
1723 2923 1859 3009 iuncta,
1875 2925 1912 2990 et
1927 2921 1995 2992 due
2010 2922 2148 3010 galline

297 3075 376 3144 sine
393 3075 490 3145 omni
507 3079 630 3145 nostra
653 3073 912 3144 amaricatione
934 3070 992 3141 vel
1013 3030 1243 3141 damnietate.
1268 3073 1417 3158 Insuper
1440 3089 1501 3140 vos
1525 3075 1561 3140 et
1575 3073 1686 3141 vestri
1703 3074 1851 3142 heredes
1874 3075 2084 3164 recolligere
2106 3082 2143 3148 et

292 3225 471 3298 adducere
493 3228 651 3298 debeatis
675 3227 776 3296 nobis
799 3227 1000 3313 nostrisque
1022 3224 1175 3314 posteris
1190 3227 1229 3295 in
1252 3227 1497 3314 suprascripta
1521 3226 1714 3296 festivitate
1736 3231 1885 3296 sanctae
1909 3231 2045 3300 mariae
2070 3231 2139 3319 ipsi

294 3387 391 3453 lares
413 3381 547 3470 decem,
571 3381 663 3468 quod
687 3380 813 3449 solitus
837 3382 891 3448 est
905 3377 1008 3446 nobis
1024 3377 1224 3466 persolvere
1246 3379 1513 3466 suprascriptus
1536 3379 1758 3466 grimoaldus
1781 3380 1856 3450 filio
1879 3384 2041 3453 maranoi
2065 3404 2146 3454 cum

292 3537 367 3606 suis
389 3515 594 3621 heredibus,
625 3536 661 3601 et
691 3532 754 3603 alii
777 3537 875 3602 teres
898 3532 1032 3620 decem,
1057 3531 1150 3620 quod
1174 3530 1298 3601 solitus
1321 3537 1375 3601 est
1397 3535 1500 3602 nobis
1522 3534 1612 3602 dare
1637 3535 1811 3606 iohannes
1834 3539 2036 3608 rafaniulus
2058 3557 2142 3608 cum

294 3692 370 3761 suis
392 3688 601 3776 heredibus,
625 3683 808 3774 usquequo
831 3684 933 3754 nobis
956 3684 1160 3771 nostrisque
1188 3655 1339 3772 posteris
1362 3685 1567 3774 placuerit,
1591 3688 1646 3756 Ita
1670 3693 1710 3756 ut
1731 3689 1877 3777 integra
1899 3695 2144 3780 suprascripta

297 3848 399 3915 terra
422 3860 494 3910 non
517 3839 780 3928 presummatis,
804 3855 869 3906 neo
891 3837 1059 3908 habeatis
1084 3836 1271 3906 licentiam
1293 3855 1354 3906 vos
1376 3842 1413 3907 et
1436 3838 1548 3906 vestri
1571 3838 1719 3908 heredes
1742 3840 1828 3908 dare
1851 3844 1916 3910 aut
1931 3841 2140 3931 subiugare,

294 3993 351 4064 vel
374 3993 516 4063 offerire
538 3991 584 4062 ad
607 3989 902 4080 qualemcumque
925 4008 1114 4078 personam
1136 3989 1192 4060 vel
1216 3990 1294 4060 loca
1316 4009 1397 4060 cum
1419 3977 1562 4079 scriptis
1585 3995 1650 4061 aut
1666 3995 1800 4080 absque
1822 3993 1979 4096 scriptis,
1992 4012 2059 4064 nec
2076 4015 2140 4084 per

294 4152 433 4222 nullum
456 4149 598 4218 modum
622 4151 687 4220 aut
709 4147 910 4235 ingenium.
938 4147 1212 4234 Verumtamen,
1236 4145 1269 4213 si
1292 4147 1334 4212 tu
1357 4144 1412 4214 vel
1436 4145 1492 4214 tui
1508 4144 1657 4214 heredes
1674 4145 1791 4215 lacere
1812 4146 1999 4216 volueritis
2023 4147 2063 4215 in
2085 4166 2145 4218 su-

294 4307 496 4396 prascripta
518 4306 618 4372 terra
639 4319 752 4370 unum
776 4300 932 4369 reditum
958 4316 1021 4387 pro
1043 4300 1165 4366 vestra
1179 4295 1352 4383 utilitate,
1375 4295 1561 4368 licentiam
1584 4299 1758 4369 habeatis.
1784 4299 1830 4367 Et
1852 4316 1925 4367 non
1940 4302 2143 4371 habeamus

294 4461 479 4533 licentiam
501 4475 567 4526 nos
588 4461 625 4528 et
640 4459 772 4528 nostris
786 4455 938 4546 posteris
954 4451 1053 4523 vobis
1069 4449 1268 4539 vestrisque
1290 4448 1483 4520 heredibus
1507 4451 1626 4521 eicere
1648 4451 1779 4521 exinde
1802 4452 1898 4521 foras
1917 4471 1981 4539 per
2003 4452 2144 4542 nullum

294 4613 437 4684 modum
458 4630 520 4681 vos
542 4615 579 4682 et
601 4609 710 4681 vestri
734 4609 892 4702 heredes,
909 4609 1035 4678 dantes
1057 4610 1094 4676 et
1115 4605 1355 4696 persolventes
1377 4605 1480 4675 nobis
1502 4605 1704 4694 nostrisque
1726 4607 1878 4693 posteris
1900 4610 1936 4675 et
1951 4607 1998 4676 ad
2012 4627 2139 4697 supra-

293 4765 431 4854 scripta
453 4769 579 4837 sancta
600 4767 724 4834 nostra
746 4762 898 4834 ecclesia
919 4761 1017 4830 omni
1044 4778 1140 4830 anno
1165 4759 1204 4826 in
1226 4758 1473 4848 suprascripta
1502 4755 1698 4827 festivitate
1727 4759 1876 4827 sanctae
1898 4757 2037 4829 mariae
2059 4759 2144 4830 auri

293 4926 391 4990 tares
412 4923 539 4990 nobem
561 4923 597 4990 et
619 4920 687 4989 due
709 4916 867 5009 galline,
891 4914 1044 5003 qualiter
1074 4911 1239 5002 superius
1262 4913 1406 5003 legitur.
1440 4911 1539 4990 Quod
1571 4910 1602 4980 si
1634 4909 1742 4980 aliter
1773 4911 1979 4998 provenerit
2014 4913 2058 4982 de
2082 4912 2141 4982 his

293 5075 458 5144 omnibus
481 5071 748 5162 suprascriptis,
771 5075 857 5141 tunc
880 5069 1123 5160 componimus
1144 5087 1209 5138 nos
1236 5073 1274 5138 et
1296 5065 1430 5138 nostris
1446 5066 1597 5155 posteris
1614 5065 1713 5134 vobis
1728 5065 1928 5153 vestrisque
1949 5063 2139 5136 heredibus

292 5229 374 5301 auri
390 5229 519 5298 solidos
541 5227 697 5318 triginta
720 5229 935 5316 bytianteos
960 5227 1006 5295 Et
1027 5228 1093 5297 hec
1115 5225 1283 5295 chartula
1298 5223 1346 5294 sit
1367 5223 1472 5294 firma
1495 5224 1544 5292 im
1560 5226 1786 5312 perpetuum.
1811 5222 1953 5310 Scripta
1974 5241 2039 5310 per
2063 5241 2141 5294 ma·

292 5398 362 5452 nus
385 5381 480 5471 petri
503 5380 626 5451 clerici
650 5384 686 5450 et
706 5379 843 5449 notarii
859 5397 901 5448 ae
917 5378 1083 5468 primarii
1098 5397 1161 5466 per
1185 5379 1466 5468 suprascriptam
1489 5375 1723 5447 indictionem
1747 5378 1923 5449 octabam.
2047 5371 2049 5376 ’

338 5507 369 5624 †
394 5535 635 5607 onnoonrus
658 5533 887 5603 nersooeus
910 5531 1151 5603 sunsonrrsr

338 5660 370 5778 †
394 5689 586 5778 Gregorius
609 5687 889 5777 archipresbiter
912 5687 1017 5757 testis
1040 5705 1118 5756 sum
1258 5683 1263 5688 '

335 5815 368 5932 †
392 5842 447 5914 leo
469 5841 646 5932 presbiter
668 5843 772 5912 testis
794 5861 885 5911 sum.

997 5989 1404 6009 h--n-——u———n
