5466 7106
629 581 702 658 118.
1283 581 1455 654 cobnx
1488 583 1754 657 CAVENSIS

581 805 850 893 septemtrionis
873 808 945 876 tine
969 808 1050 896 ipsa
1072 807 1200 895 padule
1223 807 1426 896 pertinente
1450 808 1561 896 ipsios
1584 809 1746 897 66616616,
1770 808 1924 894 indeque
1947 808 2043 894 passi
2066 807 2299 894 septuaginta
2321 805 2437 895 quad·

577 963 677 1047 tuor;
711 961 842 1032 debeo
866 966 989 1030 antem
1013 963 1119 1030 rebus
1142 961 1239 1032 inira
1261 961 1439 1050 predictas
1462 962 1551 1032 fines
1581 967 1617 1033 et
1639 981 1827 1032 mensuras
1849 959 1978 1032 inolita
2001 960 2191 1030 medietate
2213 959 2354 1048 inpare
2376 969 2438 1030 oc'·

577 1111 731 1184 ridentis
757 1113 790 1182 61
815 1113 859 1184 ad
882 1111 1115 1183 laborandum
1141 1111 1386 1200 tradideram,
1410 1131 1474 1182 seu
1496 1119 1532 1184 et
1554 1113 1774 1184 tradideram
1797 1114 1832 1182 ei
1860 1116 1967 1182 extra
1989 1112 2083 1200 ipsas
2106 1130 2293 1182 mensuras
2315 1129 2434 1201 quan·

577 1269 654 1334 tum
677 1267 757 1356 plus
780 1269 936 1356 potnerit
958 1268 1098 1338 intrare
1121 1270 1160 1336 in
1183 1269 1261 1355 ipsa
1285 1267 1415 1356 padule
1438 1265 1484 1336 ad
1507 1265 1740 1336 laborandum
1763 1284 1873 1352 usque
1904 1266 1973 1352 ipsi
2005 1265 2126 1334 decem
2159 1263 2248 1336 anni
2272 1266 2429 1354 conpleti

577 1419 674 1490 sicut
698 1421 776 1512 ipso
798 1421 941 1490 brebem
966 1420 1149 1509 continet,
1180 1369 1351 1510 scriptum
1382 1439 1446 1508 per
1470 1419 1658 1489 mirandus
1686 1419 1851 1488 notarius
1878 1421 2085 1488 rovoretum
2119 1418 2365 1506 sufficientem
2395 1425 2434 1490 et

577 1591 658 1640 cum
682 1574 799 1660 ipsum
823 1573 966 1642 brebem
991 1573 1061 1642 ltrit
1082 1573 1237 1656 lectum,
1261 1576 1368 1660 tunc,
1392 1572 1486 1642 siout
1511 1577 1663 1660 utraque
1686 1575 1791 1660 parte
1814 1569 2042 1659 conplacuit,
2073 1571 2206 1641 tradidi
2236 1589 2303 1658 ego
2330 1571 2364 1640 ei
2388 1572 2433 1642 de

570 1725 656 1814 'ipsa
682 1726 843 1814 predicta
865 1729 972 1797 rebus
995 1727 1087 1816 quod
1112 1728 1146 1796 ei
1170 1726 1342 1796 traditam
1366 1728 1450 1796 abui
1476 1727 1513 1794 in
1538 1746 1621 1814 pars
1645 1727 1850 1814 occidentis,
1876 1725 2042 1795 videlicet
2065 1724 2260 1812 incipiente
2283 1725 2330 1794 da
2353 1727 2434 1813 ipsa

577 1879 714 1948 rebolta
737 1881 776 1948 in
799 1900 885 1968 pars
907 1881 1102 1952 occidentis
1125 1883 1263 1949 rectum
1291 1884 1327 1950 et
1357 1882 1500 1950 exiente
1533 1879 1571 1947 in
1602 1881 1676 1949 1166
1702 1880 1823 1948 domni
1855 1880 2051 1968 radelghisi
2082 1878 2237 1965 indeque
2266 1880 2432 1949 abentem

577 2031 671 2152 passi
688 2036 888 2122 nonaginta
913 2034 1103 2122 quadtuor,
1130 2039 1165 2103 et
1185 2033 1316 2103 abinde
1339 2032 1542 2102 rebolbente
1566 2033 1605 2100 in
1629 2037 1732 2120 parte
1759 2032 2026 2120 septemtrionis
2048 2037 2174 2100 contra
2196 2031 2275 2120 ipsa
2297 2031 2430 2118 padule

576 2191 661 2256 sunt
684 2187 767 2255 inde
791 2187 886 2274 passi
911 2193 1054 2257 centnm
1078 2187 1212 2274 biginti
1236 2204 1346 2272 nsque
1371 2184 1448 2274 ipsa
1471 2186 1624 2274 padule,
1654 2191 1690 2256 et
1717 2205 1779 2274 per
1803 2189 1883 2274 ipsa
1906 2185 2034 2274 padule
2057 2187 2141 2254 abet
2163 2201 2286 2272 passos
2308 2191 2433 2255 octua-

576 2338 682 2428 ginta
705 2339 912 2426 qnadtuor:
946 2361 969 2410 a
992 2358 1078 2428 pars
1101 2339 1251 2408 66166616
1274 2340 1345 2408 1166
1370 2339 1482 2426 166166
1505 2337 1653 2408 66616616
1678 2341 1713 2406 66
1744 2337 1827 2406 inde
1855 2337 1951 2424 passi
1974 2341 2118 2407 centum
2151 2338 2284 2425 biginti
2319 2357 2431 2426 usqne

577 2493 654 2580 ipsa
681 2492 818 2560 rebolta
842 2499 960 2580 priore
982 2495 1053 2562 fine
1077 2491 1123 2561 ad
1148 2493 1242 2560 iusto
1265 2509 1409 2578 passum
1440 2489 1551 2559 omini
1582 2495 1858 2561 mensuratum:
1883 2491 1973 2558 16666
1996 2491 2149 2578 denique
2172 2509 2236 2580 per
2260 2491 2350 2561 istas
2373 2511 2433 2580 po-

575 2645 745 2716 steriores
769 2665 955 2716 mensuras
978 2647 1012 2715 ei
1037 2645 1137 2716 modo
1159 2644 1293 2714 tradidi
1317 2663 1397 2712 curn
1422 2643 1498 2713 bioe
1522 2646 1564 2714 de
1590 2647 1650 2716 bia
1672 2663 1748 2716 sua.
1783 2645 1858 2715 Tali
1883 2645 2047 2734 hordine,
2071 2651 2112 2716 nt
2134 2646 2259 2716 amodo
2283 2652 2320 2716 et
2343 2664 2434 2714 sem-

574 2819 637 2888 per
662 2799 707 2868 ad
732 2819 798 2870 sua
821 2807 857 2870 et
880 2801 923 2868 (16
947 2802 1023 2868 6616
1045 2797 1211 2868 66661666
1233 2800 1337 2868 66666
1360 2803 1549 2868 nascentes
1572 2799 1647 2868 sint
1661 2801 1846 2887 potestatis
1868 2799 1950 2868 illut
1964 2801 2158 2869 tenendum
2183 2803 2220 2867 66
2243 2799 2431 2868 dominan-

574 2951 657 3021 dum
685 2958 721 3021 et
745 2955 863 3021 omnis
887 2973 950 3022 sue
976 2953 1145 3022 utilitatis
1169 2952 1219 3020 ibi
1244 2953 1447 3022 iaciendum
1471 2952 1567 3022 iusta
1591 2957 1792 3042 rationem,
1822 2959 1859 3024 66
1882 2953 1965 3024 11161
1988 2958 2100 3023 toturn
2123 2953 2328 3025 annualiter
2352 2972 2432 3041 per·

576 3107 665 3174 lecte
689 3106 886 3192 laboraret,
910 3105 1047 3174 scilicet
1071 3106 1254 3174 arbustum
1280 3103 1396 3190 ipsum
1418 3106 1480 3192 qui
1505 3105 1556 3172 ibi
1580 3111 1633 3174 est
1656 3110 1796 3194 potaret
1820 3111 1855 3176 et
1877 3108 2135 3195 propaginaret
2157 3111 2194 3176 66
2216 3111 2363 3193 666666,
2393 3115 2431 3178 61

575 3278 638 3346 666
662 3259 827 3328 baoibum
850 3259 912 3344 qui
937 3259 1033 3326 inira
1057 3259 1128 3326 ista
1152 3257 1333 3327 mensoria
1356 3263 1423 3343 est,
1448 3262 1593 3328 arbores
1616 3263 1653 3328 et
1677 3261 1770 3329 vites
1793 3265 2000 3349 pastenaret
2028 3262 2071 3331 de
2102 3263 2192 3330 bono
2220 3263 2351 3332 vitinio
2366 3281 2429 3331 sen

575 3411 710 3500 pomis,
735 3417 771 3480 et
795 3410 878 3480 illut
901 3415 1013 3479 totum
1038 3409 1245 3481 annualiter
1269 3411 2007 3504 66166666666661666666661666166666
2031 3413 2081 3484 ibi
2105 3415 2292 3502 meruerit,
2316 3422 2353 3484 et
2375 3414 2428 3484 616

577 3563 660 3632 11166
682 3583 745 3652 per
770 3564 858 3633 istas
880 3581 1067 3634 mensuras
1091 3563 1301 3632 annualiter
1325 3563 1506 3634 laboraret
1529 3564 1665 3636 euitare
1689 3571 1725 3636 et
1748 3571 1938 3655 hoperaret
1968 3567 2011 3637 (16
2035 3587 2143 3655 66666
2165 3573 2201 3638 66
2224 3567 2267 3636 (16
2290 3573 2426 3656 supter,

576 3723 754 3805 quatenus
778 3735 915 3804 semper
940 3717 977 3784 in
1002 3717 1129 3785 melius
1152 3719 1317 3806 proficiat
1340 3724 1376 3787 et
1398 3737 1469 3787 non
1493 3720 1686 3808 dispereat,
1703 3723 1740 3790 et
1757 3724 1886 3789 bonum
1910 3721 2043 3808 paread
2066 3719 2267 3790 laboratum
2292 3726 2328 3790 et
2351 3719 2431 3788 cnl-

576 3875 706 3958 tatum,
731 3873 767 3938 et
791 3871 842 3938 sio
866 3873 1020 3940 certaret
1043 3889 1124 3938 curn
1148 3870 1223 3957 ipso
1246 3871 1411 3940 baoibum
1435 3873 1497 3958 qui
1512 3875 1566 3940 est
1581 3871 1679 3943 inira
1697 3876 1793 3963 ipsas
1809 3892 1995 3944 mensuras
2017 3874 2209 3962 operando,
2234 3879 2275 3941 nt
2302 3874 2432 3944 amodo

577 4029 613 4094 et
635 4043 747 4111 usque
771 4025 890 4093 decern
923 4023 1010 4093 anni
1044 4023 1197 4111 conpleti
1222 4025 1416 4112 perlectum
1440 4027 1627 4094 arbustum
1651 4045 1714 4096 seu
1736 4027 1848 4114 pomis
1871 4025 1921 4094 ibi
1947 4029 2078 4097 abeant
2100 4027 2254 4096 vitatum
2292 4033 2329 4096 et
2351 4031 2430 4095 sto·

577 4177 715 4247 diatnm
738 4180 884 4266 bonum,
908 4177 1012 4265 quale
1035 4177 1078 4248 de
1101 4181 1219 4248 tantos
1242 4195 1367 4266 annos,
1395 4181 1431 4246 66
1446 4177 1629 4247 licentiam
1652 4180 1759 4248 abeat
1783 4179 1884 4248 exire
1900 4179 1939 4246 in
1956 4179 2034 4267 ipsa
2048 4179 2177 4268 padule
2199 4183 2307 4286 entra
2330 4180 2430 4267 ipsas

578 4349 765 4401 mensuras
790 4330 1023 4401 laborandum
1055 4331 1110 4400 661
1141 4332 1401 4419 pastenandum
1434 4337 1470 4401 66
1493 4333 1742 4402 seminandum
1766 4338 1943 4422 quantum
1966 4334 2047 4422 plus
2069 4335 2277 4422 potuerint,
2308 4338 2345 4400 66
2375 4333 2430 4402 16·

577 4485 678 4555 61666
707 4486 756 4553 161
785 4489 918 4572 666666,
948 4484 1039 4554 61666
1065 4487 1238 4555 meruerit
1265 4490 1341 4555 tam
1369 4490 1475 4556 extra
1499 4485 1593 4575 ipsas
1615 4504 1825 4574 mensurae,
1853 4505 1961 4573 quam
1984 4490 2021 4554 et
2044 4486 2142 4556 intra
2167 4486 2264 4574 ipsas
2285 4503 2429 4555 mensu·

577 4659 660 4728 ras,
684 4639 777 4708 sicut
808 4637 888 4724 6166
918 4637 1124 4725 potuerint,
1155 4640 1191 4706 et
1223 4638 1357 4707 studiet
1384 4639 1498 4727 ipsum
1530 4638 1744 4709 seminatum
1775 4643 1812 4707 et
1835 4640 1914 4726 ipsa
1936 4645 2079 4727 ortora,
2108 4641 2203 4709 61666
2224 4641 2427 4724 meruerit,

576 4797 611 4860 et
648 4791 692 4860 de
728 4789 845 4858 omnis
881 4786 1039 4857 frudiurn
1067 4793 1103 4856 et
1125 4787 1263 4858 labores
1287 4808 1394 4877 quam
1418 4790 1502 4860 inde
1524 4791 1685 4880 exierit,
1709 4792 1752 4862 de
1774 4796 1887 4862 toturn
1908 4791 2011 4862 daret
2033 4811 2095 4879 per
2120 4810 2256 4862 annum
2280 4791 2319 4860 in
2344 4809 2430 4880 para

580 4945 695 5034 ipsius
719 4947 868 5016 66616616
893 4946 986 5014 16616
1009 4944 1221 5016 terraticum
1243 4949 1281 5014 et
1303 4945 1489 5014 servitium
1513 4946 1707 5016 secundum
1730 4946 1944 5018 consuetudo
1967 4947 2010 5016 de
2040 4949 2116 5034 ipso
2146 4947 2274 5014 locum.
2299 4949 2336 5016 66
2366 4963 2431 5034 per

578 5103 736 5188 tempore
761 5101 803 5170 de
827 5099 1005 5170 vindemie
1028 5099 1234 5172 annualiter
1256 5101 1354 5169 omni
1377 5105 1534 5186 tempore
1559 5099 1695 5170 iaciant
1718 5100 1810 5169 66166
1832 5118 1916 5188 6666
1938 5100 2051 5188 ipsius
2081 5099 2319 5187 ecclesio,·ut
2342 5081 2447 5168 illuo'

577 5253 723 5344 dirigad
738 5255 887 5322 missum
903 5273 1021 5344 sunm,
1037 5260 1072 5324 et
1088 5253 1162 5323 illis
1184 5255 1269 5323 totis
1292 5251 1450 5324 arbustis
1474 5252 1625 5342 indeque
1649 5252 1912 5324 rationabiliter
1936 5251 2215 5341 vindemiarent,
2238 5256 2275 5321 et
2299 5251 2426 5320 vinum

578 5408 693 5496 ipsum
717 5408 761 5480 ad
784 5409 1005 5496 palmentum
1028 5411 1266 5495 procuraret,
1289 5410 1325 5474 et
1348 5405 1463 5474 omnis
1485 5424 1590 5493 poma
1613 5403 1743 5475 exinde
1763 5405 1837 5474 6616
1860 5403 2079 5495 temporibus
2101 5403 2287 5494 colligeret
2308 5409 2346 5476 66
2369 5405 2428 5476 (11·

577 5562 746 5634 vidantur
770 5563 867 5633 inter
890 5581 954 5632 nos
978 5580 1041 5650 per
1065 5561 1315 5630 medietatem:
1340 5557 1487 5628 missurn
1510 5558 1623 5648 ipsius
1646 5556 1793 5627 ecclesie
1816 5556 1927 5629 tollad
1948 5557 2032 5627 illut
2054 5558 2282 5628 medietatem
2300 5563 2336 5630 et
2352 5559 2430 5629 illis

578 5715 817 5804 medietatem,
842 5723 878 5786 ot
902 5718 980 5803 ipsa
1003 5713 1193 5786 medietate
1215 5711 1258 5781 de
1281 5713 1405 5781 vinum
1429 5711 1541 5800 ipsius
1565 5710 1711 5781 66616616
1735 5710 1807 5779 11116
1829 5717 1990 5799 portaret
2005 5731 2069 5800 per
2085 5730 2222 5782 annum
2246 5711 2293 5782 ad
2315 5712 2426 5784 cella·

577 5869 673 5952 rium
698 5871 810 5958 ipsius
833 5871 980 5941 ecclesie
1004 5871 1095 5956 quod
1119 5870 1264 5937 abemus
1287 5867 1326 5934 in
1350 5866 1425 5952 ipso
1449 5864 1561 5933 iocum
1586 5864 1745 5950 nucerio,
1762 5863 1970 5933 ubidicitur
1993 5865 2039 5934 ad
2062 5865 2172 5951 pariti
2192 5914 2202 5952 ,
2220 5868 2257 5934 66
2279 5863 2450 5936 mittant·
