5422 7102
1029 554 1429 630 nlvtouarlcus
1486 615 1490 622 .
2029 557 2095 630 eol

297 777 426 845 inclita
449 777 554 844 rebus
578 793 641 861 per
666 775 762 862 ipsas
785 777 875 844 fines
897 781 934 846 et
956 797 1141 849 mensuras
1163 779 1274 867 clusa,
1298 785 1410 866 surta,
1434 784 1580 866 operata
1603 785 1639 847 61
1661 782 1816 866 perlecta
1839 781 2002 852 lavorata
2023 802 2146 870 perve-

297 925 400 994 niant
423 925 468 994 ad
492 943 572 994 maa
594 925 649 993 vol
673 926 715 994 da
738 927 826 994 mais
849 927 1015 996 aradibus
1031 935 1253 1017 potestatem,
1270 951 1351 999 cum
1366 933 1441 1000 vice
1465 932 1508 1001 de
1531 935 1590 1003 via
1613 953 1690 1022 sua,
1714 938 1750 1003 61
1773 955 1855 1005 cum
1878 937 1955 1024 ipsa
1972 938 2088 1007 redita
2103 942 2140 1006 61

296 1081 519 1168 palmentum
543 1083 579 1148 61
603 1099 682 1147 cum
706 1083 785 1168 ipsa
808 1099 981 1170 organea,
1005 1087 1041 1149 et
1064 1083 1136 1151 illis
1160 1083 1272 1154 licead
1297 1085 1380 1153 inda
1403 1085 1504 1154 exire
1527 1104 1609 1153 cum
1632 1087 1746 1154 omnis
1761 1105 1828 1156 sua
1843 1087 2002 1156 movilia.
2023 1089 2091 1156 Seu
2106 1091 2142 1156 at

296 1235 326 1301 si
350 1233 397 1303 da
420 1234 489 1320 ipsi
512 1236 586 1302 tras
610 1235 696 1303 anni
721 1234 761 1301 in
784 1237 892 1304 antea
913 1233 956 1303 da
980 1255 1022 1304 66
1045 1239 1143 1304 16116
1165 1234 1388 1305 salernitana
1410 1234 1542 1304 exierit
1565 1234 1679 1304 aliubi
1701 1235 1747 1305 ad
1770 1235 1995 1321 avitandum,
2021 1239 2085 1306 aut
2110 1235 2141 1302 si

296 1387 419 1455 amodo
443 1387 482 1454 in
505 1391 614 1456 antea
635 1389 743 1457 talam
767 1387 890 1457 lecerit
913 1389 1066 1476 culpam,
1091 1388 1185 1457 unda
1202 1390 1240 1456 in
1255 1388 1430 1476 palatium
1453 1393 1517 1457 aut
1540 1388 1629 1457 aliis
1642 1389 1896 1475 cuiuscumque
1912 1404 2063 1475 persone
2079 1406 2136 1455 ca-

296 1537 414 1605 cidera
438 1537 653 1624 debuerint,
679 1541 763 1606 tunc
788 1539 914 1608 inclita
937 1541 1044 1607 rebus
1067 1539 1112 1608 ad
1135 1558 1216 1608 mea
1238 1539 1291 1606 vel
1317 1539 1360 1607 de
1382 1538 1470 1605 meis
1492 1539 1656 1606 aradibus
1678 1537 1872 1626 perveniad
1896 1543 2129 1626 potestatam:

296 1693 414 1775 preter
437 1691 469 1756 si
494 1688 592 1757 inira
614 1691 731 1758 tribus
755 1690 845 1758 anni
869 1691 1003 1758 reversi
1027 1691 1176 1778 luerint,
1200 1690 1256 1756 vel
1279 1690 1322 1758 de
1345 1691 1423 1778 ipsa
1447 1688 1551 1777 culpa
1574 1691 1756 1759 ebasarint
1777 1693 1815 1758 61
1838 1690 2017 1758 voluerint
2032 1694 2137 1759 rebus

296 1837 374 1924 ipsa
398 1841 437 1907 in
460 1839 663 1925 supradicto
685 1839 808 1906 ordine
831 1843 953 1907 tenera
975 1859 998 1908 a
1020 1842 1124 1926 parte
1147 1859 1226 1909 maa
1247 1840 1303 1910 vel
1318 1842 1361 1909 de
1377 1843 1466 1910 meis
1480 1841 1658 1927 aradibus,
1676 1843 1889 1928 potestatem
1904 1844 2036 1910 abeant
2055 1842 2137 1910 illut

297 1995 421 2059 tenera
445 1993 484 2058 in
508 1992 712 2079 supradicto
735 1993 885 2062 ordine:
910 1997 1051 2062 tantum
1074 1995 1150 2080 ipso
1173 2011 1309 2062 annum
1331 1994 1424 2082 quod
1447 1995 1576 2062 ibidem
1601 1994 1762 2080 redierit,
1787 1991 1818 2060 si
1842 1993 1920 2081 ipsa
1944 1996 2050 2063 robus
2086 1997 2139 2066 la-

295 2149 420 2213 161616
444 2145 566 2233 suerit,
589 2166 653 2232 per
676 2163 740 2213 nos
763 2151 826 2214 aut
848 2165 912 2233 per
935 2146 1017 2214 aliis
1039 2163 1112 2211 non
1135 2145 1245 2214 tollad
1270 2145 1353 2213 inde
1376 2145 1519 2231 aliquod
1543 2145 1699 2212 irudium
1722 2147 1798 2234 ipso
1820 2165 1972 2232 annum;
1996 2149 2039 2217 de
2070 2170 2142 2236 qua

301 2319 364 2386 per
390 2317 517 2370 vonam
541 2302 836 2369 comvenientiam
859 2299 993 2388 guadia
1016 2301 1106 2368 mihi
1131 2299 1204 2386 ipsa
1227 2317 1352 2368 mauro
1374 2298 1454 2368 dadi
1477 2303 1513 2368 61
1535 2300 1765 2370 mediatorem
1789 2302 1878 2369 mihi
1900 2303 2020 2389 posuit
2035 2323 2071 2372 sa
2089 2306 2141 2391 ip·

299 2471 376 2519 sum
399 2471 569 2538 maurus;
593 2457 629 2521 at
651 2472 713 2539 per
737 2451 815 2538 ipsa
837 2453 974 2539 guadia
997 2455 1060 2522 etc.
1088 2455 1236 2521 Statuta
1259 2457 1394 2522 mulcta
1416 2455 1677 2540 quinquaqinta
1700 2457 1786 2522 auri
1816 2456 2011 2524 solidorum
2046 2459 2134 2526 Gou-

298 2607 467 2672 stoutiut.
493 2609 729 2674 veruntamen
753 2623 790 2670 oc
815 2605 1015 2692 recolimuS,
1038 2607 1123 2692 quia
1148 2607 1224 2691 ipsa
1246 2606 1306 2672 via
1329 2608 1391 2690 qui
1414 2610 1467 2674 ast
1490 2607 1535 2674 ab
1560 2605 1638 2690 ipsa
1659 2611 1761 2692 parte
1784 2609 1992 2698 occidentis,
2008 2615 2062 2678 est
2078 2613 2139 2678 via

295 2757 454 2845 publica,
478 2761 514 2826 et
536 2759 631 2826 hunc
653 2761 797 2827 brebem
822 2759 947 2846 scripsi
971 2776 1037 2845 ego
1060 2758 1218 2826 ademari
1242 2759 1417 2826 notarius.

345 2881 375 2993 †
401 2912 476 2996 Ego
499 2909 692 2979 roderisius

340 3035 370 3148 †
395 3065 470 3148 Ego
495 3063 667 3131 iohannes
689 3064 851 3131 notarius
874 3082 930 3130 me
954 3064 1162 3148 subscripsi.

999 3573 1425 3653 DCCCXXXIJI.

1079 3834 1132 3911 A·
1161 3832 1210 3910 D.
1240 3828 1360 3911 1031.

337 4065 374 4205 †
401 4119 441 4184 ln
465 4117 609 4185 nomine
632 4119 767 4186 domini
791 4119 849 4187 dei
873 4117 1041 4188 salvatori
1067 4119 1168 4187 ihesu
1192 4117 1319 4186 christi
1349 4136 1445 4187 anno
1480 4121 1525 4197 ab
1555 4118 1806 4187 incarnatione
1841 4121 1917 4188 aius
1951 4121 2136 4190 millesimo

289 4271 485 4340 centesimo
508 4271 694 4359 trigesimo
717 4275 845 4360 primu,
869 4273 927 4341 die
951 4275 1076 4341 octaba
1100 4272 1230 4338 mensis
1253 4273 1389 4356 martii,
1409 4271 1603 4340 indictione
1618 4289 1726 4358 nona,
1744 4271 1877 4340 amalfi.
1898 4274 1972 4359 Ego
1988 4275 2133 4361 quidem

276 4441 434 4511 ,gemma
456 4421 534 4492 fllia
556 4425 649 4510 petri
673 4424 867 4494 cantalena
889 4423 932 4492 dc
956 4423 1169 4492 transmonti
1194 4443 1217 4492 a
1238 4425 1395 4510 presenti
1418 4424 1476 4491 dia
1499 4424 1743 4510 promtissima
1765 4423 1958 4493 volumtate
1987 4425 2131 4495 tradere

288 4579 323 4642 et
348 4575 537 4662 assignare
560 4577 637 4643 visa
661 4595 739 4643 sum
763 4574 863 4642 vobis
887 4576 1035 4644 iohanni
1059 4579 1250 4662 tacapanta
1272 4575 1347 4642 filio
1370 4577 1527 4662 gregorii
1551 4577 1593 4644 de
1616 4576 1698 4643 bicu
1722 4577 1758 4642 61
1780 4573 1908 4644 domne
1923 4595 2060 4664 gemme
2077 4575 2132 4644 iu-

286 4728 399 4816 galia,
424 4729 517 4797 ldest
539 4748 651 4797 unum
674 4729 892 4798 infantulum
916 4729 1029 4796 filium
1052 4732 1213 4797 nostrum
1236 4727 1377 4795 nomine
1401 4727 1593 4796 iohannem
1607 4726 1700 4812 quod
1715 4726 1824 4794 michi
1846 4728 2049 4815 procreavit
2069 4749 2127 4818 pe-

285 4883 365 4946 trus
390 4879 432 4947 da
456 4879 609 4948 salerno.
634 4880 674 4945 ln
697 4898 740 4947 66
763 4879 926 4948 videlicet
948 4880 1139 4966 rationem,
1163 4884 1204 4947 ut
1226 4881 1272 4950 ab
1295 4879 1442 4948 odierna
1464 4879 1522 4947 die
1545 4883 1581 4948 61
1604 4881 1743 4948 cunctis
1765 4880 1889 4950 dicbus
1913 4883 1988 4950 bite
2011 4889 2127 4954 vestra

259 5125 262 5136 Ι
287 5013 427 5099 servire
451 5033 487 5098 at
510 5031 654 5098 obedire
676 5031 775 5097 vobis
797 5031 951 5116 debeat,
976 5035 1011 5100 61
1033 5049 1170 5100 omnem
1195 5031 1377 5099 servitium
1401 5033 1436 5098 et
1459 5029 1648 5116 imperium
1671 5029 1763 5116 quod
1785 5036 1824 5100 at
1851 5031 1953 5100 illum
1978 5033 2130 5120 impera-

173 5241 178 5248 .
284 5183 422 5269 varitia,
445 5182 503 5250 dia
527 5202 569 5252 ac
593 5186 709 5269 nocte,
735 5183 840 5269 longe
861 5186 898 5250 at
921 5201 1041 5270 prope,
1066 5201 1129 5268 per
1152 5201 1251 5251 mare
1274 5187 1310 5252 61
1332 5203 1394 5271 per
1416 5189 1575 5270 terram,
1601 5187 1713 5252 totum
1736 5186 1835 5254 vobis
1859 5204 1916 5254 eos
1939 5166 2056 5257 tacere
2090 5193 2127 5260 61

283 5334 463 5420 complere
487 5334 614 5404 debeat
636 5334 816 5420 predictus
838 5333 934 5401 lilius
957 5337 1076 5402 noster
1099 5352 1179 5401 cum
1201 5333 1299 5400 omni
1321 5333 1390 5402 fide
1413 5337 1448 5402 at
1472 5335 1721 5420 promptitata,
1745 5352 1809 5402 sau
1832 5335 1910 5404 sina
1940 5336 2064 5405 frauda
2087 5340 2123 5406 et

283 5488 420 5574 absque
444 5489 541 5556 omni
565 5486 808 5574 malignitate,
834 5492 869 5555 61
893 5504 953 5554 vos
975 5486 1076 5553 illum
1099 5487 1295 5572 nutricare,
1319 5489 1355 5552 at
1377 5485 1523 5572 vestire,
1540 5490 1576 5553 et
1603 5484 1739 5554 calzare
1762 5485 1920 5555 debeatis
1944 5488 2040 5557 iusta
2063 5509 2124 5558 ra·

282 5637 379 5707 tione
404 5643 441 5707 61
463 5639 657 5708 secundum
680 5641 837 5705 vestram
859 5635 1131 5723 possivilitatem
1153 5639 1190 5704 61
1212 5636 1329 5705 lacera
1352 5637 1501 5704 adeum
1524 5635 1682 5706 debeatis
1706 5639 1856 5726 benem,
1885 5644 1923 5707 ut
1959 5640 2124 5710 habeatis

279 5789 322 5859 de
347 5791 449 5858 illum
472 5791 668 5860 mercedem
692 5794 727 5858 et
749 5806 876 5856 nomen
900 5789 1043 5874 bonum3
1067 5793 1104 5856 61
1127 5790 1157 5857 si
1182 5790 1304 5876 lugam
1327 5792 1425 5858 vobis
1448 5789 1664 5860 commiserit
1685 5798 1722 5861 61
1747 5793 1786 5860 in
1801 5791 2123 5879 qualibuscumque

435 5945 494 6000 Tou
528 5961 551 5999 v.
1517 5997 1519 6002 ,
1897 5943 1935 6000 26
