5414 7098
602 546 648 618 68
1237 543 1414 618 GODEX
1456 544 1724 622 CAVENSIS

557 774 606 843 tis
628 773 705 842 vice
731 777 855 844 nostra
879 793 961 842 cum
985 775 1055 846 ista
1078 773 1219 844 cartula
1242 777 1380 842 etcum
1404 776 1497 844 anbo
1520 775 1595 861 ipse
1618 776 1772 865 cartule,
1797 797 1866 866 que
1888 776 1955 847 tibi
1972 777 2016 848 ad
2032 775 2273 847 defensionem
2295 773 2408 866 dedit,

555 933 592 999 et
616 947 698 997 curn
723 929 831 1017 quale
854 930 927 1000 alia
950 927 1130 997 monimen
1153 931 1189 996 61
1212 928 1352 998 ratione
1375 945 1444 1015 que
1468 929 1552 999 inde
1575 931 1683 1002 abere
1705 932 1907 1020 potueritis
1924 931 1963 1001 in
1979 931 2144 1024 omnibus
2161 930 2244 999 inde
2260 945 2410 1000 causare

555 1083 591 1149 et
614 1081 723 1151 finem
746 1083 890 1171 facere,
915 1081 1071 1170 qualiter
1095 1079 1306 1168 bolueritis3
1335 1099 1449 1168 nam,
1480 1080 1623 1167 quando
1648 1101 1704 1151 me
1728 1087 1764 1152 et
1787 1100 1883 1152 meos
1906 1084 2028 1152 eredes
2052 1081 2257 1169 quesieritis
2280 1081 2413 1152 exinde

555 1238 664 1306 abere
686 1243 868 1308 auctorem
892 1241 928 1308 et
951 1237 1149 1326 defensore,
1173 1237 1257 1307 date
1280 1237 1369 1304 mihi
1395 1237 1498 1306 etad
1522 1255 1618 1306 meos
1641 1235 1763 1306 eredes
1788 1237 1863 1324 ipse
1885 1238 2010 1308 ambas
2026 1238 2188 1324 cartule,
2213 1257 2283 1324 que
2306 1253 2410 1324 supe·

556 1389 633 1458 rius
656 1389 724 1459 tibi
748 1390 794 1460 ad
817 1390 1055 1459 defensionem
1079 1389 1189 1478 dedit,
1213 1390 1259 1460 ad
1283 1389 1458 1459 abendum
1482 1406 1546 1455 nos
1568 1387 1629 1455 ille
1653 1405 1716 1474 per
1732 1403 1853 1455 omnes
1876 1386 1971 1456 vices
1996 1407 2106 1475 usque
2129 1388 2254 1460 diebus
2276 1387 2409 1477 trigin-

556 1547 623 1630 ta,
658 1548 694 1612 et
717 1561 783 1630 ego
805 1547 841 1611 et
863 1560 959 1611 meos
983 1541 1104 1611 eredes
1128 1541 1210 1608 illut
1233 1541 1299 1610 tibi
1322 1540 1447 1627 tuique
1470 1539 1637 1608 eredibus
1660 1503 1880 1608 defensemus
1900 1590 1908 1628 ,
1944 1541 2038 1609 sieut
2061 1543 2225 1628 superius
2249 1533 2407 1630 legitur3

555 1699 691 1782 etpost
715 1693 919 1782 completim
942 1695 1011 1782 ipsi
1034 1693 1188 1782 triginta
1211 1693 1287 1762 dies
1310 1693 1387 1780 ipse
1409 1689 1547 1760 cartule
1570 1689 1682 1777 salbe,
1700 1691 1805 1776 quale
1830 1691 1889 1759 ille
1914 1691 2015 1758 nobis
2039 1691 2220 1779 dederitis,
2243 1693 2411 1763 remista-

557 1864 637 1914 mus
659 1845 719 1913 ille
735 1845 782 1914 ad
806 1848 963 1914 vestram
987 1847 1212 1932 potestatem,
1232 1845 1277 1912 ad
1300 1842 1479 1912 abendam
1502 1860 1563 1908 vos
1587 1841 1648 1908 ille
1672 1842 1771 1911 salbe
1795 1844 1891 1910 omni
1915 1847 2071 1930 ternpore
2096 1845 2134 1911 in
2159 1844 2330 1914 iamdicta
2353 1863 2411 1916 ra-

557 2000 667 2069 tione.
693 2001 738 2066 Et
761 2001 792 2067 si
816 1997 936 2068 taliter
960 1997 1081 2066 omnia
1104 1995 1354 2084 suprascripta
1377 1993 1444 2062 tibi
1468 1995 1593 2080 tuique
1612 1994 1776 2062 eredibus
1793 2012 1866 2061 non
1883 1995 2200 2083 adimpleberimus
2217 2003 2255 2065 et
2270 1998 2416 2088 aliquit,

557 2153 601 2223 de
624 2157 801 2240 quantum
825 2151 989 2240 superius
1012 2152 1159 2240 legitur,
1183 2152 1363 2216 remobere
1385 2152 1448 2217 aut
1463 2153 1629 2216 contrare
1653 2150 1903 2236 quesierimus
1928 2156 1992 2220 aut
2017 2154 2048 2219 si
2067 2153 2309 2240 quodcumque
2326 2174 2412 2225 cau·

555 2309 715 2377 sationes
738 2307 820 2374 inde
843 2305 910 2374 tibi
935 2307 1060 2393 tuique
1083 2303 1246 2372 eredibus
1270 2301 1579 2388 proposuerimus,
1604 2321 1667 2389 per
1691 2303 1769 2390 ipsa
1792 2303 1925 2390 guadia
1956 2323 2166 2392 componere
2201 2306 2322 2395 obligo
2353 2327 2411 2378 me

557 2466 594 2530 et
616 2479 713 2530 meos
730 2461 852 2530 eredes
868 2459 934 2528 tibi
951 2458 1078 2546 tuique
1093 2457 1257 2526 eredibus
1273 2455 1427 2542 triginta
1444 2456 1525 2525 auri
1544 2456 1673 2524 solidos
1689 2459 1952 2545 constantines,
1972 2465 2008 2529 et
2025 2460 2146 2530 omnia
2168 2463 2413 2550 suprascripta

558 2613 658 2682 robis
679 2615 961 2702 adimpleamus,
984 2615 1021 2680 et
1045 2612 1182 2698 questio
1205 2616 1241 2678 et
1262 2609 1423 2680 causatio
1447 2613 1571 2678 nostra
1595 2610 1669 2678 sint
1694 2610 1824 2679 exinde
1848 2599 1963 2681 tacita
1986 2619 2021 2681 et
2054 2617 2179 2684 116616.
2216 2615 2261 2681 111
2285 2614 2411 2684 taliter

557 2769 714 2837 scribere
737 2768 943 2855 rogabimus
967 2771 1002 2834 te
1025 2765 1214 2850 iaquintus
1233 2763 1410 2848 notarius,
1435 2765 1556 2830 actum
1583 2761 1738 2830 salerno.

605 2894 636 3010 †
661 2923 736 3009 Ego
760 2922 821 3008 qui
846 2939 956 3007 supra
980 2917 1266 3006 regemprandus
1291 2881 1411 2982 iudex.

1277 3173 1469 3180 —---.--—---
1483 3175 1539 3181 ---.
1560 3175 1564 3179 -
1582 3173 1681 3180 „—...-

1332 3451 1660 3555 Dcexnrx'.

1346 3739 1398 3814 A.
1428 3735 1477 3812 D.
1506 3733 1634 3816 1023.

608 3961 645 4098 †
670 4015 710 4079 ln
733 4013 877 4083 nomine
893 4015 1027 4082 domini
1044 4016 1223 4084 tricesimo
1239 4015 1365 4102 quinto
1382 4035 1477 4086 anno
1493 4017 1719 4104 principatus
1736 4015 1855 4084 domni
1873 4015 1986 4083 nostri
2003 4014 2215 4102 Guaimarii,
2233 4015 2278 4082 Et
2293 4015 2420 4102 quinto

562 4182 660 4234 anne
682 4165 904 4252 principatus
928 4165 1048 4234 domni
1072 4165 1268 4253 guaimarii
1292 4167 1370 4233 eius
1394 4165 1482 4253 lilio,
1505 4166 1653 4254 gloriosi
1670 4165 1909 4253 principibus,
1926 4184 2047 4234 mense
2064 4165 2218 4253 magius,
2235 4170 2340 4236 sexta
2365 4165 2421 4232 in-

564 4317 733 4388 dictione.
758 4321 1045 4390 lllemoratorium
1068 4322 1167 4390 factu
1190 4342 1212 4390 a
1236 4341 1291 4389 me
1316 4321 1411 4389 maio
1434 4320 1610 4407 presbiter
1634 4323 1670 4386 et
1692 4319 1804 4385 abbas
1826 4317 1975 4385 ecclesie
1992 4317 2110 4386 sancti
2134 4318 2318 4405 maximi,
2344 4321 2422 4386 Una

568 4489 707 4538 mecum
731 4470 871 4540 adesset
894 4471 1080 4540 mirandus
1104 4471 1266 4540 notarius
1289 4471 1534 4540 advocatorem
1558 4475 1731 4558 nostrum,
1756 4471 1806 4536 Eo
1830 4469 1922 4556 quod
1945 4473 2028 4538 ante
2052 4471 2250 4556 subscripti
2274 4470 2422 4556 ydoneis

567 4625 772 4693 bominibus
795 4643 858 4711 per
882 4624 1171 4694 conbenientiam
1196 4592 1409 4694 tradidimus
1441 4623 1566 4691 donati
1595 4621 1669 4690 filio
1700 4622 1885 4690 soscemari
1909 4626 1945 4688 et
1970 4621 2103 4688 marini
2136 4622 2210 4690 filio
2236 4629 2332 4710 petri
2365 4640 2421 4690 ro-

569 4795 689 4864 mane,
706 4778 866 4847 evitante
890 4779 932 4846 de
957 4777 1071 4845 locum
1094 4795 1311 4863 capaczana,
1324 4779 1360 4843 61
1383 4779 1466 4842 sunt
1489 4775 1582 4843 anbo
1605 4771 1764 4860 cognati,
1782 4773 1824 4840 de
1841 4771 1949 4840 terris
1972 4774 2210 4858 pertinentem
2233 4775 2345 4860 ipsius
2368 4794 2426 4844 ec-

570 4930 692 5017 clesie,
708 4949 777 5017 que
793 4935 878 4999 sunt
894 4931 993 4999 intus
1016 4949 1084 5000 ane
1108 4929 1368 4999 salernitanam
1394 4927 1574 4995 civitatem
1599 4926 1637 4992 in
1662 4925 1738 5012 ipso
1761 4925 1856 5012 plaio
1873 4943 1945 4992 non
1962 4926 2066 5014 longo
2082 4929 2127 4996 ab
2144 4929 2222 5015 ipsa
2239 4929 2424 5000 aecclesia.
2513 4911 2515 4916 ¹

574 5086 748 5151 1111611611
766 5103 806 5152 66
828 5085 916 5151 fines
939 5089 975 5151 et
1000 5101 1188 5152 mensuras
1212 5081 1294 5149 illut
1316 5081 1409 5168 qued
1431 5099 1555 5148 eorum
1579 5080 1819 5148 tradidimus:
1845 5083 1874 5147 Α
1898 5096 1981 5167 pars
2004 5083 2269 5166 septemtrionis
2285 5083 2357 5152 fine
2373 5085 2427 5170 ip-

573 5243 650 5308 sius
675 5241 847 5326 ecclesie,
872 5240 965 5307 sicut
989 5240 1070 5328 ripa
1095 5240 1247 5326 indeque
1270 5235 1461 5323 discernit,
1486 5241 1569 5304 sunt
1592 5234 1676 5302 inde
1701 5238 1838 5302 rectum
1863 5238 2110 5303 mensuratum
2134 5241 2240 5305 extra
2265 5238 2425 5326 rebolta,

573 5414 646 5484 que
671 5395 757 5466 facit
781 5396 860 5482 ipsa
884 5391 990 5482 ripa,
1013 5395 1118 5480 pedes
1142 5392 1432 5479 quadluerdecim
1455 5391 1574 5458 minus
1599 5388 1703 5457 uncie
1725 5395 1821 5456 tres:
1855 5391 1885 5454 A
1919 5407 2003 5476 pars
2032 5391 2182 5458 orientis
2211 5391 2426 5462 ascendente

1460 5493 1484 5528 N

574 5572 677 5622 secus
700 5551 773 5621 alia
797 5551 890 5638 ripa,
907 5545 968 5636 qui
992 5551 1047 5615 est
1070 5567 1170 5616 secus
1196 5547 1254 5616 bia
1279 5549 1391 5633 ipsius
1415 5547 1575 5633 ecclesie,
1593 5547 1745 5632 indeque
1762 5545 1867 5631 podes
1891 5547 2037 5612 nobem:
2063 5549 2211 5633 Aperte
2227 5547 2426 5617 occidentis

575 5707 646 5773 line
669 5705 781 5791 ipsius
803 5700 976 5788 ecclesio,
1000 5698 1156 5787 qualiter
1179 5696 1360 5765 descendit
1384 5699 1430 5766 ab
1453 5699 1530 5784 ipsa
1553 5699 1671 5784 priore
1695 5699 1775 5784 ripa
1798 5715 1909 5783 usque
1933 5698 2011 5784 ipsa
2026 5698 2095 5778 ,bia
2118 5698 2181 5786 qui
2205 5700 2303 5768 vadit
2328 5699 2425 5769 iusta

576 5857 839 5944 balumoellum,
863 5854 925 5942 qui
951 5853 1001 5920 ibi
1024 5871 1100 5920 esse
1124 5849 1281 5935 videtur,
1305 5855 1341 5918 et
1362 5849 1445 5916 inde
1469 5853 1553 5917 6111
1569 5849 1673 5936 pedes
1689 5848 1997 5934 quadtuordecim,
2021 5853 2056 5917 et
2072 5849 2227 5936 qualiter
2243 5852 2428 5922 descendit
