5422 7102
995 585 1408 660 orrcoulrrous
1637 563 1643 574 ’
1902 525 1903 530 ¹
2006 575 2074 662 ’161

274 963 395 1030 161666
419 961 497 1047 ipsa
519 959 649 1030 mulier
672 980 734 1047 per
758 961 952 1031 bolumtate
976 962 1171 1048 supradicti
1195 962 1270 1032 sani
1295 964 1363 1032 1111
1380 963 1435 1032 661
1452 963 1586 1051 guadia
1610 963 1719 1030 michi
1736 963 1913 1032 dederunt
1928 967 1964 1032 et
1979 961 2120 1032 media-

276 1117 370 1182 tores
393 1113 503 1181 michi
528 1119 722 1202 posuerunt
745 1133 782 1184 66
805 1114 893 1201 ipsis
908 1133 971 1202 per
987 1115 1123 1201 aposita
1140 1114 1328 1202 pingnera,
1344 1115 1389 1184 ad
1404 1115 1693 1202 pingnerandum
1711 1114 1827 1182 omnis
1842 1113 1986 1182 illorum
2009 1133 2119 1185 causa

277 1265 441 1354 legitimo
455 1271 492 1336 et
508 1267 723 1356 inlegitimo,
748 1271 821 1338 etia
837 1272 872 1337 61
887 1269 1047 1356 personis
1064 1267 1219 1354 illorum;
1235 1273 1271 1337 et
1288 1287 1350 1355 per
1366 1268 1443 1355 ipsa
1464 1267 1598 1355 guadia
1614 1271 1649 1336 et
1664 1267 1915 1338 conbenientia
1937 1267 2116 1356 obligabe·

280 1422 368 1487 runt
389 1437 427 1487 se
450 1418 524 1506 ipse
547 1421 707 1490 stefanus
731 1426 766 1490 et
789 1419 947 1508 predicta
970 1421 1117 1507 daseia,
1147 1424 1182 1488 et
1213 1419 1354 1486 illorum
1378 1418 1468 1486 lilios
1491 1421 1528 1486 et
1552 1419 1701 1505 eredes,
1729 1417 1994 1506 adimplendum
2019 1419 2122 1486 nobis

275 1569 408 1657 omnia,
433 1575 473 1640 ut
496 1571 739 1658 supradictum
763 1576 827 1640 est.
853 1574 897 1638 Et
921 1572 951 1639 si
976 1571 1097 1640 taliter
1120 1575 1183 1639 alc.
1210 1573 1357 1638 Statutu
1381 1572 1514 1637 mulcta
1537 1570 1683 1656 triytati
1707 1571 1793 1637 61111
1809 1569 2001 1637 solidorum
2037 1570 2126 1638 066-

279 1724 529 1812 6166161636
552 1726 712 1795 ademari
736 1726 911 1794 notarius.

323 1848 354 1964 †
378 1877 453 1964 Ego
475 1878 597 1963 petrus
619 1894 675 1944 me
698 1876 889 1962 subscripsi

330 2002 360 2117 †
384 2029 459 2117 Ego
482 2031 678 2116 myrandus
700 2029 862 2100 notarius
892 2049 945 2098 me
971 2030 1176 2117 subscripsi.

1299 2277 1420 2284 σ--η-ι

976 2565 1459 2646 DGCGXXXVIII.

1065 2822 1120 2899 Α.
1149 2817 1347 2900 61661.
1432 2775 1434 2782 ’

331 3066 431 3205 †ln
454 3114 600 3182 nomine
625 3111 761 3181 domini
785 3111 1026 3180 tertiodecimo
1058 3129 1152 3180 anno
1186 3112 1407 3198 principatus
1440 3113 1560 3180 domni
1597 3115 1709 3180 nostri
1744 3115 1940 3198 guaimarii
1975 3114 2121 3200 gloriosi

296 3268 469 3357 principis
483 3266 548 3334 filii
565 3265 742 3352 quondam
760 3265 880 3332 domni
897 3263 1095 3350 guaimarii
1112 3261 1298 3349 principis,
1318 3281 1436 3330 mense
1451 3267 1612 3352 agustus
1629 3264 1898 3350 quartadecima
1915 3264 2126 3333 indictione.

291 3418 576 3492 Memoratorium
599 3418 693 3486 factu
716 3435 738 3482 a
763 3433 819 3482 me
843 3413 1026 3499 iaquintus
1048 3430 1163 3480 comes
1185 3412 1282 3481 lilius
1306 3413 1483 3500 quondam
1514 3415 1623 3502 disigi
1659 3415 1823 3502 comitis,
1848 3434 1889 3483 eo
1918 3416 2011 3502 quod
2043 3421 2128 3485 6616

291 3573 480 3664 subscripti
507 3573 643 3640 idoneis
666 3569 802 3636 omines
824 3567 937 3636 tradit
952 3566 1100 3634 iohanni
1118 3565 1289 3653 ballense,
1305 3567 1377 3634 filio
1393 3557 1570 3654 r'puondam
1585 3570 1745 3656 landoni,
1764 3589 1836 3638 una
1852 3569 1954 3656 pecia
1971 3571 2014 3637 16
2032 3573 2132 3639 16116

295 3749 375 3798 mea
397 3747 466 3815 que
488 3731 541 3796 est
563 3725 708 3810 cesina,
738 3720 830 3809 quod
854 3739 893 3787 oc
917 3738 1011 3788 anno
1035 3737 1096 3804 per
1121 3721 1225 3786 11166
1249 3719 1384 3804 scriptu
1419 3739 1458 3788 oc
1482 3731 1576 3790 anno
1607 3722 1729 3790 datam
1761 3722 1862 3789 abuit
1885 3726 1924 3790 at
1955 3740 2134 3808 6666666-

291 3881 375 3951 dum
397 3885 434 3950 et
456 3876 706 3947 seminandum
729 3874 860 3941 stelani
883 3871 957 3939 tilio
980 3871 1142 3941 mansoni
1165 3875 1201 3938 et
1218 3871 1393 3938 iohannes
1409 3868 1505 3936 lilius
1521 3869 1737 3957 maghenolfi
1753 3870 1796 3938 de
1812 3874 1917 3938 rebus
1941 3889 2021 3940 mea
2038 3871 2132 3958 quod

291 4037 380 4106 abeo
403 4032 466 4102 illa
489 4035 590 4119 parte
614 4028 721 4096 flubio
745 4025 842 4111 siler,
859 4043 926 4112 que
943 4027 997 4092 est
1022 4023 1118 4092 infra
1141 4039 1180 4090 66
1203 3983 1346 4092 16166
1368 4027 1471 4110 parte
1495 4020 1687 4091 occidentis
1710 4022 1781 4090 fine
1805 4022 1881 4108 ipso
1905 4023 2012 4092 liubin
2036 4023 2135 4093 siler:

293 4187 370 4257 alia
394 4190 496 4274 parte
518 4183 588 4252 fine
614 4181 718 4250 litore
742 4181 866 4274 maris:
891 4179 937 4247 ab
960 4176 1109 4244 orientis
1133 4175 1204 4243 tine
1226 4192 1318 4260 mea,
1342 4172 1434 4242 sicut
1457 4173 1628 4242 discernit
1644 4171 1729 4259 lagu
1745 4173 1908 4260 paulino,
1928 4179 1964 4244 et
1979 4176 2138 4262 qualiter

303 4339 400 4408 badit
423 4355 486 4426 per
509 4335 611 4424 pullu
633 4334 697 4402 illa
720 4338 822 4419 parte
844 4331 920 4416 ipso
942 4325 1057 4415 pullu:
1081 4346 1105 4396 a
1129 4345 1212 4448 pars
1246 4325 1395 4393 orientis
1428 4329 1464 4394 61
1497 4325 1628 4394 abinde
1663 4323 1814 4394 saliente
1846 4345 1909 4414 per
1937 4327 2066 4414 palude
2098 4329 2138 4396 in

298 4491 463 4580 partibus
487 4487 748 4558 sebtemtrionis
771 4488 807 4553 et
829 4482 1068 4568 coniungente
1092 4477 1130 4546 in
1153 4477 1282 4548 salsole
1304 4497 1327 4546 6
1349 4457 1450 4563 parte
1474 4476 1746 4565 sebtemtrionis,
1767 4480 1924 4565 qualiter
1948 4481 2051 4550 badit
2074 4499 2138 4566 per

298 4649 376 4731 ipsa
399 4642 527 4712 salsola
549 4646 584 4709 et
606 4637 805 4725 congungit
827 4636 866 4702 16
890 4634 967 4720 ipso
991 4631 1098 4701 dubio
1121 4631 1218 4698 siler.
1244 4630 1343 4698 Infra
1368 4627 1702 4716 666161161611616,
1726 4633 1767 4697 ut
1781 4628 1958 4718 diximus,
1985 4631 2136 4700 tradidit

300 4797 414 4884 ipsius
437 4793 586 4862 iohanni
611 4791 686 4860 filio
709 4787 906 4877 supradicti
930 4785 1075 4855 landoni
1099 4781 1305 4870 supradicta
1328 4781 1448 4870 cesina
1471 4781 1510 4846 in
1533 4798 1573 4846 66
1596 4779 1734 4868 611166,
1760 4787 1800 4850 61
1821 4783 1946 4850 amodo
1969 4787 2005 4852 61
2022 4802 2137 4870 nsque

298 4948 415 5016 tribus
437 4945 525 5017 anni
549 4942 701 5032 conpleti
726 4945 765 5010 at
788 4959 855 5008 666
878 4942 914 5006 61
937 4936 980 5006 16
1002 4955 1068 5004 666
1093 4933 1258 5002 eredibus
1280 4933 1352 5000 sint
1375 4932 1559 5018 potestatis
1583 4931 1664 4999 illut
1687 4933 1879 5001 tenendum
1897 4941 1932 5004 et
1948 4937 2135 5006 dominan-

298 5099 398 5186 dum,
423 5105 459 5169 61
482 5100 579 5167 sobee
602 5102 639 5166 61
661 5093 776 5163 616616
799 5091 940 5160 illorum
965 5087 1133 5156 utilitatis
1158 5087 1252 5153 iusta
1276 5051 1453 5153 rationem
1476 5083 1526 5150 ibi
1550 5083 1680 5169 facere,
1697 5087 1733 5151 61
1756 5089 1829 5153 1616
1847 5087 1923 5172 ipsa
1939 5091 2062 5158 cesina
2079 5110 2139 5160 ra-

300 5251 522 5322 tionabiliter
546 5265 731 5334 scampare
754 5249 790 5312 et
812 5241 1003 5324 seminare,
1028 5237 1133 5324 quale
1157 5239 1313 5303 semente
1338 5233 1410 5301 illis
1434 5233 1599 5320 boluerit,
1623 5238 1659 5302 61
1682 5233 1751 5320 ipsi
1771 5223 1882 5343 labori
1916 5241 2139 5331 recolligere,

301 5408 339 5471 et
361 5403 520 5489 quitquit
543 5401 635 5468 victu
661 5403 696 5466 et
718 5398 839 5464 labore
862 5391 985 5462 amodo
1008 5395 1043 5456 61
1068 5405 1179 5472 usque
1204 5384 1271 5471 ipsi
1295 5389 1368 5454 tres
1392 5386 1479 5454 anni
1502 5384 1657 5472 conpleti
1682 5388 1886 5456 annualiter
1909 5391 1954 5460 de
1978 5393 2139 5478 predicta

301 5559 425 5627 cesina
446 5553 591 5641 exierit,
614 5551 669 5620 vel
692 5552 810 5619 facere
832 5541 1000 5633 potuerit,
1024 5545 1100 5608 tum
1124 5538 1205 5606 illut
1228 5536 1297 5604 sivi
1322 5538 1463 5621 abeant,
1480 5535 1682 5604 faciendum
1706 5538 1837 5605 exinde
1860 5539 1951 5624 quod
1975 5540 2142 5610 boluerit.

307 5713 356 5780 At
378 5708 532 5797 conpleti
557 5710 676 5777 autern
701 5704 770 5790 ipsi
795 5705 868 5768 tres
892 5699 993 5775 anni,
1018 5699 1105 5762 tunc
1129 5695 1207 5778 ipsa
1229 5689 1351 5759 cesina
1374 5687 1536 5755 remittat
1558 5691 1595 5754 at
1618 5705 1697 5756 mea
1720 5691 1904 5774 potestatis
1921 5691 1977 5759 vel
1992 5693 2034 5762 de
2056 5697 2145 5764 meis

311 5857 477 5933 oredibus
503 5860 675 5944 scanpata
698 5857 803 5940 bona,
828 5855 869 5916 ut
891 5847 1043 5934 perfecte
1067 5847 1210 5932 possant
1232 5845 1306 5911 tota
1329 5841 1405 5927 ipsa
1428 5839 1549 5907 cesina
1566 5857 1673 5908 arare
1707 5843 1743 5908 et
1771 5845 2051 5930 mangnaniiare
2082 5847 2146 5919 illa
