5466 7106
616 581 685 654 tta
1270 584 1740 658 constituissem

567 809 754 893 pastinum
779 810 910 879 cotidie
932 812 1105 902 studiare,
1129 812 1224 882 sicut
1245 811 1433 899 meruerit,
1457 815 1493 882 et
1515 811 1622 881 binea
1644 811 1802 898 perfecta
1827 811 1926 880 illum
1944 811 2150 900 perducere.
2176 813 2223 883 lit
2245 818 2420 902 quantum

571 959 697 1028 binum
721 966 757 1032 et
780 963 936 1034 trudium
960 965 1044 1034 inde
1066 965 1190 1035 tollere
1214 969 1251 1036 et
1273 983 1381 1035 avere
1403 967 1573 1054 potuerit,
1595 969 1708 1035 totum
1723 964 1805 1035 illut
1819 965 1889 1034 sivi
1905 967 2050 1054 abeant,
2068 965 2146 1036 hita
2169 970 2210 1037 ut
2224 986 2288 1057 per
2305 969 2419 1038 omnis

568 1131 709 1183 annum
733 1114 813 1204 ipsa
835 1117 941 1187 vinea
958 1118 1121 1188 laborare
1135 1123 1172 1188 et
1188 1119 1348 1188 studiare
1365 1120 1472 1205 bona,
1489 1116 1582 1184 sicut
1596 1117 1782 1204 meruerit,
1799 1118 1841 1185 ut
1855 1116 2043 1204 proficiant
2058 1121 2096 1188 et
2110 1135 2182 1187 non
2197 1117 2417 1208 dispereant:

563 1267 757 1357 simulque,
780 1274 816 1339 et
840 1275 1014 1358 quantum
1037 1273 1195 1341 frudium
1211 1272 1255 1342 de
1272 1272 1347 1342 alia
1371 1273 1477 1341 rebus
1501 1269 1653 1356 indeque
1677 1267 1788 1356 ipsius
1811 1268 1958 1337 ecclesie
1981 1269 2106 1339 tollere
2129 1273 2299 1360 potuerit,
2316 1274 2418 1342 simi-

564 1421 647 1490 liter
669 1426 782 1492 totum
807 1424 890 1492 illut
914 1425 984 1492 sivi
1007 1427 1153 1513 abeant,
1177 1424 1381 1495 iaciendum
1404 1423 1497 1511 quod
1521 1421 1686 1490 boluerit.
1713 1420 1758 1486 Et
1779 1419 1903 1488 amodo
1936 1423 1972 1488 et
1996 1438 2107 1508 usque
2131 1421 2310 1508 quadtuor
2325 1425 2417 1492 anni

566 1571 721 1660 conpteti
745 1593 809 1662 per
835 1593 971 1644 annum
994 1575 1119 1644 demus
1143 1575 1257 1664 ipsius
1282 1577 1371 1644 tusci
1396 1574 1586 1664 presbiteri
1610 1574 1736 1642 nobem
1759 1574 1841 1642 auri
1864 1568 1938 1642 tari
1954 1575 2036 1642 boni
2054 1592 2118 1662 pro
2135 1577 2417 1664 comparandum

567 1725 653 1795 inde
676 1727 814 1815 vinum,
839 1728 885 1797 ad
908 1728 976 1796 sibi
1000 1729 1191 1816 abendum,
1215 1735 1251 1798 et
1280 1729 1326 1799 ad
1349 1729 1406 1798 die
1429 1727 1518 1797 obiti
1542 1728 1598 1797 sui
1622 1727 1702 1815 ipsa
1725 1728 1875 1798 ecclesia
1897 1747 1978 1796 cum
2002 1728 2080 1816 ipsa
2104 1730 2251 1800 mobilia
2274 1737 2310 1801 et
2336 1752 2416 1802 cum

569 1881 721 1966 predicti
746 1882 930 1952 animaliis
954 1885 992 1952 in
1016 1885 1223 1972 supradicta
1245 1884 1384 1952 ratione
1408 1883 1592 1951 remittere
1614 1882 1659 1952 ed
1683 1885 1805 1950 nostra
1829 1886 1865 1950 et
1889 1881 1932 1950 de
1956 1884 2088 1950 nostris
2116 1883 2284 1953 eredibus
2319 1890 2417 1974 pote-

561 2035 686 2124 state,
710 2043 747 2106 et
772 2039 893 2109 eredes
924 2058 1006 2108 suos
1030 2039 1137 2108 liceat
1160 2039 1243 2108 inde
1266 2038 1367 2107 exire
1389 2055 1470 2106 cum
1495 2055 1603 2107 causa
1625 2055 1702 2106 sua.
1728 2035 1771 2105 de
1795 2055 1866 2123 qua
1898 2055 1961 2122 per
1984 2039 2248 2109 combenientia
2280 2039 2417 2127 guadia

563 2193 668 2261 nobis
690 2193 766 2280 ipse
789 2195 891 2262 iuscu
914 2196 1092 2282 presbiter
1115 2193 1225 2280 dedit,
1249 2197 1286 2262 et
1309 2191 1541 2261 mediatorem
1565 2188 1667 2258 nobis
1683 2187 1801 2276 posuit
1817 2186 2011 2256 roderisius
2023 2187 2119 2258 filius
2143 2189 2323 2286 quondam
2338 2193 2415 2280 gri-

561 2345 692 2415 moaldi
713 2367 722 2412 :
747 2351 784 2414 et
806 2366 870 2434 per
893 2347 969 2434 ipsa
991 2345 1127 2435 guadia
1149 2351 1212 2415 etc.
1240 2346 1409 2429 Sequitur
1430 2346 1595 2412 cousrreto
1617 2343 1803 2428 formula,
1827 2343 1966 2410 statuto
1989 2343 2124 2410 urbicio
2146 2346 2411 2432 quinquaqinta

559 2501 647 2568 auri
669 2501 863 2568 solidorum
888 2501 1129 2568 Coustoutiui.
1155 2503 1399 2569 verumtamen
1418 2501 1459 2598 'et
1482 2495 1607 2566 amodo
1630 2502 1666 2564 et
1689 2514 1799 2584 usque
1822 2493 1978 2582 conpleti
2001 2498 2089 2564 anni
2112 2496 2187 2583 ipse
2211 2499 2303 2566 susci
2328 2519 2411 2586 pre·

561 2651 674 2719 sbiter
696 2653 796 2720 stetit
818 2651 905 2720 dare
928 2651 966 2717 in
990 2651 1069 2736 ipsa
1092 2651 1240 2720 ecclesia
1264 2669 1375 2718 unum
1400 2649 1573 2717 iestarum
1596 2645 1809 2735 plenarium,
1834 2667 1973 2735 semper
1996 2651 2072 2736 ipso
2099 2647 2271 2718 iestarum
2295 2669 2405 2720 aven-

559 2803 645 2871 dum
669 2802 747 2890 ipsa
770 2803 919 2872 ecclesia
943 2802 1163 2870 defensatum
1185 2820 1248 2887 per
1273 2800 1390 2888 ipsum
1413 2799 1588 2886 presbiter
1614 2799 1660 2868 da
1694 2817 1814 2868 omnes
1844 2802 2006 2870 homines
2039 2802 2206 2888 omnique
2243 2802 2408 2888 partibus

559 2971 622 3041 per
646 2955 854 3041 supradicta
877 2954 1013 3042 guadia
1036 2959 1071 3021 et
1095 2953 1253 3040 obligata
1276 2971 1382 3039 pena;
1412 2969 1474 3020 seu
1496 2955 1533 3020 et
1554 2950 1716 3020 dedimus
1739 2951 1886 3020 licentia
1910 2952 1981 3020 had
2005 2952 2121 3039 ipsum
2151 2953 2340 3042 presbiter,
2371 2963 2414 3027 ut

564 3109 690 3178 liceret
713 3109 815 3175 illum
839 3109 878 3175 in
903 3107 979 3194 ipso
1002 3107 1089 3194 lagu
1112 3105 1300 3193 paulinum
1325 3109 1488 3174 nostrum
1511 3104 1712 3192 pertinente
1747 3124 1872 3176 nassas
1903 3105 2036 3193 ponere
2071 3125 2134 3194 pro
2168 3110 2282 3195 pisces
2316 3128 2413 3178 com·

560 3261 839 3348 precndendum,
863 3265 899 3328 et
922 3265 1074 3346 quantos
1098 3260 1230 3347 pissoes
1246 3260 1376 3328 ibidem
1392 3260 1679 3346 compreenserit,
1696 3278 1759 3327 sue
1775 3260 1846 3329 sint
1861 3263 2057 3347 potestatis.
2077 3263 2120 3330 Et
2145 3266 2241 3331 huno
2269 3266 2412 3334 brebem

558 3417 687 3504 scripsi
710 3434 777 3503 ego
801 3415 959 3485 ademari
984 3416 1158 3484 notarius.

602 3543 633 3659 †
658 3571 734 3657 Ego
757 3573 880 3658 petrus
902 3588 958 3638 me
982 3571 1174 3656 subscripsi

601 3695 632 3814 †
659 3725 734 3812 Ego
757 3722 916 3792 ademari
941 3721 1103 3790 notarius
1126 3739 1182 3788 me
1204 3721 1398 3806 subscripsi

602 3846 633 3962 †
660 3875 735 3962 Ego
759 3875 931 3944 iohannes
949 3871 1112 3940 notarius
1136 3889 1192 3939 me
1216 3871 1421 3958 subscripsi.

1285 4118 1574 4132 *n———·——--
1587 4126 1603 4131 --
1611 4125 1689 4134 ..n—--·

1313 4383 1635 4468 DCCCXIII.

1335 4645 1391 4724 A.
1419 4644 1469 4722 D.
1498 4642 1628 4726 1029.

600 4875 637 5015 †
663 4931 702 4994 In
727 4928 872 4998 nomine
895 4932 1029 5000 domini
1054 4933 1240 5003 undecimo
1264 4953 1360 5004 anno
1383 4936 1606 5023 principatus
1620 4936 1740 5005 domni
1756 4939 1869 5008 nostri
1885 4941 2066 5028 guaimari
2082 4943 2148 5011 filii
2165 4945 2285 5016 domni
2303 4953 2411 5038 guai-

554 5080 662 5166 mari,
685 5081 831 5167 gloriosi
855 5083 1090 5172 principibus,
1115 5105 1235 5155 mense
1259 5088 1475 5175 februarius
1498 5088 1707 5159 duodecima
1730 5089 1938 5161 indictione.
1963 5099 2252 5166 memoratorium
2270 5101 2406 5172 iactum

554 5250 656 5300 ame
680 5235 876 5304 musandus
899 5237 1114 5308 venerabilis
1137 5241 1248 5307 abbas
1272 5241 1480 5308 monasterii
1504 5247 1626 5310 sancte
1651 5243 1749 5330 sofle,
1777 5245 1941 5331 quesita
1975 5253 2029 5316 est
2051 5248 2150 5318 intus
2178 5251 2325 5324 civitate
2349 5274 2408 5325 sa·

556 5385 669 5473 terno,
694 5387 743 5453 Eo
766 5389 859 5474 quod
883 5395 968 5459 ante
992 5391 1183 5477 subscripti
1208 5395 1315 5460 testes
1338 5411 1402 5478 per
1427 5395 1680 5465 conbenientia
1708 5415 1883 5466 unacum
1919 5403 2041 5486 petrus
2073 5403 2264 5475 adbocator
2289 5408 2403 5496 ipsius

398 5627 410 5636 p
553 5541 765 5608 monasterii
789 5540 939 5610 tradidit
962 5543 1073 5612 amati
1097 5543 1171 5610 filio
1194 5543 1374 5630 quondam
1397 5545 1504 5615 ciceri
1523 5548 1571 5617 de
1596 5555 1819 5636 epus-monte
1843 5552 1886 5620 de
1908 5554 1976 5622 due
2000 5557 2099 5642 pecie
2121 5557 2164 5628 de
2190 5561 2300 5629 terris
2323 5581 2406 5630 oum

550 5689 710 5758 arbustis
735 5691 868 5760 vitatis.
894 5694 972 5761 Una
994 5692 1037 5762 de
1061 5712 1107 5761 ex
1131 5693 1206 5780 ilie,
1231 5695 1292 5762 ubi
1315 5697 1522 5783 campitello
1543 5698 1701 5789 dicitur,
1725 5707 1762 5772 et
1784 5705 1858 5774 alia
1884 5707 1945 5775 ubi
1968 5708 2097 5776 ortellu
2119 5709 2265 5799 dicitur,
2291 5719 2328 5782 et
2351 5721 2406 5786 est

552 5841 630 5928 ipsa
656 5847 764 5912 rebus
788 5845 881 5912 unde
905 5846 938 5912 ei
964 5844 1122 5920 tradidit.
1148 5846 1241 5930 quod
1265 5848 1421 5934 pertinet
1446 5851 1555 5939 ipsius
1578 5857 1784 5926 monasterii
1801 5877 1823 5928 a
1840 5860 2018 5946 quondam
2034 5863 2192 5950 guaiferi
2206 5865 2281 5935 filio
2298 5869 2406 5956 guai-
