5414 7098
627 569 674 642 ⁶26
1280 574 1450 647 cooux
1486 578 1750 654 crvuusrs

580 801 722 888 saliceS,
748 803 838 888 quod
863 804 1026 890 superius
1049 805 1221 890 diximuS,
1239 807 1335 873 omni
1360 809 1516 892 tempore
1541 828 1603 894 per
1627 808 1817 878 medietate
1835 831 1914 879 cum
1932 831 2014 898 pars
2045 813 2212 899 episcopii
2228 811 2443 881 dividamus:

523 974 526 978 ·
581 975 665 1040 pars
689 958 856 1045 episcopii
875 959 1112 1045 medietatem,
1136 963 1259 1046 elego
1282 960 1335 1028 vel
1360 979 1455 1028 meos
1479 963 1601 1030 eredes
1624 963 1861 1049 medietatem,
1878 965 1969 1050 quod
1996 965 2120 1032 taliter
2143 966 2269 1033 scribsi
2294 983 2360 1052 ego
2384 984 2442 1032 ro·

584 1109 721 1177 moaldo
744 1110 897 1177 clericus
921 1117 956 1178 et
986 1113 1147 1179 notarius
1171 1112 1232 1197 qui
1258 1113 1421 1179 interlui.

629 1233 659 1348 †
685 1263 758 1350 Ego
782 1266 843 1348 qui
868 1283 978 1350 supra
1001 1267 1175 1332 lohannes
1200 1269 1392 1353 Episcopus

630 1388 660 1504 †
686 1420 760 1504 Ego
784 1418 952 1486 radoaldo
975 1420 1150 1504 presbiter
1174 1425 1210 1486 ot
1234 1422 1345 1487 abbas

629 1542 660 1658 †
685 1575 761 1659 Ego
784 1572 930 1640 adelsori
955 1572 1138 1641 diaconus.

1347 2217 1679 2299 DCCXXIII.

1362 2485 1416 2558 A.
1446 2481 1497 2558 D.
1525 2479 1653 2560 1020.

636 2719 673 2857 †
697 2775 736 2838 ln
753 2774 895 2840 nomine
911 2772 1045 2840 domini
1063 2773 1243 2842 tricesimo
1259 2773 1413 2840 secundo
1430 2791 1525 2840 anno
1542 2773 1766 2860 principatus
1783 2774 1901 2841 domni
1919 2773 2032 2842 nostri
2049 2772 2246 2860 guaimari,
2262 2777 2298 2840 et
2314 2789 2441 2840 secon-

589 2930 632 2995 do
648 2945 744 2996 anno
760 2927 986 3014 principatus
1009 2927 1129 2994 domni
1146 2929 1327 3014 guaimari
1353 2928 1432 2994 eius
1456 2926 1541 3013 illio,
1558 2926 1700 3013 gloriosi
1723 2925 1960 3031 principibus,
1978 2944 2098 2994 mense
2120 2926 2244 3012 iulius,
2262 2925 2371 2996 tertia
2387 2928 2442 2995 in·

588 3081 755 3149 dictione.
780 3082 1066 3150 lllemoratorium
1091 3081 1188 3148 factu
1213 3101 1235 3148 a
1259 3099 1315 3147 me
1338 3080 1524 3166 iaquintus
1547 3081 1717 3149 diaconus
1742 3079 1839 3148 filius
1862 3080 2049 3168 gaudiosi,
2073 3098 2114 3148 eo
2137 3079 2229 3166 quod
2253 3083 2338 3148 ante
2361 3098 2441 3166 pre-

586 3236 708 3304 sentia
731 3236 868 3302 maioni
894 3233 1086 3322 presbiteri
1111 3237 1147 3300 et
1171 3235 1292 3302 abbati
1316 3237 1467 3304 ecclesia
1483 3237 1599 3304 sancti
1616 3236 1781 3324 maximi,
1798 3241 1834 3304 et
1850 3238 1970 3323 ibique
1986 3237 2156 3305 astabant
2171 3239 2293 3322 petrus
2309 3253 2439 3320 comes,

587 3392 651 3476 qui
675 3396 729 3458 est
751 3409 862 3456 unum
886 3391 928 3458 de
951 3391 1099 3458 dominii
1123 3394 1159 3457 et
1182 3391 1371 3458 adbocator
1395 3389 1507 3476 ipsius
1531 3391 1693 3476 ecclesie,
1718 3389 1840 3458 etalii
1865 3389 2055 3477 subscripti
2080 3394 2201 3475 tosteS,
2226 3409 2290 3476 per
2314 3407 2441 3460 conve-

589 3545 727 3612 nientia
749 3545 795 3612 ad
817 3544 1008 3612 tenendum
1032 3548 1068 3611 et
1093 3545 1324 3612 lavorandum
1348 3563 1410 3630 per
1434 3544 1627 3611 iussionem
1651 3543 1764 3631 ipsius
1768 3594 1879 3611 .....
1906 3545 2057 3614 tradidit
2080 3563 2145 3632 ego
2168 3563 2241 3612 una
2266 3545 2442 3631 cumipse

590 3703 711 3784 petrus
733 3717 919 3784 comesque
955 3697 1204 3766 adbocatorem
1241 3699 1353 3783 ipsius
1390 3699 1539 3766 ecclesie
1569 3698 1718 3766 iohanni
1750 3697 1824 3764 tilio
1855 3699 2013 3766 nastasia
2046 3716 2120 3766 una
2148 3697 2250 3785 pecia
2279 3698 2323 3765 de
2346 3702 2444 3766 terra

591 3871 673 3918 cum
697 3851 868 3939 arbustis,
892 3852 984 3937 quod
1008 3871 1093 3938 pars
1117 3851 1228 3938 ipsius
1252 3851 1400 3920 ecclesie
1425 3854 1507 3921 abet
1531 3850 1708 3920 inlocum
1733 3851 1880 3920 nucerie
1903 3853 1949 3920 ad
1973 3853 2194 3920 barbacianu
2210 3872 2232 3920 a
2248 3853 2375 3920 subtus
2388 3871 2444 3920 ec-

592 4007 703 4075 clesia
727 4007 842 4074 sancti
868 4005 1001 4093 polisti,
1027 4005 1118 4090 quod
1141 4024 1207 4092 ego
1232 4007 1293 4090 qui
1318 4023 1429 4091 supra
1452 4005 1638 4093 iaquintus
1661 4005 1833 4074 diaconus
1858 4005 1895 4071 in
1919 4005 2130 4073 beneficium
2154 4006 2292 4073 retineo
2314 4025 2337 4074 a
2360 4023 2442 4092 pars

592 4161 706 4246 ipsius
729 4160 876 4228 ecclesie
899 4181 961 4247 per
984 4179 1024 4230 as
1047 4160 1129 4226 finis
1153 4163 1188 4226 et
1211 4177 1421 4228 mensuras:
1447 4180 1469 4227 a
1492 4177 1576 4246 pars
1599 4159 1864 4228 sebtemtrionis
1887 4157 1958 4225 fine
1982 4157 2043 4226 bia
2066 4157 2225 4246 publica,
2241 4159 2323 4226 inde
2341 4161 2439 4246 passi

503 4380 508 4388 .
592 4315 909 4401 quadtuordecim:
945 4334 1076 4402 apars
1099 4313 1289 4381 occidentis
1312 4315 1383 4382 fine
1407 4313 1518 4400 ipsius
1541 4313 1712 4400 ecclesie,
1749 4313 1831 4380 inde
1854 4313 1949 4400 passi
1973 4311 2216 4398 quadraginta
2250 4312 2435 4401 quinque:

595 4489 618 4537 a
643 4469 792 4538 meridie
816 4475 900 4537 sunt
922 4470 1017 4556 passi
1042 4469 1206 4536 undecim
1231 4473 1266 4536 et
1289 4467 1408 4535 cubito
1432 4485 1542 4534 unum
1566 4471 1602 4535 et
1625 4466 1742 4552 palmo
1765 4483 1896 4533 unum:
1921 4485 1944 4534 a
1967 4483 2050 4552 pars
2067 4467 2216 4534 orientis
2233 4485 2344 4552 usque
2361 4467 2440 4554 ipsa

591 4622 651 4692 via
677 4624 798 4710 priore
823 4625 926 4708 fines,
953 4623 1035 4690 inde
1059 4624 1141 4690 abet
1163 4621 1257 4707 passi
1282 4620 1526 4707 quadraginta
1548 4624 1639 4697 octo,
1663 4625 1699 4688 et
1722 4621 1761 4688 in
1778 4619 1931 4688 medium
1950 4639 2013 4706 por
2028 4623 2231 4690 trabersum
2247 4623 2330 4689 abet
2346 4624 2440 4708 passi

592 4777 738 4846 sideoim
761 4783 798 4845 et
821 4779 940 4845 cubito
963 4795 1087 4862 unum,
1110 4777 1224 4843 totum
1249 4773 1294 4842 ad
1318 4772 1412 4840 iusto
1435 4791 1581 4860 passum
1604 4773 1716 4840 omini
1741 4776 2002 4858 mensuratum;
2027 4791 2066 4840 eo
2089 4792 2173 4841 vero
2196 4775 2358 4860 predicta
2383 4795 2441 4863 pe-

591 4932 649 5000 cia
665 4933 710 5004 da
727 4937 825 5002 terra
841 4951 921 4999 cum
938 4930 1093 5000 arbustis
1110 4948 1173 5015 per
1196 4928 1367 4996 iamdicta
1389 4927 1572 4995 mensurio
1596 4929 1672 4994 tota
1695 4929 1731 4994 et
1755 4925 1880 4994 inclita
1902 4944 1983 4992 cum
2007 4927 2126 4994 omnia
2151 4925 2246 4995 intro
2269 4947 2307 4996 se
2331 4931 2440 4998 aben-

593 5091 691 5156 tibus
714 5092 750 5156 et
773 5106 854 5154 cum
878 5087 954 5155 vice
978 5087 1021 5153 de
1045 5085 1124 5169 ipsa
1146 5083 1206 5150 via
1231 5081 1342 5167 ipsius
1366 5082 1513 5150 iohanni
1538 5083 1583 5150 ad
1607 5081 1842 5150 laborandum
1866 5081 2106 5167 tradidimuS,
2133 5083 2198 5151 tali
2225 5081 2372 5171 ordine,
2399 5093 2438 5153 ut

594 5241 721 5310 amodo
744 5245 778 5306 et
803 5259 953 5326 semper,
979 5242 1083 5307 natos
1106 5239 1300 5322 nascente,
1325 5235 1369 5303 ad
1393 5253 1460 5302 sua
1482 5239 1518 5303 et
1540 5236 1583 5304 de
1607 5235 1682 5304 suis
1704 5235 1871 5305 eredibus
1894 5235 1941 5303 sit
1963 5239 2135 5322 potestate
2158 5255 2216 5304 eos
2246 5238 2439 5306 tenendum

592 5405 631 5468 et
654 5396 924 5478 dominandum,
948 5397 984 5462 et
1008 5391 1139 5469 ibidem
1162 5391 1317 5460 residere
1342 5395 1378 5457 et
1402 5390 1567 5479 abitare,
1591 5395 1626 5458 et
1650 5391 1749 5459 fobee
1772 5393 1808 5459 et
1831 5390 1946 5457 omnis
1969 5410 2031 5458 sue
2056 5391 2226 5460 utilitatis
2250 5394 2344 5461 iusta
2381 5413 2441 5462 ra-

594 5555 730 5621 tionem
755 5552 886 5620 ibidem
911 5549 1062 5635 saciant,
1079 5551 1116 5615 et
1132 5552 1244 5615 totum
1269 5565 1327 5615 eos
1350 5565 1413 5632 per
1437 5547 1624 5613 circoitum
1646 5545 1728 5612 illut
1750 5545 1898 5613 cludant
1920 5551 1956 5614 et
1979 5563 2117 5632 semper
2140 5546 2278 5613 clusum
2295 5549 2439 5633 abeant,

591 5707 686 5774 sicut
709 5707 893 5792 meruerit;
918 5709 954 5773 et
977 5705 1101 5773 amodo
1123 5707 1158 5770 et
1181 5721 1293 5788 usquo
1316 5700 1497 5787 quadtuor
1520 5699 1608 5766 anni
1632 5699 1809 5786 completi,
1834 5699 1892 5766 ubi
1922 5699 2094 5767 meruerit
2117 5699 2214 5768 intra
2219 5749 2357 5769 ......
2383 5723 2442 5772 ar·

593 5861 694 5928 bores
717 5865 752 5928 et
776 5859 866 5926 vites
889 5859 938 5926 ibi
964 5861 1206 5944 pastenarent,
1225 5861 1260 5922 et
1283 5856 1396 5922 totum
1421 5873 1480 5922 eos
1503 5855 1635 5922 alieant
1663 5853 1867 5922 laboratum
1892 5857 1927 5920 et
1951 5853 2126 5922 cultatum
2150 5855 2321 5941 desuper
2346 5857 2439 5924 etde
