5370 7104
980 569 1095 638 BEDA
1122 567 1177 638 DE
1207 568 1489 648 TEMPORIBUS

596 801 837 868 assumserunt
864 792 945 863 hinc
971 812 1066 885 spem
1094 791 1117 884 ¹)
1139 844 1147 874 ,
1168 790 1204 859 in

591 955 790 1032 Conradino
817 953 887 1024 filio
906 953 998 1046 rogis
1025 951 1203 1038 Conradi,

585 1126 643 1219 qui
678 1125 719 1194 dc
755 1121 955 1192 Alamannia
1002 1142 1082 1191 curn
1117 1117 1205 1188 duce

589 1313 725 1384 Austrio
764 1328 798 1383 et
836 1308 992 1404 pluribus
1019 1305 1207 1377 Theotoni·

590 1483 642 1556 cis
668 1491 872 1566 recesserat,
913 1489 947 1553 et
980 1487 1123 1550 venerat
1141 1479 1206 1548 Vc-

589 1673 721 1735 ronam,
750 1658 785 1721 et
801 1648 937 1720 abinde
964 1646 1129 1718 recedens
1148 1669 1205 1715 vc-

589 1831 686 1893 nerat
712 1820 851 1927 Papiam
879 1831 912 1894 et
938 1828 1055 1914 postea
1080 1817 1201 1903 Pisas,

587 1983 679 2056 etibi
692 1991 761 2055 tam
782 1981 1202 2072 theotonicorumauam

585 2153 822 2246 llyspunorum
850 2159 885 2220 et
901 2148 1119 2233 Pisanorum,
1140 2169 1204 2216 nec

590 2345 658 2394 non
686 2331 720 2392 et
737 2321 934 2392 Italicorum
956 2319 1112 2390 exercitu
1130 2337 1201 2384 ma-

586 2495 679 2566 ximo
706 2501 914 2588 congregato
949 2515 1028 2563 cum
1055 2489 1139 2584 ipsis
1165 2512 1201 2558 se

588 2664 738 2736 contulit
764 2665 936 2748 Romam,
973 2670 1008 2732 et
1034 2659 1079 2731 ibi
1106 2660 1202 2731 stetit

583 2859 642 2930 per
669 2859 797 2930 paucos
815 2835 889 2905 dies
916 2857 995 2906 cum
1015 2832 1089 2927 ipso
1107 2834 1200 2903 Duce

584 3012 618 3074 et
644 3003 770 3073 comite
797 3001 960 3083 Galvanc,
984 3010 1018 3072 et
1037 3000 1201 3070 adiuncto

590 3170 654 3242 sibi
682 3171 809 3240 donmo
840 3171 986 3240 llenrioo
1021 3167 1094 3239 filio
1121 3166 1202 3260 dop-

588 3339 623 3408 ni
651 3338 823 3410 Ferrantis
838 3338 941 3432 Regis
960 3335 1126 3409 Castellae
1141 3337 1201 3408 Se-

586 3519 705 3581 natore
731 3508 846 3592 Urbis,
884 3517 917 3580 ct
943 3510 1045 3580 etiam
1076 3511 1199 3581 Roma-

1239 3295 1502 3307 -ι----....-..

2060 591 2105 663 57

1532 804 1628 880 diosc
1655 813 1761 888 vellet
1798 817 1926 892 intrare
1959 823 2146 918 Regnum,

1531 995 1635 1068 seque
1661 980 1845 1074 conjugere
1867 981 2060 1075 Saracenis,
2090 1013 2150 1062 ve-

1534 1147 1585 1219 nit
1611 1147 1700 1220 inter
1723 1150 1844 1223 Albam
1881 1163 1914 1226 et
1942 1155 2090 1232 Pontum
2116 1164 2153 1252 l‘)

1532 1321 1566 1384 et
1605 1313 1651 1383 ibi
1678 1327 1790 1392 castra
1828 1345 1889 1393 sua
1927 1325 2054 1402 defixit.
2097 1335 2148 1404 Ad

1526 1502 1627 1572 quem
1646 1481 1761 1555 locum
1781 1485 1895 1578 <lictus
1910 1491 2070 1570 dominus
2088 1524 2148 1572 rex

1535 1651 1677 1724 Carolus
1715 1680 1794 1728 oum
1833 1661 1923 1734 dicta
1954 1679 2055 1760 gente
2086 1696 2148 1746 sua

1530 1838 1565 1885 se
1592 1819 1773 1894 conserens
1808 1837 2068 1908 castrametatus
2095 1851 2147 1912 est

1529 1989 1574 2060 ibi
1595 1988 1630 2085 ²).
1665 1993 1817 2090 Cumque
1846 2011 1990 2097 uterque
2016 2015 2149 2084 exerci-

1531 2167 1586 2230 tus
1612 2185 1648 2231 se
1666 2163 1708 2234 ad
1728 2164 1877 2240 invicem
1897 2173 2028 2248 uideret
2053 2199 2144 2253 xxru

1529 2346 1673 2437 Augusti
1701 2348 1823 2421 initum
1844 2363 1897 2426 est
1923 2359 2084 2452 prelium,
2113 2376 2150 2440 et

1528 2513 1667 2584 demum
1682 2517 1838 2610 pluribus
1852 2544 1896 2594 ex
1910 2535 2053 2620 utraque
2069 2557 2145 2627 par-

1529 2692 1563 2748 te
1589 2681 1827 2770 occidentibus
1845 2686 1879 2756 in
1899 2690 2006 2782 prelio
2026 2719 2145 2791 supra-

1528 2845 1620 2917 dicto
1638 2851 1675 2941 ²),
1708 2849 1821 2922 dictus
1847 2854 2008 2932 dominus
2042 2865 2147 2938 Caro·

1532 3013 1586 3084 lus
1613 3039 1671 3086 rex
1697 3039 1775 3090 eum
1789 3022 1907 3099 diuino
1922 3031 2147 3131 auxilio,pro·

1581 3490 1796 3558 MURATORI

583 3695 626 3744 no
653 3674 807 3768 populo,
836 3674 878 3744 de
917 3675 990 3769 ipsa
1026 3673 1115 3746 Urbe
1145 3699 1198 3744 re·
1277 3683 1584 3762 ²)....adqucm
1608 3686 1715 3748 dictus
1738 3693 1896 3754 Dominus
1919 3697 2141 3764 Rencarolus

583 3840 710 3910 cedens
728 3863 805 3911 cunr
825 3821 898 3912 toto
916 3842 1069 3912 exercitu
1088 3840 1194 3925 dicto,
1236 3854 1310 3896 cnm
1333 3834 1421 3894 dicta
1443 3842 1543 3912 gente
1566 3854 1625 3895 ⁵¹1³
1644 3884 1649 3896 ·
1668 3879 1675 3894 ·
1697 3885 1703 3895 ·
1723 3845 1773 3898 est
1796 3839 1855 3901 ibi.

587 4033 730 4105 ,egnum
771 4010 861 4104 cepit
896 4010 1058 4080 invadere
1085 4018 1118 4080 et
1145 4010 1197 4076 in,
1274 3987 1496 4066 ⁸)...xxnn
1520 3989 1660 4066 Augusti
1686 3992 1807 4052 initum
1822 4000 1873 4054 est
1888 3999 2051 4076 praelium
2066 4003 2141 4084 plu.

580 4189 684 4252 trare.
712 4179 809 4265 Quod
837 4177 929 4247 idem
950 4177 1112 4248 dominus
1138 4201 1197 4248 rex

577 4347 718 4420 Carolus
744 4345 892 4417 audiens
914 4367 992 4416 cum
1012 4353 1116 4438 gente
1135 4367 1197 4418 sua

581 4540 702 4588 versus
727 4514 875 4586 eundem
902 4511 1138 4586 Conradinum
1162 4522 1196 4584 et

581 4691 719 4778 gentem
745 4681 819 4775 ejus
845 4679 911 4750 iter
936 4703 1038 4751 suum
1056 4678 1191 4752 direxit.

1234 4304 1394 4384 praefata.

1235 4145 1327 4205 ribus
1351 4164 1390 4205 ex
1414 4149 1553 4222 utraque
1587 4151 1679 4223 parte
1714 4145 1908 4208 cadentibus
1943 4151 1976 4211 in
2008 4157 2139 4232 praelio

1267 4747 1296 4816 *)
1315 4743 1400 4800 Curlo
1418 4743 1432 4798 I
1450 4741 1590 4814 d'Angib,
1610 4741 1639 4796 in
1657 4743 1792 4798 memoria
1809 4745 1889 4800 dello
1907 4745 2026 4802 vittoria
2043 4748 2136 4820 ripor-

581 4853 623 4926 Εἴ
649 4877 727 4925 eum
748 4851 837 4923 idem
857 4850 1072 4923 conradinus
1098 4853 1194 4924 calli·
1232 4893 1297 4943 tata
1316 4904 1349 4941 su
1369 4884 1533 4955 Corrodino,
1551 4885 1613 4941 fece
1633 4887 1681 4941 nel
1696 4885 1825 4942 Genucio
1845 4889 1913 4944 1274
1926 4891 1978 4944 dar
1991 4889 2133 4964 principio

1218 5037 1294 5122 alla
1313 5034 1446 5090 fabbricu
1476 5035 1524 5090 del
1554 5034 1715 5089 Monaatero
1741 5032 1931 5090 Cisteroiense
1957 5037 2037 5092 dotto
2057 5038 2085 5093 di
2106 5041 2136 5097 S.

306 5088 571 5108 m

1231 5181 1324 5235 Murio
1344 5199 1359 5234 e
1373 5181 1451 5251 apud
1471 5187 1596 5235 castrum
1616 5177 1714 5235 Pontis
1733 5178 1763 5233 in
1776 5179 1838 5234 loco
1851 5179 1901 5234 ubi
1914 5198 2012 5252 pugna
2026 5181 2134 5238 Conra-

633 5238 851 5302 MURATORI

1231 5340 1247 5373 a
1264 5318 1324 5374 dini
1342 5319 1488 5375 nobiscum
1506 5318 1587 5375 facta
1606 5319 1711 5376 extitit.
1730 5341 1745 5375 a
1766 5323 1835 5393 Reg.
1854 5323 1927 5395 Ang.
1947 5325 1979 5378 B.
2008 5327 2084 5396 1272,
2104 5346 2131 5382 11.

329 5417 664 5502 ¹)1967·10·S³Xt⁰
695 5417 869 5478 Februarii
904 5417 1059 5478 saraceni
1091 5421 1193 5482 [ΜΓ
1231 5466 1273 5534 14,
1292 5463 1341 5519 fol.
1360 5466 1523 5519 ato-Lo
1540 5464 1687 5536 battaglia
1705 5464 1734 5520 di
1754 5466 1942 5538 Tagliacozzo
1962 5469 1993 5525 fu
2006 5473 2131 5530 combut-

288 5583 370 5664 (sic),
394 5587 428 5644 ei
449 5580 545 5642 mulii
569 5578 626 5640 alil
649 5571 768 5658 perfidi
789 5575 968 5637 Christiani
985 5581 1099 5638 ⁰⁰¹¹tf³
1114 5577 1193 5638 mu·
1231 5616 1297 5665 tuto
1316 5625 1414 5679 presso
1432 5607 1619 5678 Alba-Ponto,
1637 5611 1708 5665 cutm
1725 5612 1824 5666 Album
1841 5617 1867 5666 et
1883 5613 2009 5668 Pontum.
2027 5613 2131 5668 Albae

170 5821 171 5824 Ἴ
288 5736 489 5798 strissimum
500 5735 673 5798 Dominum
688 5729 839 5792 cardum
853 5727 958 5790 filium
974 5731 1074 5809 Regis
1091 5734 1191 5794 Fran·
1231 5777 1271 5814 un
1289 5755 1399 5827 piccolo
1418 5755 1558 5828 villaggio
1577 5758 1607 5810 11
1629 5756 1698 5813 chil.
1718 5759 1755 5811 da
1774 5759 1929 5828 Avezzauo,
1948 5777 1963 5816 e
1982 5776 2052 5830 poco
2072 5760 2132 5814 lon-

287 5891 359 5956 ciae
382 5891 508 5968 Regem
530 5888 750 5951 Siciliae...
1230 5905 1299 5954 tano
1318 5901 1355 5953 de
1374 5898 1449 5952 Alba
1468 5899 1484 5952 b
1502 5897 1601 5954 Ponto.

438 6039 508 6094 Tou.
530 6053 554 6094 v.
1910 6011 1942 6092 lc
