5466 7106
1046 549 1451 622 DIPLOMATICUS
2055 547 2122 616 179

324 781 428 850 filius
453 779 630 868 quondam
654 781 750 869 sergi
774 779 817 849 de
840 780 961 850 eodem
984 779 1100 847 locum
1122 775 1295 862 nucerie3
1325 779 1362 845 et
1382 794 1446 864 per
1469 777 1548 862 ipsa
1570 773 1705 864 guadio
1726 779 1791 844 cio.
1817 773 1984 857 Sequitur
2005 775 2172 842 oonsnotn

315 937 508 1024 formula,
544 938 684 1003 stoinin
707 935 842 1004 mntoto
863 934 993 1021 ntpintt
1017 935 1102 1000 nnrt
1124 932 1318 1000 solidorum
1343 931 1584 1000 Constantini.
1613 947 1721 1016 quam
1748 931 1784 996 te
1809 929 1983 996 iohannes
2006 924 2169 996 notarius

321 1087 479 1156 scribere
503 1085 723 1174 rogavimus
748 1089 867 1155 actum
891 1085 1049 1154 nucerie.
1145 1089 1150 1102 ’

362 1209 394 1325 †
418 1241 493 1326 Ego
515 1241 657 1308 amatus

363 1364 395 1480 †
419 1395 496 1482 Ego
522 1391 708 1462 iohannes.

1057 1617 1165 1625 —.-----
1185 1619 1191 1622 -
1219 1613 1451 1622 -—-.-—--———--.-

1073 1905 1424 1988 DCCCXVII.

1100 2169 1153 2242 A.
1182 2167 1232 2242 D.
1260 2165 1388 2246 1029.

367 2410 404 2550 †
429 2463 469 2528 In
494 2460 638 2529 nomine
661 2459 795 2528 domini
821 2459 1006 2529 undecimo
1022 2477 1117 2528 anno
1133 2459 1355 2545 principatus
1378 2458 1497 2526 domni
1513 2459 1627 2526 nostri
1642 2457 1823 2546 guaimari
1846 2457 1914 2525 tilii
1930 2455 2050 2528 domni
2064 2457 2168 2543 guai-

319 2611 426 2688 mari,
445 2609 593 2697 gloriosi
611 2609 850 2698 principibuS,
867 2629 986 2678 mense
1003 2597 1157 2699 magius,
1172 2611 1380 2682 duodecima
1394 2610 1599 2681 indictione.
1619 2612 1909 2681 memoratorium
1923 2613 2056 2681 iactum
2072 2630 2096 2678 a
2112 2628 2169 2678 me

319 2760 513 2832 musandus
536 2760 670 2830 domini
693 2762 814 2850 gratia
837 2764 947 2831 abbas
970 2763 1178 2830 monasterii
1202 2767 1324 2832 sancte
1345 2765 1448 2850 sutie,
1465 2783 1533 2851 que
1549 2764 1713 2834 dedicata
1736 2770 1789 2833 est
1806 2764 1904 2832 intus
1928 2783 1996 2832 anc
2019 2764 2175 2832 salerni·

320 2930 443 2987 tanam
467 2917 652 2986 cibitatem
675 2937 743 3004 que
767 2918 835 2985 suit
858 2916 1013 3004 guaiferi
1036 2915 1103 2982 filii
1128 2917 1305 3002 quondam
1329 2916 1484 3003 guaiferi
1508 2915 1658 3001 comiti,
1681 2935 1722 2984 eo
1745 2915 1838 3002 quod
1863 2917 1948 2983 ante
1979 2913 2173 3000 subscripti

319 3073 427 3136 testes
451 3086 515 3154 per
539 3085 633 3136 vona
656 3069 917 3136 combenientia
941 3068 1089 3138 tradidit
1112 3073 1210 3156 petro
1233 3074 1268 3138 et
1291 3069 1439 3138 iohanni
1463 3070 1627 3158 germani
1650 3068 1717 3137 filii
1740 3069 1919 3156 quondam
1943 3069 2093 3138 iohanni
2121 3069 2164 3135 de

320 3241 394 3292 una
416 3225 518 3310 pecta
542 3224 585 3291 de
608 3227 707 3292 terra
722 3243 802 3291 cum
819 3225 939 3310 vinea,
963 3228 999 3292 et
1014 3225 1156 3310 bacibu,
1174 3227 1209 3291 et
1224 3224 1344 3290 arbori
1361 3223 1403 3291 de
1420 3226 1617 3308 arbustum,
1634 3226 1670 3290 et
1685 3221 1941 3310 castanietum,
1964 3223 2059 3308 quod
2087 3241 2175 3309 pars

319 3375 430 3462 ipsius
453 3376 662 3445 monasterii
685 3379 768 3444 abet
791 3376 831 3444 in
854 3377 968 3444 iocum
992 3376 1074 3445 sitia
1099 3378 1137 3444 in
1162 3377 1232 3446 ista
1255 3380 1358 3462 perte
1381 3375 1487 3443 flubio
1502 3373 1690 3462 pecentino
1713 3394 1775 3460 per
1800 3374 1889 3443 fines
1914 3377 1950 3443 et
1967 3374 2166 3444 mensoria:

319 3531 365 3598 da
388 3534 493 3615 parte
517 3532 664 3599 orientis
688 3532 759 3600 fine
783 3533 858 3617 bia,
883 3531 966 3599 inde
989 3534 1072 3599 sunt
1095 3530 1189 3618 passi
1214 3533 1358 3598 centum
1382 3529 1625 3616 quadraginta
1649 3545 1739 3596 sex:
1769 3549 1792 3597 a
1816 3509 1965 3597 meridie
1989 3531 2061 3598 tine
2085 3531 2173 3616 bia,

320 3679 401 3748 inde
425 3685 509 3749 sunt
532 3682 627 3766 passi
651 3682 896 3768 quadraginta
919 3683 1009 3750 duo:
1036 3684 1083 3750 eb
1106 3681 1287 3748 occidente
1309 3681 1380 3749 fine
1404 3681 1520 3749 media
1536 3698 1632 3767 sepe,
1659 3679 1742 3748 inde
1759 3681 2012 3767 passicentum
2036 3681 2172 3769 biginti

320 3833 513 3918 quadtuor:
539 3853 561 3902 a
584 3842 686 3921 parte
710 3833 973 3920 septemtrionis
996 3835 1067 3902 fine
1090 3834 1238 3920 predicti
1265 3834 1496 3921 monasterii,
1521 3835 1603 3903 inde
1627 3839 1710 3902 sunt
1733 3837 1831 3922 passi
1854 3837 2047 3924 sexaginta
2071 3837 2169 3924 duo,

318 3989 434 4054 totum
458 3987 503 4055 ad
528 3988 619 4055 iusto
644 4005 785 4074 passum
809 3987 938 4054 ominis
961 3989 1219 4071 mensuratum,
1243 3983 1335 4070 ide0,
1360 3987 1399 4052 ut
1421 3983 1593 4072 diximus,
1617 3984 1893 4070 quantum-inde
1909 3987 2067 4071 pertinet
2090 4006 2172 4075 prc-

317 4141 412 4210 dicto
435 4139 664 4226 monasterio,
688 4144 799 4208 totum
815 4142 851 4206 et
875 4139 1042 4207 inclitum
1066 4137 1148 4205 illut
1170 4154 1291 4204 eorum
1316 4133 1465 4204 tradidit
1489 4135 1619 4205 intuli
1642 4135 1783 4222 ordine,
1812 4141 1851 4206 ut
1874 4139 1997 4208 amodo
2020 4144 2056 4208 et
2079 4157 2171 4208 sem·

320 4313 382 4380 per
408 4293 453 4363 nd
478 4313 544 4362 sua
567 4297 603 4360 et
625 4293 668 4360 de
692 4292 766 4360 suis
791 4293 955 4360 eredibus
980 4292 1053 4360 sint
1077 4291 1287 4378 potestatem
1303 4289 1386 4358 illut
1401 4289 1607 4375 tenendum,
1632 4294 1667 4358 et
1690 4291 1789 4358 sebee
1812 4295 1847 4359 et
1870 4293 1985 4360 onmis
2008 4311 2072 4361 sue
2095 4295 2168 4360 uti-

322 4446 442 4515 litatis
463 4435 564 4515 'iusta
586 4447 764 4514 rationem
788 4445 919 4514 ibidem
941 4444 1072 4530 tacere,
1096 4448 1131 4513 et
1146 4441 1277 4511 ibidem
1292 4443 1448 4512 residere
1463 4446 1498 4511 et
1517 4441 1669 4528 abitare,
1687 4447 1723 4510 et
1745 4444 1882 4532 amodo,
1908 4445 1967 4513 ubi
1991 4448 2165 4514 meruerit

315 4602 510 4687 pastenare
533 4601 678 4668 arbores
702 4603 737 4666 et
754 4599 856 4684 bites,
873 4601 909 4666 et
925 4600 1113 4684 surgerent
1129 4597 1172 4666 de
1188 4599 1278 4664 bono
1294 4596 1429 4664 ritineo
1445 4598 1481 4664 et
1501 4597 1627 4683 pomis,
1644 4596 1736 4664 sicut
1752 4599 1937 4684 meruerit,
1954 4617 1994 4667 ut
2009 4601 2055 4667 ad
2074 4617 2169 4668 com-

317 4755 405 4842 pleti
430 4757 549 4822 autem
572 4753 756 4822 duodecim
780 4753 868 4822 anni
892 4754 1023 4821 abeant
1044 4755 1157 4820 totum
1173 4749 1254 4819 illut
1269 4754 1409 4818 surium
1432 4753 1619 4820 arbustum
1642 4755 1678 4818 et
1693 4751 1806 4837 pomis
1828 4755 1864 4819 et
1887 4749 2089 4839 insitetum,
2115 4757 2169 4820 to-

316 4911 393 4975 tum
416 4924 548 4975 vonum
573 4911 728 4994 surium,
754 4911 791 4975 et
814 4909 1014 5006 operatum,
1038 4909 1074 4973 et
1096 4905 1283 4992 cultatum,
1301 4905 1341 4971 ut
1357 4903 1554 4991 perfectum
1579 4907 1691 4973 totum
1707 4902 1789 4971 illut
1804 4907 1930 4990 pareat
1953 4905 2102 4992 iactum,
2125 4909 2162 4972 et

315 5065 519 5148 operatum,
543 5065 580 5130 et
596 5061 783 5148 cultatem,
803 5078 900 5128 seum
917 5059 1067 5146 clusum,
1083 5057 1176 5126 sicut
1191 5057 1373 5148 meruerit.
1387 5057 1432 5124 Et
1446 5055 1588 5143 quando
1605 5053 1758 5124 boluerit
1775 5055 1849 5123 illis
1867 5057 1946 5142 ipsa
1958 5057 2066 5127 vinea
2083 5059 2169 5126 inde
2203 5031 2205 5036 ,

317 5215 516 5300 abscidere,
540 5219 576 5283 et
598 5213 722 5282 amodo
744 5231 807 5300 per
831 5228 967 5281 annum
990 5228 1054 5278 suo
1076 5213 1234 5296 tempore
1256 5213 1369 5277 totum
1392 5208 1473 5277 illut
1488 5207 1531 5277 de
1547 5227 1654 5295 super
1680 5211 1716 5275 et
1740 5207 1782 5276 de
1805 5210 1926 5278 subter
1942 5211 2163 5280 laborareet

318 5367 459 5436 culture
482 5371 519 5436 ct
542 5366 714 5452 frudinre,
740 5367 833 5434 sicut
855 5364 1028 5433 meruerit
1050 5363 1089 5430 in
1112 5361 1186 5449 ipso
1209 5362 1336 5448 locum,
1361 5366 1401 5429 ut
1423 5379 1486 5448 per
1509 5359 1625 5429 omnis
1649 5378 1787 5428 annum
1810 5363 1940 5428 bonum
1964 5361 2165 5432 laboratum

315 5525 351 5588 et
376 5519 574 5589 studictum
597 5522 735 5606 pareat,
761 5520 936 5606 quatenus
960 5517 999 5583 in
1023 5515 1150 5584 melius
1173 5513 1363 5602 proficiant
1386 5517 1421 5581 et
1443 5529 1516 5581 non
1540 5511 1757 5600 dispereant,
1782 5515 1819 5581 et
1842 5513 1981 5581 salbum
2004 5513 2087 5582 illut
2113 5515 2167 5583 ia·

315 5675 434 5760 ciant,
458 5679 495 5742 et
517 5691 581 5760 per
605 5690 741 5740 annum
763 5671 806 5740 de
830 5669 1005 5739 vindemie
1028 5667 1165 5738 faciant
1187 5669 1278 5738 scire
1301 5685 1365 5735 nos
1389 5670 1454 5737 aut
1477 5685 1560 5755 pars
1577 5667 1738 5737 iamdicti
1753 5672 1868 5737 nostri
1883 5668 2106 5758 monosterii,
2124 5677 2163 5738 ut

314 5827 469 5895 missum
493 5830 656 5894 nostrum
682 5823 766 5891 illuc
791 5822 1004 5910 dirigamus,
1021 5827 1057 5890 et
1072 5822 1145 5890 illis
1166 5827 1279 5891 totum
1303 5821 1385 5890 illut
1400 5841 1465 5892 suo
1481 5825 1638 5910 tempore
1654 5821 1890 5911 vindemiare,
1907 5826 1943 5892 et
1959 5839 2064 5910 poma
2080 5821 2167 5890 inde
