5414 7098
583 558 631 628 rr
1082 553 1089 564 ·
1223 558 1392 630 counx
1437 557 1699 634 11111111

540 781 615 849 filio
638 781 799 852 iamdicti
824 782 980 852 mirandi
1004 781 1211 851 subdiaconi
1241 784 1345 850 ambo
1374 783 1541 854 iamdicto
1564 788 1663 875 pecie
1692 789 1735 858 de
1757 794 1855 861 terra
1886 811 1967 860 cum
1996 788 2156 859 arbustis
2184 785 2311 858 vitatis
2344 785 2389 852 de

539 933 709 1003 iamdicto
732 935 848 1003 locum
870 934 1042 1003 fioccanu.
1068 935 1146 1002 Una
1169 933 1300 1004 1111111
1323 954 1387 1024 per
1410 938 1476 1006 hec
1499 939 1583 1007 finis
1606 943 1643 1008 11
1666 941 1860 1030 mensurio,
1887 943 1951 1012 illa
1973 942 2174 1011 111111111
2196 957 2393 1029 germanus

540 1105 640 1157 meus
662 1107 726 1176 per
748 1090 814 1157 hec
836 1087 919 1157 finis
943 1091 978 1156 11
1003 1089 1219 1156 mensariis:
1254 1109 1276 1157 a
1305 1109 1390 1176 pars
1414 1091 1679 1178 septemtrionis
1703 1093 1774 1161 fine
1797 1095 1858 1162 via
1881 1092 2051 1182 puplica,
2079 1096 2166 1162 sunt
2189 1092 2272 1162 inde
2296 1092 2393 1180 passi

543 1245 673 1331 viginti
697 1263 794 1312 unu:
830 1247 876 1314 ab
899 1244 1079 1314 occidente
1102 1243 1173 1313 fine
1196 1245 1349 1315 mirandi
1375 1251 1411 1314 et
1433 1251 1607 1335 pertange
1631 1247 1678 1316 ad
1700 1247 1771 1316 fine
1794 1247 1838 1315 de
1861 1246 2008 1315 heredes
2032 1247 2128 1335 sergi
2154 1247 2296 1317 diaconi
2323 1248 2393 1315 filii

544 1398 734 1484 palumbi,
767 1397 850 1464 inde
872 1397 967 1484 passi
993 1398 1127 1484 viginti
1151 1415 1240 1465 sex:
1272 1419 1294 1468 a
1317 1349 1466 1465 meridie
1490 1399 1560 1466 fine
1583 1397 1627 1465 de
1649 1399 1798 1466 heredes
1829 1398 1949 1467 ladoni
1972 1399 2154 1486 castaldi,
2187 1399 2269 1468 inde
2294 1402 2393 1486 passi

543 1554 664 1621 decem
687 1555 724 1620 et
746 1554 873 1619 nobem
896 1551 1016 1618 minus
1039 1551 1155 1637 palmo
1179 1568 1316 1618 unum:
1342 1554 1389 1620 ab
1412 1553 1549 1620 oriente
1573 1553 1644 1620 fine
1674 1552 1822 1621 iohanni
1855 1574 2069 1641 germanum
2091 1559 2280 1643 nostrum,
2307 1555 2391 1624 inde

542 1707 783 1792 coniungente
807 1705 853 1773 ad
876 1704 955 1792 ipsa
978 1707 1038 1773 via
1061 1705 1179 1792 priore
1203 1707 1287 1792 fine,
1311 1705 1393 1773 inde
1417 1706 1513 1791 passi
1538 1703 1670 1790 viginti
1698 1705 1778 1772 du0.
1808 1705 1888 1791 lpsa
1911 1706 1987 1774 alia
2010 1707 2112 1794 pecia
2137 1707 2182 1777 da
2208 1707 2396 1793 iaquintus

542 1859 638 1926 filius
661 1859 807 1928 iohanni
832 1877 896 1945 per
918 1861 984 1926 hec
1007 1857 1089 1926 finis
1112 1862 1148 1926 11
1171 1858 1374 1926 mensuriis:
1392 1878 1415 1926 a
1431 1877 1515 1944 pars
1539 1858 1802 1944 septemtrionis
1825 1859 1896 1926 fine
1919 1858 1979 1928 via
2002 1860 2161 1948 puplica,
2186 1861 2269 1929 inde
2296 1862 2393 1948 passi

540 2013 836 2100 quadtuordecim
860 2019 896 2081 11
918 2015 1039 2081 111111
1062 2031 1187 2080 unum:
1214 2016 1259 2081 ab
1282 2013 1419 2081 oriente
1442 2011 1514 2080 fine
1536 2029 1686 2098 meaque
1708 2011 1914 2099 domnandi,
1943 2012 2026 2082 inde
2050 2013 2144 2100 passi
2169 2014 2302 2102 viginti
2329 2037 2395 2085 sex

539 2159 1301 2254 1111111111,11111111111111,]111111
1331 2183 1431 2234 una:
1464 2187 1487 2234 a
1517 2166 1666 2234 meridie
1690 2167 1761 2235 fine
1791 2168 1834 2236 de
1861 2169 2085 2268 consortibus
2117 2170 2273 2246 nostris,
2310 2170 2394 2239 inde

543 2325 630 2390 sunt
652 2320 749 2406 passi
774 2320 990 2408 quindecim,
1015 2323 1050 2388 et
1073 2320 1193 2386 cubito
1217 2337 1345 2406 unum,
1370 2322 1405 2387 11
1427 2291 1546 2406 palmo
1568 2339 1702 2388 unum:
1728 2324 1775 2389 ab
1805 2321 1985 2391 occidente
2008 2324 2079 2391 fine
2103 2323 2145 2391 de
2170 2325 2315 2392 heredes
2340 2327 2393 2393 ci-

540 2475 616 2542 ceri
641 2493 835 2561 germanus
858 2493 970 2560 meus,
1000 2473 1082 2542 inde
1106 2475 1345 2580 coniungente
1370 2472 1409 2540 in
1433 2473 1510 2561 ipsa
1533 2473 1593 2542 via
1615 2475 1734 2560 priore
1759 2473 1842 2542 inde
1865 2478 1950 2543 sunt
1972 2475 2068 2562 passi
2094 2476 2224 2564 viginti
2250 2480 2391 2564 nobem,

543 2631 657 2694 totum
682 2628 728 2696 ad
752 2627 843 2697 iusto
866 2647 1009 2715 passum
1034 2626 1170 2696 homini
1196 2632 1454 2696 mensuratum.
1479 2629 1551 2695 Hec
1574 2647 1656 2696 vero
1680 2630 1783 2696 ambo
1807 2627 1976 2698 iamdicto
1999 2628 2099 2716 pecie
2123 2631 2165 2699 11
2189 2635 2286 2702 terra
2309 2651 2392 2700 curn

542 2780 704 2848 arbustis
726 2799 790 2867 per
814 2781 982 2850 iamdicto
1005 2780 1088 2848 finis
1112 2785 1147 2848 et
1171 2780 1379 2866 mensurie,
1408 2798 1489 2846 cum
1520 2779 1615 2848 intro
1642 2797 1680 2846 11
1703 2781 1917 2848 habentibus
1940 2785 1976 2849 11
1998 2781 2074 2849 1111
2100 2783 2334 2868 pertinentiis
2358 2793 2394 2853 et

545 2951 628 3000 cum
651 2934 729 3002 vice
754 2935 797 3002 de
822 2935 891 3002 viis
915 2935 989 3002 suis
1014 2934 1181 3004 inclitum
1205 2934 1286 3002 illut
1308 2953 1390 3000 cum
1413 2935 1518 3001 ambo
1542 2933 1710 3004 iamdicto
1733 2933 1871 3002 cartule
1894 2934 1938 3002 de
1961 2935 2036 3020 ipse
2059 2935 2273 3024 patrationis,
2297 2939 2389 3024 quod

543 3087 611 3174 ipsi
637 3089 1532 3176 11111111111111111111111111111111111111,
1563 3086 1628 3154 tibi
1660 3085 1723 3173 qui
1756 3105 1865 3176 supra
1893 3087 1975 3154 miri
2014 3089 2125 3157 iudici
2147 3091 2277 3160 111111
2310 3111 2394 3160 con·

548 3242 798 3329 firmavimus,
823 3243 869 3311 ad
892 3241 1065 3338 securiter
1088 3245 1125 3309 et
1148 3239 1298 3308 firmiter
1320 3239 1444 3308 amodo
1468 3243 1504 3308 et
1526 3257 1664 3324 semper
1688 3241 1728 3305 11
1753 3237 1877 3323 tuique
1901 3239 2090 3307 heredibus
2114 3258 2175 3309 eos
2197 3244 2392 3331 abendunr,

545 3397 823 3482 possidendum,
859 3396 1139 3482 dominandum,
1173 3395 1293 3462 omnia
1327 3393 1456 3462 exinde
1485 3393 1689 3462 faciendum
1712 3393 1806 3479 quod
1829 3392 2026 3462 volueritis.
2052 3395 2152 3463 Unde
2168 3414 2240 3482 pro
2263 3397 2390 3464 confir-

546 3550 679 3621 manda
701 3556 738 3618 11
760 3549 1016 3618 staviliscenda
1039 3549 1245 3636 supradicta
1268 3555 1390 3616 nostra
1412 3547 1628 3616 vindictione
1659 3547 1705 3615 da
1738 3546 1854 3614 omnis
1892 3550 2054 3616 homines
2083 3549 2249 3636 omnique
2280 3552 2394 3636 parti-

544 3707 632 3790 bus,
656 3709 798 3790 tamen,
822 3701 965 3790 quando
989 3718 1054 3768 nos
1077 3699 1280 3787 quesieritis
1305 3701 1387 3769 inde
1412 3705 1603 3788 auctores,
1632 3705 1672 3768 11
1696 3706 1815 3770 autem
1838 3707 1874 3771 et
1897 3703 1970 3770 tuis
1995 3703 2184 3772 heredibus
2212 3705 2385 3774 1111111111

540 3863 629 3946 aput
650 3875 736 3944 me,
760 3857 816 3924 vel
841 3863 930 3943 aput
954 3873 1052 3924 meos
1075 3855 1253 3941 heredes,
1277 3856 1380 3922 ambo
1405 3855 1571 3922 iamdicte
1594 3855 1744 3941 cartule,
1769 3854 1861 3940 quod
1885 3855 1987 3922 modo
2011 3855 2076 3922 tibi
2102 3856 2394 3925 venumdedimus

541 4029 624 4080 cum
649 4011 727 4097 ipsa
751 4011 871 4094 11111,
895 4013 932 4076 11
955 4025 1020 4075 111
1043 4005 1242 4092 nostrisque
1266 4006 1458 4074 heredibus
1481 4006 1563 4075 illut
1579 4005 1646 4076 tibi
1664 4008 1788 4094 tuique
1804 4008 1996 4076 heredibus
2011 4009 2094 4077 illut
2109 4009 2330 4078 defensemus
2345 4010 2392 4078 da

541 4180 665 4233 omnes
688 4163 850 4232 homines
872 4162 1039 4248 omnique
1064 4159 1242 4248 partibus:
1267 4165 1345 4247 post
1367 4159 1476 4228 finem
1498 4160 1629 4228 factam
1653 4163 1757 4230 ambo
1781 4159 1856 4247 ipse
1880 4161 2017 4230 cartule
2041 4163 2137 4231 salve
2153 4167 2240 4248 aput
2256 4180 2316 4230 vos
2339 4181 2396 4231 re·

546 4317 744 4402 1111111111,
769 4315 947 4385 11111111
970 4332 1031 4381 vos
1055 4313 1116 4381 ille
1139 4313 1235 4380 omni
1258 4317 1414 4398 tempore
1438 4331 1502 4398 pro
1525 4317 1644 4383 vestra
1674 4314 1878 4383 defensione
1903 4335 1967 4403 per
2002 4315 2171 4384 iamdicto
2195 4316 2332 4385 ordine.
2359 4318 2393 4384 Si

545 4475 681 4557 autern,
705 4469 800 4538 sicut
824 4469 960 4538 dictum
984 4471 1053 4555 est,
1075 4466 1199 4535 taliter
1222 4484 1285 4534 nos
1308 4471 1344 4534 et
1367 4467 1498 4534 nostris
1521 4467 1711 4535 heredibus
1726 4467 1792 4536 tibi
1815 4471 1941 4555 tuique
1956 4470 2146 4538 heredibus
2164 4471 2387 4539 noluerimus

545 4622 754 4710 adimplere,
778 4621 833 4689 vel
858 4620 989 4707 aliquit
1013 4621 1096 4688 inde
1119 4637 1299 4687 removere
1323 4621 1386 4688 111
1401 4623 1567 4688 11111111
1583 4621 1829 4710 quesierimus,
1846 4639 1910 4709 per
1925 4623 2132 4708 supradicta
2147 4623 2285 4711 guadia
2302 4623 2393 4692 obli-

548 4775 712 4862 gavimus
736 4791 800 4841 nos
824 4777 860 4841 et
883 4773 1016 4841 nostris
1039 4771 1124 4840 filiis
1146 4775 1183 4838 11
1205 4772 1395 4839 heredibus
1418 4772 1464 4839 11
1488 4772 1768 4858 componendum
1792 4773 1856 4840 tibi
1882 4773 2008 4860 tuique
2031 4777 2235 4864 heredibus,
2260 4777 2316 4843 vel
2333 4776 2393 4845 cui

544 4925 688 4994 cartula
710 4925 783 4992 ista
806 4925 882 4993 rice
894 4929 1015 4992 vestra
1027 4925 1066 4989 in
1077 4940 1224 4992 manum
1248 4921 1423 5009 paruerit,
1440 4923 1594 5011 triginta
1609 4925 1716 4995 hauri
1732 4927 1860 4995 solidos
1876 4929 2133 5015 constantinos,
2150 4934 2186 4998 et
2201 4929 2339 5016 questio
2356 4937 2393 4998 et

545 5081 707 5148 causatio
729 5085 851 5150 nostra
874 5080 987 5147 modis
1008 5077 1174 5145 omnibus
1197 5077 1271 5145 sint
1294 5077 1426 5144 exinde
1449 5077 1561 5147 tacita
1585 5083 1621 5148 et
1651 5097 1776 5149 vacua.
1813 5081 1912 5148 Unde
1945 5100 2009 5167 pro
2043 5083 2323 5153 confirmandam
2361 5091 2398 5150 11

545 5235 835 5305 staviliscendam
859 5235 1066 5322 supradicta
1089 5237 1212 5301 nostra
1235 5231 1454 5300 vindictione
1489 5250 1512 5300 a
1544 5199 1720 5320 presentis
1754 5235 1951 5322 recepimus
1981 5257 2004 5304 a
2038 5239 2073 5303 te
2108 5237 2238 5306 exinde
2263 5237 2394 5326 viginti

546 5407 658 5456 unum
681 5389 763 5458 1111
787 5389 859 5458 tari
883 5389 967 5456 boni
992 5391 1134 5474 propter
1158 5386 1228 5453 ista
1251 5388 1377 5452 nostra
1404 5385 1622 5453 vindictione
1656 5387 1693 5454 in
1726 5389 1843 5455 omnis
1866 5387 2150 5475 deliveratione,
2174 5391 2268 5457 sicut
2292 5391 2391 5458 inter
2484 5437 2489 5446 -

545 5544 648 5612 nobis
671 5543 863 5629 combenit3
887 5544 930 5612 de
954 5563 1026 5631 qua
1050 5561 1113 5630 per
1136 5543 1229 5610 bona
1252 5540 1513 5608 combenientia
1537 5557 1600 5606 nos
1624 5538 1818 5625 supradicti
1843 5541 1897 5609 vir
1921 5546 1957 5610 11
1982 5559 2073 5610 uxor
2088 5543 2224 5630 guardia
2241 5545 2312 5612 tibi
2329 5547 2418 5632 qui,

396 5717 412 5730 ··
458 5677 491 5692 '⁸
548 5717 659 5786 supra
684 5697 769 5767 miri
795 5697 904 5765 iudici
929 5697 1103 5782 dedimus,
1128 5700 1164 5762 et
1189 5695 1421 5764 mediatorem
1445 5694 1513 5762 tihi
1535 5694 1718 5781 posuimus
1741 5695 1833 5764 maio
1856 5695 1971 5764 filium
1994 5697 2156 5785 iohanni,
2179 5699 2241 5785 qui
2264 5699 2399 5769 dicitur

546 5851 748 5940 malirede3
774 5857 809 5921 et
832 5870 894 5940 per
918 5851 997 5938 ipsa
1020 5849 1154 5938 guadia
1178 5847 1415 5935 obligavimus
1437 5863 1502 5915 nos
1524 5845 1586 5932 qui
1612 5865 1719 5934 supra
1743 5846 1799 5914 vir
1829 5851 1864 5914 et
1891 5866 2009 5934 uxor,
2042 5850 2166 5919 amodo
2198 5857 2234 5920 et
2257 5871 2398 5940 sempor
