5422 7102
1059 556 1460 630 nlrtonnrtubs
2065 552 2134 626 259

332 791 489 858 11111111
511 785 624 874 ipsius
647 782 868 870 monasterii,
885 785 923 850 et
946 782 1004 848 cui
1027 781 1105 868 ipsa
1129 779 1277 868 scriptio
1298 780 1392 868 quod
1416 782 1514 850 vobis
1538 781 1756 866 remisimus,
1781 776 1837 848 vel
1860 777 1919 848 cui
1950 776 2090 850 cartula
2113 775 2186 845 ista

332 961 397 1030 pro
419 942 497 1010 vice
521 939 634 1027 ipsius
656 937 851 1007 monasteri
875 936 915 1004 in
939 952 1049 1004 manu
1072 933 1246 1021 paruerit,
1262 933 1526 1026 quinquaginta
1549 933 1677 1004 solidos
1702 931 1948 1002 constantinos
1971 947 2035 1018 per
2058 927 2185 999 eadem

333 1092 470 1181 guadia
496 1096 532 1162 et
554 1089 715 1179 obligata
736 1045 842 1176 pena,
865 1089 901 1156 et
922 1089 963 1156 in
985 1089 1092 1156 antea
1115 1087 1253 1172 questio
1282 1091 1319 1156 et
1341 1088 1502 1156 causatio
1524 1089 1647 1158 nostra
1669 1089 1757 1174 aput
1781 1085 1898 1174 ipsum
1919 1079 2179 1166 monasterium

335 1251 427 1322 fiant
453 1248 536 1318 inde
560 1247 673 1318 tacita
696 1250 733 1316 et
755 1247 883 1334 bacun,
907 1246 944 1316 et
965 1243 1087 1314 taliter
1110 1241 1265 1310 scribere
1288 1241 1495 1328 rogavimus
1517 1243 1552 1311 te
1575 1240 1726 1312 talarico
1748 1239 1922 1328 presbiter
1945 1234 2185 1324 1111111111,

335 1403 458 1472 aetum
482 1397 623 1467 cilento.

383 1499 420 1639 †
444 1553 519 1639 ugo
542 1549 720 1620 ranoouus
743 1547 919 1636 presbiter
943 1621 944 1624 Ν

383 1675 415 1792 †
439 1704 514 1790 Ego
536 1701 737 1770 romoaldus
760 1701 946 1788 presbiter.

1057 1989 1461 2002 ——-.-—-..--q

1082 2278 1457 2361 DCCCLXIX.

1003 2529 1006 2534 ’
1127 2575 1260 2653 11.
1289 2575 1419 2656 1114.

376 2848 413 2989 †
436 2902 477 2967 Iu
503 2903 648 2970 nomine
671 2899 806 2968 domini
829 2899 1066 2968 sextodecimo
1088 2919 1183 2971 anno
1208 2902 1429 2989 principatus
1451 2903 1571 2970 domni
1586 2901 1700 2970 nostri
1718 2901 1901 2990 guaimari
1915 2905 2069 2992 glorioso
2084 2911 2187 2996 prin·

331 3055 422 3146 cipe,
446 3073 567 3126 mense
590 3055 756 3132 martius,
782 3054 938 3124 secunda
961 3051 1169 3124 indictione.
1194 3053 1343 3141 Ideoque
1366 3072 1432 3142 ego
1447 3054 1635 3124 ferrandus
1651 3053 1805 3124 clericus
1820 3055 2105 3144 filiusquondam
2128 3080 2187 3129 ao·

257 3241 261 3246 ·
287 3223 294 3239 '
331 3211 414 3278 zoni
441 3210 643 3298 ciereinde,
661 3211 840 3296 ‚quoniam
869 3211 960 3278 mihi
987 3212 1042 3278 est
1065 3209 1285 3296 pertinentes
1302 3227 1365 3294 per
1387 3208 1538 3296 gradum
1566 3208 1800 3278 successionis
1817 3211 1922 3280 abere
1938 3227 2010 3282 una
2024 3212 2126 3299 pecia
2141 3214 2185 3282 de

192 3439 196 3449 ,
332 3369 429 3434 terra
454 3381 536 3432 cum
559 3361 817 3432 abellanietum
841 3360 880 3427 in
903 3360 1018 3428 locum
1041 3359 1204 3446 nuceria,
1228 3360 1290 3427 ubi
1313 3358 1469 3445 pucianu
1493 3359 1641 3447 dieitur,
1657 3365 1693 3429 11
1716 3379 1915 3450 congruum
1931 3367 1985 3432 est
2000 3363 2088 3432 mihi
2105 3367 2184 3434 bicc

336 3534 415 3586 mea
431 3521 468 3585 et
491 3513 612 3584 dilecti
635 3514 801 3600 germani
824 3513 895 3580 mei
917 3510 1007 3579 illud
1031 3509 1277 3580 bicariationis
1300 3511 1425 3579 ordine
1448 3512 1533 3581 dare
1556 3514 1773 3602 maghenolfi
1788 3515 1861 3584 filio
1876 3515 2037 3585 richardi
2061 3534 2185 3585 conso-

335 3671 439 3737 vrino
454 3671 604 3737 11111111
627 3669 802 3752 nostrum3
822 3669 858 3733 11
874 3663 966 3750 ideo,
985 3663 1086 3732 sicud
1103 3663 1192 3730 mihi
1210 3681 1408 3752 congruum
1424 3669 1491 3754 est,
1508 3685 1589 3736 mea
1604 3684 1698 3738 vona
1713 3668 1907 3738 bolumtate
1923 3671 1962 3738 in
1979 3669 2055 3756 ipso
2069 3669 2187 3737 locum

329 3821 479 3890 nuceria
502 3824 586 3890 ante
609 3817 799 3905 subscripti
815 3820 923 3885 testes
938 3834 1001 3904 per
1017 3833 1085 3886 anc
1108 3814 1285 3884 cartulam
1309 3815 1556 3886 bicariationis
1573 3818 1698 3887 ordine
1714 3819 1828 3888 tradit
1844 3819 1909 3888 tivi
1931 3820 2093 3890 iamdicti
2117 3841 2193 3892 ma-

328 3972 459 4060 111111
483 3973 610 4041 inclita
635 3972 712 4058 ipsa
737 3969 909 4038 iamdicta
932 3969 1034 4058 pscia
1057 3969 1100 4038 de
1125 3971 1226 4040 terra
1248 3989 1331 4037 cum
1353 3970 1608 4040 abellanietum
1630 3989 1694 4058 per
1716 3989 1756 4039 ec
1779 3973 1863 4040 finis
1886 3975 1923 4042 et
1946 3974 2137 4044 mensurio:
2168 3995 2193 4046 a

327 4144 413 4213 pars
434 4125 586 4193 orientis
610 4123 680 4190 flne
703 4122 806 4190 sicud
827 4121 1059 4190 terminatum
1084 4125 1151 4210 est,
1175 4125 1261 4191 11111
1284 4122 1366 4193 inde
1390 4125 1486 4210 passi
1510 4124 1664 4212 triginta
1687 4127 1845 4212 quinque
1869 4130 1905 4194 et
1928 4126 2033 4213 pedes
2055 4145 2198 4196 unum:

327 4277 371 4348 de
392 4296 544 4366 supere
566 4297 651 4365 pars
675 4277 823 4345 meridie
846 4276 919 4344 fine
942 4275 1076 4344 andree
1100 4274 1176 4344 thio
1199 4279 1342 4363 nostro,
1371 4281 1455 4345 sunt
1478 4275 1561 4345 iude
1584 4277 1678 4362 passi
1709 4277 1908 4346 duodecim:
1933 4298 1957 4348 1
1979 4297 2064 4366 pars
2086 4283 2181 4350 occi-

328 4429 447 4499 dentis
469 4431 541 4499 flue
564 4430 607 4499 de
630 4430 751 4498 eredes
774 4429 871 4516 sergi
894 4428 1102 4498 atriancnse
1125 4427 1186 4514 qui
1209 4427 1367 4498 vocabad
1390 4427 1616 4515 bocavitellu‚
1640 4433 1725 4498 sunt
1739 4431 1821 4500 inde
1838 4432 1933 4517 passi
1949 4433 2081 4520 biginti
2099 4437 2178 4502 seb·

328 4587 425 4672 tem,
450 4582 654 4650 rebolbente
677 4599 742 4668 per
766 4581 838 4648 flue
859 4581 972 4667 ipsius
994 4581 1091 4667 sergi
1116 4579 1343 4666 inpartibus
1367 4581 1584 4670 occidentis,
1608 4583 1709 4651 sicud
1738 4583 1822 4652 inde
1856 4583 1971 4653 limite
1996 4583 2184 4673 discernit,

328 4740 413 4803 sunt
437 4734 519 4804 inde
542 4752 665 4820 passos
688 4732 979 4820 quadtuordecim
1001 4737 1037 4801 et
1059 4733 1214 4801 medium
1248 4736 1284 4802 11
1306 4731 1426 4802 cubito
1460 4753 1594 4822 unum,
1620 4733 1823 4805 rebolbente
1845 4737 1885 4804 in
1907 4737 2072 4824 partibus
2095 4743 2174 4808 seb·

328 4888 531 4957 temtrionis
547 4906 612 4976 per
628 4887 701 4956 flne
723 4886 765 4955 dc
788 4885 911 4955 eredes
925 4886 1002 4953 ursi
1025 4883 1268 4954 consortiflces
1290 4889 1442 4972 nostros,
1465 4884 1566 4954 sicud
1582 4885 1665 4955 inde
1688 4886 1803 4955 limite
1818 4888 2001 4976 disseruit,
2018 4894 2104 4958 sunt
2119 4892 2174 4958 in·

327 5041 371 5109 de
394 5043 491 5129 passi
513 5041 678 5110 tridecim
700 5045 737 5110 11
759 5039 879 5109 cubito
902 5057 1041 5107 unum:
1067 5057 1090 5107 a
1112 5057 1197 5126 pars
1220 5041 1519 5110 sebtemtrionalis
1543 5041 1614 5111 fine
1636 5046 1700 5111 tua
1722 5043 1785 5130 qui
1809 5062 1918 5130 supra
1941 5045 2171 5133 maghonem,

327 5198 420 5284 quod
442 5201 528 5266 ante
551 5216 589 5268 11
611 5196 687 5284 ipse
708 5196 850 5285 genitor
875 5199 995 5264 noster
1024 5196 1088 5264 tivi
1113 5195 1176 5281 qui
1200 5213 1308 5282 supra
1341 5214 1405 5282 per
1439 5197 1545 5264 firma
1567 5197 1707 5266 cartula
1730 5197 1977 5266 bicariationis
2000 5199 2176 5268 traditum

328 5355 365 5420 et
388 5353 637 5420 confirmatum
660 5351 757 5436 abet,
782 5353 868 5416 sunt
890 5346 973 5416 inde
995 5364 1118 5432 passos
1142 5347 1274 5435 viginti
1295 5350 1389 5434 octo,
1412 5351 1528 5416 totum
1549 5347 1595 5417 ad
1617 5349 1713 5417 iusto
1734 5367 1879 5436 passum
1902 5349 2013 5448 omini
2038 5370 2182 5420 1111111-

328 5511 469 5594 ratum3
492 5525 532 5575 ec
555 5525 639 5575 vero
661 5504 823 5594 predicta
844 5502 945 5590 peoia
967 5503 1010 5571 de
1032 5505 1131 5572 terra
1154 5520 1235 5570 cum
1257 5501 1510 5570 abellanietum
1547 5521 1609 5590 per
1643 5502 1810 5573 iamdicte
1832 5505 1914 5573 finis
1937 5511 1973 5574 et
1997 5507 2178 5574 mensurie

327 5662 444 5727 totum
466 5662 503 5727 et
525 5659 689 5728 inclitum
713 5656 803 5726 illud
825 5676 906 5726 cum
922 5654 1046 5725 omnia
1069 5655 1165 5724 intro
1188 5671 1226 5721 se
1249 5652 1436 5722 abentibus
1459 5653 1695 5743 omnibusque
1710 5655 1784 5724 suis
1799 5656 2027 5743 pertinentiis
2045 5663 2081 5728 et
2097 5677 2178 5726 cum

334 5811 412 5880 vioe
435 5811 480 5881 de
503 5812 564 5880 bia
587 5830 653 5880 sua
676 5809 840 5880 inclitum
863 5807 952 5877 illud
976 5807 1042 5877 tivi
1066 5807 1130 5894 qui
1154 5826 1264 5895 supra
1288 5807 1502 5895 maghenolfi
1525 5807 1771 5877 bicariationis
1787 5808 1913 5878 ordine
1927 5809 2095 5898 tradidit,
2120 5827 2190 5876 un-
