5466 7106
1035 557 1438 628 orruoulrlcus
2048 557 2095 630 aa
2159 535 2163 542 ’

288 779 441 850 ballone:
466 781 505 850 in
528 782 693 870 partibus
715 783 909 852 occidentis
932 785 1073 870 (desum
1094 785 1210 871 fines),
1234 787 1270 851 et
1292 782 1338 852 da
1354 799 1437 870 pars
1453 780 1717 849 sebtemtricnis
1741 777 1814 849 fine
1837 782 2034 868 nostraque
2058 798 2143 849 con·

287 939 400 1004 sortes
421 936 528 1021 (deest
547 954 721 1006 masura
737 937 941 1026 passuum),
958 939 994 1006 et
1011 939 1057 1006 ab
1072 937 1210 1006 oriente
1225 935 1391 1006 similiter
1408 938 1479 1006 dne
1494 940 1617 1006 nostra
1632 937 1752 1024 (deest,
1770 939 1953 1024 utsupra,
1969 955 2143 1007 measure

291 1088 490 1172 pressorum).
510 1087 592 1160 Alia
606 1089 709 1178 pecia
725 1088 846 1176 ibique
861 1088 1061 1177 propinquo
1075 1108 1155 1158 cum
1177 1090 1356 1158 insititum
1373 1093 1409 1160 et
1425 1089 1661 1160 castanietum
1685 1093 1721 1160 et
1735 1089 1828 1158 silba
1842 1106 1913 1158 uno
1929 1090 2145 1197 tenientem‚

293 1237 385 1324 quod
408 1239 483 1327 ipse
505 1242 618 1308 bonus
639 1240 815 1328 presbiter
839 1239 982 1328 paravit
1004 1239 1051 1308 da
1075 1239 1242 1310 iamdicto
1266 1239 1439 1309 iohannes
1455 1239 1593 1308 corbini
1610 1259 1674 1328 per
1689 1241 1794 1310 firma
1809 1241 1966 1328 cartula,
1987 1245 2023 1310 et
2045 1242 2137 1328 quod

290 1389 366 1477 ipse
389 1390 474 1458 boni
498 1391 676 1479 presbiter
699 1391 738 1459 in
762 1393 841 1480 ipsa
864 1390 1015 1461 ecclesia
1038 1391 1199 1462 offertum
1222 1391 1324 1460 abuit
1343 1413 1353 1479 3
1385 1392 1450 1461 hcc
1480 1410 1562 1460 vero
1585 1396 1691 1461 rebus
1713 1410 1776 1480 per
1800 1391 1969 1462 iamdicta
1993 1393 2079 1461 finis
2102 1397 2140 1462 et

292 1544 473 1614 mensurie
489 1563 570 1613 cum
586 1545 707 1614 omnia
730 1547 826 1614 intro
848 1563 886 1612 se
903 1544 1093 1617 abentibus
1107 1545 1340 1633 omnibusque
1355 1547 1429 1614 suis
1444 1546 1687 1634 pertinentiis,
1704 1551 1835 1615 etcum
1851 1546 1929 1616 bice
1947 1546 1991 1615 de
2007 1548 2064 1616 vie
2080 1565 2144 1616 sue

294 1703 331 1766 et
345 1717 426 1766 cum
444 1697 522 1786 ipsa
544 1699 696 1768 ecclesia
717 1701 754 1766 et
778 1699 961 1786 lignamen
985 1698 1028 1767 de
1051 1715 1126 1767 una
1148 1717 1245 1786 casa,
1270 1705 1306 1768 et
1328 1719 1410 1768 cum
1433 1718 1504 1769 uno
1528 1700 1727 1770 turibulum
1751 1719 1873 1770 ereum
1896 1718 1961 1768 nos
1986 1701 2146 1788 ipsorum

296 1852 387 1920 mari
403 1853 592 1940 presbiteri
615 1857 653 1921 et
669 1853 793 1922 abbati
818 1857 854 1922 et
877 1854 1005 1922 stefani
1031 1851 1161 1922 clerico
1184 1853 1413 1942 tradidimus,
1437 1857 1474 1922 et
1498 1871 1564 1942 ego
1587 1853 1651 1941 qui
1675 1873 1786 1942 supra
1809 1854 1985 1923 iohannes
2006 1853 2146 1924 corbini

298 2004 447 2074 tradidit
470 2005 614 2074 illorum
636 2006 679 2074 de
702 2007 921 2094 proprietate
944 2025 1025 2076 mea
1049 2025 1158 2076 cansa
1181 2025 1252 2074 uno
1275 2008 1499 2078 antifonario
1521 2007 1564 2076 de
1587 2011 1690 2077 nocte
1713 2010 1906 2096 notatum,
1935 2012 1970 2076 et
1992 2025 2058 2095 ego
2081 2009 2144 2094 qui

295 2174 405 2244 supra
420 2161 548 2244 potone
564 2159 740 2246 presbiter
764 2158 915 2228 tradidit
938 2157 1094 2246 ipsorum
1111 2159 1154 2228 de
1166 2161 1385 2248 proprietate
1407 2180 1488 2231 mea
1501 2179 1610 2231 causa
1623 2161 1652 2244 ¹)
1667 2179 1739 2228 uno
1754 2167 1938 2250 gestarum
1960 2161 2148 2230 continen-

293 2312 350 2380 tes
371 2315 473 2399 gesta
496 2311 612 2380 sancti
636 2311 765 2380 stefani
789 2315 826 2379 et
848 2312 964 2380 saneti
988 2312 1102 2380 felicis
1125 2318 1161 2382 et
1183 2318 1305 2382 sancte
1329 2316 1497 2404 barbare,
1521 2321 1557 2386 et
1579 2316 1839 2385 dedicationem
1863 2315 2023 2404 ecclesie,
2045 2320 2082 2384 et
2097 2314 2149 2381 vi·

292 2464 393 2532 sione
417 2465 531 2534 sancti
554 2461 670 2552 pauli,
693 2467 730 2531 et
753 2467 853 2552 gesta
877 2463 993 2532 sancti
1016 2463 1196 2551 geronimi
1220 2466 1321 2534 etde
1345 2467 1506 2534 omnium
1529 2472 1751 2554 sanctarum,
1778 2471 1815 2536 et
1837 2487 1914 2536 una
1934 2467 2082 2554 planeta
2104 2469 2141 2536 et

297 2619 503 2708 aemorum,
527 2625 564 2689 et
588 2638 658 2688 uno
680 2621 894 2707 horarium,
925 2620 988 2707 qui
1011 2625 1065 2689 est
1086 2639 1150 2710 pro
1173 2621 1304 2708 pietate
1327 2641 1477 2711 meaque
1499 2624 1620 2710 petoni
1645 2623 1848 2709 presbiteri.
1873 2623 1972 2692 Unde
1995 2641 2062 2712 ego
2085 2626 2148 2711 qui

296 2793 407 2862 supra
439 2774 531 2841 miro
561 2774 670 2843 iudex
692 2773 843 2844 tradidit
865 2772 1093 2861 ipsorumque
1115 2775 1207 2845 mari
1232 2777 1423 2863 presbiteri
1445 2783 1482 2848 et
1504 2777 1627 2846 abbati
1651 2783 1688 2846 et
1710 2777 1842 2847 stefani
1866 2777 1997 2845 clerico
2019 2776 2150 2846 medie-

294 2932 368 2996 tate
393 2927 472 3014 ipsa
496 2925 647 2996 ecclesia
670 2931 706 2995 et
730 2925 808 3014 ipsa
831 2928 965 3012 rebus,
989 2925 1083 2994 sicut
1103 2925 1195 2994 mihi
1218 2929 1375 3016 pertinet
1398 2931 1505 3000 abere
1528 2950 1591 3017 per
1615 2931 1702 2999 meis
1726 2931 1997 3018 paratioribus,
2021 2933 2057 2999 et
2083 2949 2148 2999 nos

298 3099 419 3150 omnes
443 3084 620 3149 consortes
642 3079 820 3150 tradimus
844 3080 986 3148 illorum
1009 3079 1174 3149 similiter
1197 3082 1338 3169 reliqua
1361 3081 1579 3171 medietate,
1611 3101 1694 3150 cum
1717 3085 1833 3151 omnis
1856 3083 2065 3170 supradicta
2087 3103 2150 3154 ca-

298 3233 408 3321 pitola
431 3232 474 3301 de
497 3235 660 3320 regimen
683 3221 798 3321 ipsius
818 3232 967 3302 ecclesie
991 3237 1099 3320 atque
1122 3235 1297 3323 ordinem,
1321 3239 1362 3304 ut
1385 3237 1510 3305 amodo
1533 3239 1570 3306 et
1593 3237 1718 3306 diebus
1741 3237 1814 3305 vite
1839 3235 1983 3305 illorum
2005 3236 2067 3326 qui
2091 3256 2152 3306 su-

297 3408 363 3476 pra
386 3387 477 3457 mari
500 3385 690 3475 presbiteri
715 3392 752 3455 et
774 3386 897 3456 abbati
921 3388 957 3454 ct
980 3386 1111 3456 stefani
1135 3387 1265 3458 clerico
1287 3387 1402 3459 licead
1426 3389 1499 3458 illis
1520 3394 1557 3460 et
1579 3392 1795 3478 presbiteros
1819 3394 1856 3459 et
1882 3375 2022 3480 cleros,
2051 3391 2145 3480 quod

298 3545 337 3612 in
361 3545 440 3632 ipsa
463 3543 613 3613 ecclesia
635 3542 827 3630 miserint,
853 3539 996 3610 illorum
1018 3544 1205 3629 potestatis
1228 3547 1350 3613 tenere
1373 3546 1410 3612 et
1441 3544 1656 3632 dominare,
1687 3549 1723 3614 et
1745 3543 1862 3612 omnis
1884 3563 1949 3612 suo
1979 3545 2151 3616 utilitatis

302 3698 398 3766 iusta
414 3696 590 3768 rationem
614 3695 745 3765 ibidem
768 3695 914 3770 iaciant,
931 3697 967 3762 et
990 3695 1069 3780 ipsa
1091 3693 1242 3764 ecclesia
1264 3696 1423 3767 officiare
1445 3703 1482 3767 et
1503 3698 1662 3768 officiare
1685 3699 1832 3786 saciant,
1848 3700 1943 3766 sicut
1965 3700 2066 3770 decet
2089 3719 2147 3768 ec-

298 3853 407 3921 clesia
429 3850 580 3938 villana,
603 3854 640 3920 et
661 3848 777 3918 omnis
800 3850 947 3936 irugens
969 3848 1063 3935 quod
1085 3849 1128 3918 de
1150 3849 1230 3937 ipsa
1254 3852 1370 3920 omnis
1393 3853 1499 3921 rebus
1524 3853 1638 3940 ipsius
1660 3851 1806 3922 ecclesie
1821 3854 2044 3948 pertinentes
2062 3852 2145 3924 inde

296 4005 465 4093 exierint,
490 4010 526 4073 et
548 4004 663 4073 omnis
686 4005 900 4072 rotationem
922 4005 959 4071 et
981 4003 1106 4071 offerta
1129 4002 1222 4089 quod
1249 4001 1383 4072 ibidem
1406 4003 1446 4070 in
1470 4002 1551 4092 ipsa
1569 4003 1725 4075 'ecclesia
1748 4003 1947 4094 introierit,
1965 4008 2079 4075 toturn
2104 4007 2151 4075 il-

301 4161 416 4228 lorum
439 4159 514 4228 sint
535 4159 733 4247 potestatis,
757 4156 959 4228 faciendum
982 4154 1066 4223 inde
1089 4156 1211 4224 omnia
1235 4157 1328 4244 quod
1351 4157 1552 4226 voluerint:
1577 4163 1712 4246 preter,
1736 4160 1769 4226 si
1793 4158 1976 4229 introierit
1999 4159 2039 4226 in
2071 4157 2150 4247 ipsa

299 4314 448 4386 ecclesia
470 4312 647 4383 animalia
669 4315 754 4381 viba
775 4311 831 4381 vel
855 4311 929 4381 alia
951 4329 1075 4396 causa,
1091 4310 1155 4398 qui
1178 4311 1223 4380 ad
1246 4314 1498 4382 ornamentum
1520 4314 1557 4380 et
1571 4311 1735 4400 regimen
1751 4311 1795 4380 dc
1810 4311 1889 4400 ipsa
1905 4311 2056 4384 ecclesia
2072 4331 2150 4384 esse

302 4469 491 4557 meruerit,
514 4485 577 4536 seu
599 4469 707 4535 rebus
730 4465 869 4551 sterile,
890 4466 1005 4532 totum
1027 4464 1075 4533 fla
1090 4463 1133 4532 de
1148 4464 1226 4551 ipsa
1241 4464 1404 4533 ecclesia:
1427 4469 1568 4533 tantum
1592 4464 1706 4533 licead
1729 4464 1803 4532 illis
1826 4464 1951 4534 diebus
1974 4467 2047 4535 vite
2071 4467 2151 4534 illc-
2189 4436 2192 4446 ⁵

303 4643 384 4694 rum
409 4628 445 4693 et
469 4623 685 4711 presbiteros
707 4627 743 4690 et
766 4620 889 4707 cleros,
906 4618 998 4706 quod
1020 4617 1152 4686 ibidem
1169 4617 1242 4686 illis
1260 4617 1436 4703 miserint,
1460 4616 1543 4686 illut
1565 4621 1687 4686 tenere
1709 4621 1745 4685 et
1767 4635 1893 4705 regere
1916 4622 1952 4686 et
1974 4620 2148 4710 trudiare,

299 4779 394 4850 sicut
417 4783 454 4849 et
478 4778 540 4846 illo
563 4777 667 4864 aliut,
691 4781 726 4846 et
749 4777 881 4845 ibidem
905 4775 944 4841 in
968 4773 1047 4860 ipsa
1070 4774 1221 4841 ecclesia
1244 4771 1439 4858 resideant,
1463 4774 1500 4839 et
1523 4770 1664 4839 abitare
1688 4770 1860 4857 debeant,
1883 4775 1919 4839 et
1943 4773 2082 4842 abitare
2098 4775 2152 4843 ie-

299 4937 424 5022 ciant;
451 4939 486 5002 ct
508 4951 572 5020 per
595 4930 710 4998 omnis
734 4946 869 4997 annum
892 4926 931 4993 in
955 4925 1127 4994 nativitas
1148 4923 1283 4991 domini
1308 4923 1406 4992 etin
1429 4941 1538 5010 pasca
1562 4922 1835 4991 resurrectionis
1873 4923 1912 4989 in
1946 4926 2049 4993 ambe
2082 4927 2151 4996 iste

298 5087 506 5158 festivitatis
541 5085 651 5152 deant
685 5083 775 5151 mihi
811 5079 872 5165 qui
908 5095 1017 5164 supra
1039 5077 1122 5144 miri
1146 5081 1182 5143 et
1205 5076 1250 5144 ad
1274 5074 1363 5144 meis
1386 5077 1551 5146 eredibus
1573 5094 1638 5162 pro
1661 5093 1807 5143 censum
1830 5075 1873 5144 de
1896 5077 1976 5164 ipsa
1998 5077 2150 5148 ecclesia

299 5260 409 5310 unum
433 5241 536 5328 pario
559 5237 603 5306 de
625 5237 716 5325 pulli
739 5241 775 5304 et
797 5252 868 5302 uno
892 5251 1032 5302 cereum
1056 5231 1232 5319 duplicem
1255 5231 1297 5299 de
1321 5234 1474 5319 gubito,
1497 5237 1534 5298 et
1557 5230 1602 5299 ad
1627 5247 1690 5297 nos
1713 5247 1834 5298 omnes
1870 5229 2030 5300 iamdicti
2066 5251 2150 5301 con·

299 5405 411 5466 sortes
434 5400 471 5465 et
495 5392 540 5462 ad
562 5388 698 5460 nostris
720 5388 883 5457 eredibus
906 5385 1072 5454 similiter
1095 5384 1203 5454 deant
1228 5384 1321 5453 inter
1345 5386 1448 5454 ambe
1472 5383 1689 5453 festivitatis·
1711 5403 1823 5453 unum
1860 5385 1971 5454 alium
2005 5386 2147 5474 parium

300 5553 344 5620 de
367 5547 455 5636 pulli
480 5551 515 5615 et
539 5563 650 5613 unum
674 5561 815 5611 cereum
840 5541 1014 5627 duplicem
1038 5541 1081 5608 de
1104 5539 1248 5626 gubit03
1272 5537 1360 5606 etsi
1386 5555 1494 5604 unum
1518 5555 1563 5603 ex
1587 5536 1672 5623 illis,
1697 5539 1759 5622 qui
1783 5543 1866 5606 sunt
1893 5539 1958 5607 thii
1977 5545 2012 5607 et
2042 5557 2149 5626 nepo—

496 5741 508 5746 ,,
517 5733 753 5746 “nst-..m

338 5859 361 5938 ⁴)
384 5855 559 5934 Intellige:
584 5873 643 5934 pro
665 5870 766 5930 capso
787 5857 958 5930 pectorum.
