5414 7098
1018 557 1423 630 olrLoMurieUS
2052 551 2098 624 ‘25

291 781 485 850 subscribti
509 785 630 868 testes,
647 799 710 868 per
725 799 818 850 vona
833 781 1096 849 combenientia
1110 785 1146 849 et
1161 800 1225 868 per
1241 780 1398 850 iussione
1421 780 1535 868 ipsius
1550 780 1670 848 domni
1693 778 1827 866 presuli
1851 779 2039 847 divisimus
2063 797 2144 846 cum

294 933 474 1004 romoaldo
498 933 608 1002 iudex
625 937 661 1003 et
675 937 917 1002 atvocatorem
934 935 1047 1020 ipsius
1063 934 1183 1002 domni
1200 935 1334 1022 presuli
1351 953 1425 1004 una
1440 935 1544 1022 pecta
1560 935 1603 1004 de
1619 938 1718 1002 terra
1741 953 1821 1002 cum
1837 935 1944 1002 biuea
1968 933 2007 1000 in
2031 933 2146 1000 locum

292 1090 463 1158 ortaianu
486 1089 617 1156 finibus
641 1085 822 1175 lucaniae,
847 1087 939 1174 quod
962 1092 1046 1157 ante
1063 1108 1101 1158 os
1117 1105 1231 1157 annos
1255 1093 1294 1158 in
1318 1091 1495 1176 partionis
1521 1089 1645 1156 ordine
1668 1085 1797 1156 tultuin
1822 1090 1860 1156 at
1882 1085 2145 1174 pastenandum

289 1244 402 1330 abuit,
427 1246 479 1311 set
503 1262 599 1311 nunc
622 1243 736 1331 modo,
762 1243 826 1310 deo
849 1244 1009 1332 iuvante,
1027 1245 1065 1310 in
1081 1243 1204 1312 eadem
1221 1249 1320 1312 terra
1344 1247 1451 1313 binea
1473 1245 1632 1331 perfecta
1648 1243 1798 1311 fecimus
1815 1247 1851 1312 et
1866 1243 1905 1310 in
1922 1244 2012 1312 duas
2027 1248 2148 1330 partes

290 1394 391 1464 illam
415 1395 615 1464 divisimus:
641 1415 715 1464 uua
738 1397 894 1463 sortione
918 1396 1050 1464 exinde
1074 1397 1220 1465 fecimus
1245 1399 1283 1464 in
1300 1417 1385 1483 pars
1409 1398 1570 1486 orientis,
1595 1403 1630 1465 et
1653 1397 1728 1466 alia
1751 1397 1901 1464 fecimus
1924 1397 1963 1463 in
1986 1415 2070 1484 pars
2093 1416 2149 1466 oc-

294 1549 461 1634 cidentis;
487 1549 581 1617 unde
606 1548 707 1635 prius
730 1551 965 1636 compreensit
982 1549 1057 1636 ipse
1074 1555 1255 1619 atvocator
1273 1571 1336 1638 per
1355 1551 1546 1640 largietate
1563 1553 1683 1620 domni
1703 1553 1850 1620 iohanni
1873 1557 1975 1638 parte
1999 1551 2064 1619 illa
2087 1551 2147 1638 qui

295 1708 350 1770 est
373 1703 413 1770 in
437 1721 522 1788 pars
546 1701 752 1789 occidentis,
769 1707 804 1771 et
820 1703 930 1770 michi
953 1703 1105 1771 tradidit
1123 1703 1161 1769 in
1176 1709 1269 1772 sorte
1286 1709 1388 1791 parte
1413 1706 1489 1794 illa,
1515 1705 1576 1791 qui
1600 1711 1654 1774 est
1678 1706 1717 1772 in
1741 1725 1825 1792 pars
1849 1707 2000 1774 orientis
2023 1724 2086 1792 per
2109 1725 2150 1774 ec

292 1857 375 1924 finis
397 1861 433 1924 et
456 1825 655 1925 mensuras:
680 1877 702 1925 a
724 1875 809 1942 pars
832 1857 980 1925 meridie
1003 1841 1075 1925 fine
1098 1858 1159 1926 via
1182 1860 1341 1945 pluvica,
1359 1864 1442 1927 sunt
1464 1860 1594 1928 exinde
1617 1859 1712 1946 passi
1737 1859 1888 1945 viginti:
1915 1879 2035 1946 apars
2052 1862 2149 1928 occi-

294 2011 413 2080 dentis
430 2012 526 2079 inter
543 2029 583 2078 ec
599 2013 706 2079 vinea
721 2015 758 2078 et
781 2009 901 2098 vinea,
919 2012 1011 2097 quod
1027 2009 1065 2078 in
1090 2012 1245 2080 sortione
1269 2013 1505 2099 compreensit
1529 2029 1614 2100 pars
1636 2009 1826 2100 episcopio,
1850 2013 1946 2097 passi
1972 2013 2151 2099 quinqua-

295 2166 411 2254 ginta:
437 2185 460 2234 a
482 2184 566 2252 pars
581 2164 845 2252 septemtrionis
862 2185 884 2234 a
900 2168 1025 2233 subtus
1042 2164 1217 2251 partibuS,
1234 2165 1296 2233 ubi
1311 2163 1388 2252 ipso
1413 2155 1580 2232 salicario
1603 2167 1670 2250 est,
1694 2164 1786 2250 quod
1809 2165 2046 2233 communiter
2070 2185 2152 2234 oum

295 2338 378 2406 pars
402 2320 580 2407 episcopio
605 2319 688 2386 illut
717 2339 781 2407 per
804 2317 994 2387 medietate
1018 2320 1293 2406 reservavimus
1318 2319 1412 2406 passi
1440 2319 1585 2387 decem:
1611 2339 1634 2387 a
1656 2338 1742 2406 pars
1766 2319 1916 2386 orientis
1939 2320 2093 2388 saliente
2118 2325 2155 2389 et

299 2475 427 2561 iunget
450 2475 489 2542 in
512 2474 632 2560 priore
656 2475 763 2542 finem
788 2473 885 2560 passi
910 2472 1178 2560 quinquaginta
1202 2492 1278 2560 sex,
1303 2478 1416 2542 totum
1441 2476 1688 2542 mensuratum
1705 2479 1743 2542 at
1765 2474 1859 2541 iusto
1882 2493 2025 2560 passum
2048 2481 2084 2544 et
2106 2496 2153 2544 ex

299 2628 395 2694 omui
419 2633 521 2714 parte
549 2626 782 2696 terminatum
805 2633 871 2696 est.
889 2629 961 2696 Hec
984 2646 1068 2696 vero
1091 2628 1253 2714 predicta
1275 2629 1378 2714 pecia
1401 2628 1443 2696 de
1468 2633 1567 2696 terra
1590 2647 1670 2695 cum
1693 2629 1801 2695 binea
1825 2648 1888 2714 per
1910 2631 2156 2715 superscribte

296 2783 386 2848 fines
410 2785 445 2848 et
475 2779 666 2848 mensuriis
681 2783 795 2847 totum
810 2785 845 2847 et
861 2780 1028 2847 inclitum
1045 2781 1082 2847 in
1099 2781 1254 2848 sortione
1277 2781 1352 2868 ipse
1377 2785 1615 2850 atvocatorem
1639 2781 1719 2848 illut
1743 2780 1853 2848 michi
1877 2780 2045 2868 tradidit,
2072 2801 2155 2847 cum

296 2934 449 3002 introitu
473 2939 508 3002 et
530 2933 646 3020 exitu,
672 2937 708 3000 et
731 2933 807 3001 vice
824 2934 866 3001 de
879 2933 940 3002 via
956 2952 1035 3018 sua,
1052 2936 1184 3000 etcum
1201 2933 1321 3001 omnia
1338 2931 1434 3002 infra
1450 2951 1486 2999 se
1502 2933 1690 3002 aventibus
1714 2935 1948 3021 omnibusque
1972 2935 2055 3002 inde
2073 2955 2157 3022 per-

299 3088 468 3173 tinenteS,
494 3091 529 3154 et
552 3087 711 3154 defenset
727 3087 808 3154 illut
824 3087 932 3154 michi
953 3087 1094 3172 meique
1110 3086 1277 3154 eredibus
1293 3105 1377 3173 pars
1394 3088 1508 3154 eidem
1524 3087 1692 3174 episcopii
1717 3107 1762 3174 ap
1785 3089 1950 3155 omnibus
1973 3087 2152 3155 ominibus

299 3243 465 3328 omnique
481 3244 656 3330 partibus.
673 3243 840 3328 Tantum,
857 3241 887 3308 si
905 3241 986 3308 illut
1002 3243 1171 3310 daturum
1187 3240 1242 3308 vel
1259 3242 1484 3309 vinditurum
1501 3243 1719 3327 abuerimus,
1733 3260 1804 3308 non
1822 3261 1990 3310 aveamus
2006 3243 2156 3312 licentia

298 3414 360 3483 per
385 3397 511 3481 quabis
527 3395 640 3464 modis
656 3395 764 3464 alicui
786 3395 865 3463 illos
882 3397 1058 3482 alienare,
1075 3393 1146 3462 nisi
1162 3395 1262 3482 prius
1278 3394 1370 3463 scire
1386 3395 1560 3464 faciamus
1574 3414 1657 3480 pars
1675 3395 1845 3482 episcopii
1861 3415 1925 3482 pro
1942 3397 2022 3464 iilos
2038 3413 2158 3464 emen-

300 3549 384 3615 dum
408 3567 471 3634 per
495 3551 642 3617 tertium
666 3549 915 3636 constitutum,
940 3549 1033 3634 quod
1056 3553 1142 3616 sunt
1165 3549 1240 3616 dies
1264 3550 1419 3636 triginta
1441 3567 1529 3634 sex;
1555 3549 1587 3616 si
1612 3553 1733 3617 autem
1757 3551 1909 3618 boluerit
1932 3571 2016 3637 pars
2040 3553 2154 3639 ipsius

298 3704 467 3800 episcopii
492 3722 622 3789 emere,
646 3703 755 3771 deant
772 3704 903 3770 exinde
918 3703 1020 3770 uobis
1040 3704 1132 3770 iusto
1149 3703 1307 3770 valiente
1324 3703 1492 3788 pretium,
1508 3703 1603 3770 sicut
1627 3701 1719 3770 iuste
1742 3703 1851 3771 fuerit
1868 3706 2099 3792 apretiatum3
2123 3708 2152 3774 si

299 3859 420 3924 autem
433 3855 589 3923 voluerit
606 3874 690 3942 pars
706 3855 820 3942 ipsius
836 3842 1006 3944 episcopii
1026 3855 1107 3922 illut
1122 3873 1238 3922 emere
1254 3854 1351 3922 infra
1367 3855 1445 3940 ipsa
1462 3853 1669 3940 constituta,
1687 3855 1870 3923 licentiam
1887 3875 2057 3924 aveamus
2076 3855 2159 3925 illut

302 4009 388 4078 dare
411 4011 469 4077 cui
493 4007 725 4094 noluerimus,
743 4027 876 4094 apsque
893 4027 1015 4075 omnes
1031 4009 1287 4076 contrarietate
1310 4027 1394 4094 pars
1419 4007 1531 4095 ipsius
1554 4008 1740 4095 episcopii;
1765 4028 1864 4094 nam,
1889 4009 1919 4075 si
1944 4013 2053 4079 antea
2077 4011 2158 4097 ipsa

302 4163 499 4231 constituta
522 4161 628 4230 alicui
654 4161 734 4228 illos
758 4162 962 4230 dederimus
986 4166 1022 4230 et
1045 4181 1129 4248 pars
1152 4162 1265 4248 ipsius
1289 4160 1457 4247 episcopii
1474 4163 1566 4230 scire
1590 4179 1662 4228 non
1686 4161 1888 4249 fecerimus,
1905 4163 1999 4232 sicut
2021 4165 2159 4232 dictum

301 4320 480 4404 est,tuno
504 4315 682 4400 tota'ipsa
704 4315 812 4383 rebus
835 4311 959 4383 redeat
983 4315 1020 4382 in
1044 4333 1129 4401 pars
1153 4313 1266 4401 ipsius
1289 4312 1474 4400 episcopii;
1492 4318 1527 4382 et
1549 4313 1579 4380 si
1604 4333 1668 4401 pro
1691 4334 1916 4402 quacumque
1940 4318 2158 4386 necessitate

302 4470 346 4539 de
370 4472 534 4538 aeterra
556 4467 762 4555 exierimus,
786 4467 881 4535 unde
905 4466 983 4554 ipsa
1006 4469 1112 4536 rebus
1135 4471 1256 4537 nostra
1280 4469 1318 4534 in
1341 4468 1482 4555 pluvico
1505 4469 1665 4537 cecidere
1688 4469 1867 4556 debuerit,
1884 4473 1971 4538 tuno
1988 4474 2065 4540 tota
2082 4473 2160 4560 ipsa

308 4627 415 4693 rebus
438 4623 562 4693 redeat
584 4622 623 4690 in
647 4643 733 4711 pars
756 4623 952 4710 episcopii,
977 4625 1013 4690 et
1043 4621 1185 4708 quaudo
1208 4622 1248 4688 in
1272 4641 1315 4691 ac
1338 4627 1437 4692 terra
1459 4621 1592 4690 reversi
1616 4623 1790 4725 fuerimus
1813 4627 1849 4691 et
1872 4623 1915 4691 de
1943 4624 2023 4710 ipsa
2054 4624 2160 4712 culpa

309 4777 423 4864 erepti
447 4797 581 4866 sumus,
599 4783 660 4846 tuc
683 4782 758 4846 tota
783 4780 862 4864 ipsa
885 4779 992 4846 rebus
1015 4775 1136 4844 redeat
1159 4779 1199 4844 at
1221 4793 1284 4842 nos
1307 4775 1361 4842 vel
1386 4775 1429 4842 de
1453 4776 1585 4842 nostris
1608 4775 1772 4842 eredibus
1788 4779 1963 4862 potestate
1980 4777 2015 4843 in
2031 4795 2161 4864 supra-

303 4931 398 5000 dicto
422 4932 559 5001 ordine.
586 4933 624 5002 Si
648 4938 768 5002 autem
791 4931 914 5002 taliter
938 4932 1083 5018 omnia,
1107 4932 1149 4996 ut
1171 4928 1305 4997 dictum
1328 4931 1405 5014 est,
1432 4929 1505 5014 ipse
1529 4926 1679 4995 domnus
1702 4926 1887 5016 episcopus
1909 4932 1946 4996 et
1971 4947 2052 4997 suos
2077 4949 2161 5000 suc·

307 5087 462 5156 cessores
486 5090 523 5155 et
545 5105 630 5173 pars
654 5085 904 5174 suiepiscopii
927 5083 1038 5151 michi
1062 5083 1203 5169 meique
1227 5081 1392 5150 eredibus
1425 5098 1497 5148 non
1530 5081 1785 5169 atinpleverit,
1817 5087 1853 5150 et
1884 5088 2071 5153 retornaro
2095 5104 2158 5154 seu

303 5258 485 5311 removere
508 5240 679 5326 quesierit
701 5238 794 5326 illos,
812 5244 846 5307 et
868 5237 1113 5323 quodcumque
1137 5237 1353 5305 causationis
1377 5240 1538 5305 atversus
1561 5254 1624 5304 nos
1647 5237 1779 5306 exinde
1803 5243 2051 5329 preposuerit,
2078 5241 2159 5310 Ideo

303 5400 339 5464 et
371 5414 434 5482 per
469 5411 562 5463 vona
585 5391 848 5461 combenientia
870 5389 1044 5477 obligavit
1067 5409 1104 5458 se
1128 5391 1204 5478 ipse
1227 5390 1377 5459 domnus
1399 5392 1582 5478 episcopus
1605 5397 1641 5461 et
1664 5411 1744 5460 suos
1767 5411 1985 5462 successores
2011 5397 2046 5462 et
2069 5413 2157 5481 pars

307 5548 362 5617 sui
387 5548 555 5636 episcopii
579 5565 779 5634 conponere
801 5545 911 5613 michi
936 5543 991 5611 vel
1015 5546 1054 5612 at
1076 5561 1171 5612 meos
1202 5545 1323 5613 eredes
1357 5544 1489 5634 biginti
1524 5546 1627 5616 aurei
1662 5545 1765 5614 solidi
1800 5548 2036 5635 constantini;
2061 5547 2156 5616 unde

305 5723 371 5793 pro
394 5707 505 5792 omni,
529 5705 623 5773 sicut
645 5703 780 5772 dictum
804 5707 871 5789 est,
896 5699 1141 5787 atinplendum
1165 5700 1297 5788 guadia
1321 5701 1427 5770 michi
1454 5701 1528 5790 ipse
1551 5701 1700 5769 domnus
1723 5703 1908 5789 episcopus
1931 5703 2018 5772 dare
2035 5703 2103 5772 feci
2121 5707 2160 5772 et

304 5861 499 5931 mediatore
515 5859 626 5931 michi
643 5858 743 5946 posui
768 5857 935 5926 alfaranu
958 5854 1031 5924 filio
1054 5854 1232 5942 quondam
1255 5856 1423 5942 maraldi3
1441 5861 1687 5926 verumtamen
1712 5857 1834 5936 amodo
1858 5859 1895 5925 et
1918 5875 2057 5944 semper
2081 5858 2158 5944 ipse

497 6014 565 6070 fou.
588 6029 613 6068 v.
1948 6013 1964 6068 1
