5466 7106
1241 489 1414 561 GOllEX
1447 432 1712 563 (tavubsts

1321 926 1620 1010 DCCLVJI.

1327 1193 1382 1271 A.
1410 1192 1460 1270 D.
1489 1191 1621 1272 1024.

592 1417 629 1560 †
653 1472 693 1538 ln
717 1469 861 1540 nomine
883 1469 1018 1541 domini
1043 1471 1223 1541 tricesimo
1245 1476 1347 1540 sexto
1372 1489 1468 1540 anno
1491 1473 1716 1560 principatus
1739 1473 1856 1541 domni
1884 1471 1998 1542 nostri
2022 1467 2221 1556 Guaimari,
2245 1473 2281 1538 et
2302 1473 2407 1538 sexto

548 1639 644 1690 anno
666 1621 891 1710 principatus
914 1623 1035 1693 domni
1059 1622 1242 1694 Guaimari
1266 1624 1343 1691 eius
1366 1622 1447 1711 filii,
1471 1621 1617 1710 gloriosi
1641 1621 1877 1711 principibus,
1900 1639 2020 1690 mense
2037 1619 2160 1706 iulius,
2178 1619 2335 1688 sebtima
2351 1619 2408 1686 in·

547 1771 717 1843 dictione.
742 1776 1032 1846 Memoratorium
1057 1778 1190 1847 factum
1214 1796 1237 1846 a
1260 1777 1363 1845 nobis
1387 1776 1479 1845 miro
1501 1776 1611 1844 iudex
1633 1775 1707 1844 filio
1730 1773 1886 1845 mirandi
1911 1772 2141 1858 subdiaconi,
2166 1775 2203 1839 et
2228 1770 2406 1840 iohannes

548 1925 623 1995 tilio
646 1928 802 2018 corbini,
825 1934 861 1998 et
886 1931 1067 2001 maraldus
1089 1936 1126 1999 et
1149 1934 1275 2018 potone
1293 1929 1480 2018 presbiter,
1495 1930 1681 2017 germanis
1696 1927 1780 1996 flliis
1797 1926 1966 2014 mirandi,
1982 1929 2019 1994 et
2035 1926 2222 2012 iohannes,
2239 1929 2275 1994 et
2292 1925 2402 2010 mari,

551 2086 587 2150 et
611 2085 748 2170 petrus,
772 2087 809 2152 et
831 2085 991 2173 fasanus,
1015 2085 1201 2174 germanis
1225 2083 1311 2152 filiis
1334 2083 1438 2172 petri,
1463 2083 1525 2171 qui
1548 2088 1632 2153 sunt
1654 2083 1721 2152 toti
1744 2082 1983 2151 consortiflces
2007 2080 2047 2149 in
2070 2099 2143 2149 una
2165 2079 2316 2150 ecclesia
2340 2097 2403 2148 no-

551 2237 700 2322 straque
723 2237 944 2323 pertinentes
968 2237 1179 2306 bocabulum
1202 2237 1319 2306 sancti
1343 2237 1512 2324 adiutori,
1538 2255 1608 2323 que
1632 2235 1741 2304 sitam
1763 2239 1817 2303 est
1839 2233 1879 2302 in
1902 2232 2061 2318 nucerie,
2087 2235 2125 2301 in
2150 2233 2265 2300 locum
2283 2235 2318 2301 et
2344 2233 2407 2301 ubi

455 2449 465 2468 ,
548 2387 684 2456 dicitur
710 2387 865 2476 puciano
888 2391 1013 2457 subtus
1036 2394 1155 2457 monte
1178 2389 1240 2476 qui
1263 2353 1405 2458 dicitur·
1421 2387 1591 2474 levinum,
1615 2404 1656 2454 eo
1679 2386 1771 2474 quod
1795 2389 1880 2454 ante
1902 2386 2095 2471 subscripti
2119 2387 2227 2454 testes
2243 2403 2307 2472 per
2325 2401 2409 2451 con-

552 2539 739 2609 venientia
762 2540 809 2609 ad
833 2541 1025 2610 tenendum
1049 2545 1086 2610 et
1109 2541 1305 2628 regendum
1328 2545 1364 2609 et
1386 2540 1606 2626 operandum
1628 2538 1841 2608 tradidimus
1864 2556 1928 2606 nos
1951 2541 2044 2608 mari
2067 2539 2257 2625 presbiteri
2289 2545 2326 2607 et
2347 2542 2411 2610 ab·

555 2693 627 2762 bati
653 2691 726 2760 filio
749 2691 900 2762 iohanni
924 2696 960 2760 et
984 2691 1114 2760 stefani
1139 2689 1268 2759 clerico
1291 2691 1364 2758 illio
1388 2693 1549 2780 andree,
1581 2693 1643 2780 qui
1667 2695 1752 2760 sunt
1776 2694 1951 2779 amboque
1973 2692 2041 2760 thii
2064 2695 2100 2760 et
2124 2696 2297 2778 nepoteS,
2328 2691 2409 2778 ipsa

556 2846 707 2916 ecclesia
731 2852 768 2916 et
791 2866 872 2914 cum
895 2848 1015 2932 rebus,
1032 2847 1091 2913 ubi
1111 2846 1189 2936 ipsa
1213 2847 1364 2914 ecclesia
1387 2846 1458 2916 sita
1481 2853 1593 2917 estet
1616 2867 1697 2916 cum
1721 2848 1795 2919 alia
1819 2851 1925 2918 rebus
1947 2849 2107 2916 eiusdem
2132 2847 2245 2934 ipsius
2259 2847 2413 2915 ecclesie

555 3001 790 3087 pertinentes,
814 3004 850 3069 et
873 3001 952 3088 ipsa
975 2999 1147 3070 iamdicta
1171 3001 1289 3086 rebuS,
1315 3002 1384 3068 ubi·
1401 3000 1480 3088 ipsa
1504 3001 1654 3071 ecclesia
1677 3002 1845 3071 edificata
1868 3006 1942 3088 est,
1965 3021 2029 3088 per
2053 3002 2135 3069 finis
2159 3006 2195 3070 et
2218 3001 2412 3070 mensurio.

556 3160 587 3224 A
610 3176 695 3244 pars
718 3157 912 3226 occidentis
935 3157 1005 3225 fine
1030 3174 1178 3242 meaque
1203 3155 1288 3224 miri
1313 3157 1441 3246 iudici,
1464 3159 1556 3244 quod
1580 3163 1747 3246 paratum
1771 3161 1860 3228 abeo
1886 3159 1934 3227 da
1948 3157 2071 3226 eredes
2095 3158 2225 3228 falconi
2249 3158 2333 3226 filiis
2357 3158 2411 3227 sa-

558 3308 652 3396 sani,
666 3297 771 3378 'sicut
795 3309 878 3378 inde
900 3309 1037 3378 termiti
1061 3309 1284 3398 discernunt,
1310 3315 1394 3380 sunt
1417 3310 1500 3378 inde
1524 3312 1620 3398 passi
1643 3330 1707 3398 per
1731 3309 1810 3398 ipsa
1833 3311 1904 3379 line
1928 3311 2024 3379 iusta
2049 3310 2128 3397 ipsa
2143 3311 2417 3395 ecclesia(decsl

557 3465 765 3547 cumcurm:
798 3465 841 3533 de
873 3483 982 3552 super
1005 3469 1108 3552 parte
1132 3485 1155 3533 a
1177 3484 1260 3552 pars
1284 3465 1433 3533 meridie
1457 3463 1529 3531 fine
1552 3483 1701 3550 meaque
1724 3463 1835 3552 miri,
1867 3467 1903 3533 ot
1932 3469 2122 3551 nostraque
2146 3471 2328 3536 consortes
2351 3483 2416 3532 nos

564 3616 764 3704 supradicti
788 3615 969 3686 maraldus
993 3622 1029 3686 et
1053 3618 1240 3704 iohannes,
1256 3622 1294 3685 et
1309 3584 1459 3703 meaque
1482 3620 1609 3704 potone
1625 3617 1834 3705 presbitero,
1850 3621 1887 3688 et
1905 3617 2098 3706 iohannes,
2115 3621 2152 3686 et
2167 3619 2275 3704 mari,
2299 3622 2335 3686 et
2358 3637 2418 3705 pe-

561 3769 627 3858 tri,
643 3773 680 3839 et
695 3769 828 3857 lasani,
844 3773 880 3838 et
895 3788 1044 3857 meaque
1059 3769 1157 3857 miri,
1175 3771 1266 3858 quod
1290 3773 1457 3856 paratum
1481 3773 1568 3839 abeo
1591 3770 1637 3839 da
1660 3771 1745 3840 boni
1761 3772 1958 3858 presbitero
1975 3771 2048 3839 filio
2064 3772 2246 3858 ioannaci,
2264 3777 2300 3839 et
2323 3773 2416 3858 quod

565 3922 643 4011 ipso
667 3922 838 3992 iamdicto
862 3924 975 3990 bonus
997 3923 1172 4010 presbiter
1197 3928 1364 4010 paratum
1388 3923 1471 3992 abet
1495 3924 1541 3992 da
1566 3922 1658 3993 maio
1680 3929 1717 3994 et
1739 3923 1935 3996 malelreda
1957 3926 2121 4014 germani
2145 3924 2212 3993 filii
2235 3923 2418 4008 madelmi,

564 4077 663 4145 sicut
687 4076 772 4145 inde
795 4077 1027 4146 terminatum
1050 4081 1119 4163 est,
1134 4081 1171 4144 et
1184 4077 1268 4146 inde
1291 4082 1375 4146 sunt
1397 4097 1460 4165 per
1476 4081 1549 4146 tote
1565 4079 1632 4146 iste
1648 4077 1732 4145 finis
1748 4095 1860 4164 usque
1872 4075 1956 4146 cilio
1978 4077 2022 4145 de
2041 4075 2182 4146 ballone
2206 4079 2301 4165 passi
2318 4094 2423 4146 sexa-

566 4231 671 4318 ginta
705 4231 855 4298 nobem:
891 4234 928 4299 et
962 4231 1007 4299 ab
1030 4229 1167 4297 oriente
1191 4229 1262 4295 fine
1286 4229 1362 4316 ipso
1386 4229 1555 4300 iamdicto
1578 4228 1746 4300 ballone:
1771 4230 1814 4299 (16
1837 4231 1958 4298 subter
1980 4233 2084 4318 parte
2108 4250 2130 4300 a
2153 4229 2422 4300 sebtemtrionis

571 4383 643 4451 flne
666 4385 790 4452 nostra
813 4383 1068 4460 consortiflces,
1093 4385 1129 4450 et
1151 4381 1235 4450 inde
1259 4383 1345 4450 sunt
1369 4382 1465 4468 passi
1487 4382 1641 4466 (cascar)
1664 4381 1818 4468 indeque
1842 4381 2102 4470 coniungentes
2125 4381 2171 4451 ad
2195 4381 2274 4470 ipsa
2300 4383 2424 4469 priora

572 4538 676 4607 fines.
702 4537 785 4608 Alia
808 4538 908 4624 pecia
931 4557 1013 4606 cum
1037 4541 1222 4608 arbustum
1246 4540 1283 4604 et
1306 4535 1559 4606 abellanietum
1584 4553 1656 4604 uno
1672 4536 1881 4622 tenientem,
1905 4535 1969 4623 qui
1985 4539 2040 4605 est
2055 4535 2170 4624 ipsius
2183 4537 2332 4606 ecclesie
2346 4555 2428 4625 per·

570 4693 726 4763 tinentes
741 4693 781 4764 in
798 4693 918 4764 eodem
935 4691 1049 4761 locum
1066 4692 1275 4781 pucianum,
1292 4711 1354 4780 per
1370 4710 1409 4760 ec
1425 4689 1510 4759 finis
1532 4694 1568 4758 et
1590 4691 1792 4760 mensuris:
1817 4690 1873 4758 Ab
1895 4689 2076 4759 occidente
2100 4691 2173 4760 fine
2196 4691 2257 4762 via
2279 4691 2424 4777 antika,

570 4831 656 4914 sunt
679 4845 763 4915 inde
785 4845 884 4933 passi
908 4847 1101 4932 sexaginta
1125 4863 1250 4914 unum:
1275 4847 1305 4912 A
1328 4801 1478 4912 meridie
1502 4845 1574 4912 fine
1598 4845 1641 4913 (16
1663 4845 1786 4914 eredes
1811 4841 1961 4914 iohanni
1986 4843 2118 4912 sartori
2143 4842 2210 4912 filii
2234 4843 2330 4932 sergi
2348 4863 2430 4912 sar·

570 4998 653 5085 tori,
678 5003 762 5066 sunt
784 4999 867 5068 inde
890 4997 987 5087 passi
1014 4999 1146 5086 viginti
1170 4998 1369 5084 quadtuor:
1394 4998 1440 5065 ab
1462 4997 1600 5064 oriente
1622 4997 1693 5063 fine
1716 5001 1816 5064 terra
1838 4999 1964 5064 sancte
1988 4997 2103 5064 marie
2126 4995 2238 5083 plevis
2261 4997 2425 5084 nucerie,

573 5153 727 5241 indeque
751 5161 835 5222 sunt
857 5155 951 5242 passi
977 5156 1246 5243 quinquaginta
1268 5159 1370 5220 octo:
1395 5153 1438 5220 de
1464 5153 1585 5219 subter
1609 5153 1712 5237 parte
1736 5171 1759 5219 a
1781 5149 2043 5218 sebtemtrionis
2067 5153 2138 5221 tine
2161 5172 2231 5240 que
2248 5154 2315 5222 suit
2337 5155 2428 5222 iam-

571 5306 657 5376 dicti
684 5308 847 5397 falconi,
871 5310 964 5396 quod
986 5316 1152 5396 paratum
1174 5309 1256 5376 abet
1281 5324 1363 5374 urso
1386 5303 1482 5370 filius
1505 5305 1598 5371 idem
1622 5303 1697 5368 ursi
1722 5303 1935 5387 atrianensi,
1968 5303 2110 5373 atinde
2134 5311 2219 5374 sunt
2242 5308 2339 5392 passi
2364 5309 2430 5375 tri-

571 5461 676 5549 ginta
710 5461 869 5549 quinque
902 5467 938 5529 et
962 5460 1140 5529 medium:
1166 5464 1240 5527 tota
1277 5455 1447 5526 iamdicta
1472 5456 1653 5524 mensoria
1677 5455 1722 5523 ad
1746 5457 1840 5523 iusto
1863 5476 2004 5543 passum
2031 5459 2141 5526 omini
2166 5465 2427 5530 mensuratum.

572 5615 616 5682 Et
640 5616 771 5684 iterum
796 5614 870 5684 alia
894 5613 995 5700 pecia
1019 5633 1099 5681 cum
1124 5613 1302 5681 insititum
1326 5617 1362 5680 et
1384 5611 1477 5682 silba
1501 5612 1540 5678 in
1566 5610 1732 5678 iamdicto
1757 5616 1875 5678 monte
1889 5659 1899 5697 ,
1935 5611 1996 5679 ubi
2020 5617 2204 5680 cretarum
2240 5619 2276 5682 et
2301 5615 2431 5704 tigilli-

570 5772 647 5835 tum
671 5766 815 5854 dicitur,
840 5786 902 5852 per
925 5786 965 5836 ec
991 5769 1085 5836 linis:
1111 5769 1152 5835 de
1177 5784 1282 5852 super
1306 5771 1408 5852 parte
1432 5765 1500 5832 ilne
1527 5763 1584 5832 via
1609 5764 1715 5846 (deest
1734 5781 1900 5830 mensura
1914 5770 2117 5847 coassumi:
2142 5768 2185 5835 de
2210 5770 2337 5838 subtus
2356 5769 2428 5837 tine
