5466 7106
996 565 1395 642 nlrbotlsrlcbs

1059 1001 1311 1084 DCGLV.

1055 1254 1111 1333 A.
1139 1251 1190 1332 D.
1218 1251 1347 1335 1024.

327 1497 363 1637 †
386 1549 429 1616 ln
451 1547 594 1618 nomine
617 1547 753 1616 domini
777 1547 834 1618 dei
859 1547 1048 1619 salvatoris
1071 1550 1174 1618 lhesu
1198 1549 1327 1618 christi
1351 1549 1570 1636 temporibus
1592 1549 1714 1618 domni
1729 1550 1840 1639 sergii
1862 1551 2008 1640 gloriosi
2033 1553 2135 1622 ducis

280 1720 378 1774 anno
402 1703 555 1790 septimo
577 1699 713 1772 decimo
729 1689 757 1786 ¹)
781 1703 860 1787 post
882 1700 960 1770 eius
983 1700 1316 1790 recuperationem,
1340 1706 1376 1771 et
1399 1702 1515 1790 primo
1537 1720 1633 1772 anno
1655 1703 1775 1772 domni
1798 1704 1966 1775 iohannis
1989 1707 2133 1794 gloriosi

278 1857 382 1928 ducis
405 1857 474 1926 lilii
497 1856 604 1944 eius,
628 1856 744 1925 medio
768 1873 889 1924 mense
914 1856 1109 1944 ianuario,
1133 1853 1329 1924 indictione
1354 1857 1505 1944 septima
1528 1856 1663 1927 amalfi.
1689 1857 1832 1926 Certum
1855 1861 1908 1926 est
1932 1878 1988 1928 me
2011 1865 2136 1947 petrus

283 2011 382 2079 illius
405 2009 521 2078 amori
544 2007 723 2095 nuceresi,
747 2007 809 2096 qui
833 2027 912 2076 sum
936 2007 1037 2076 modo
1060 2008 1317 2078 commanentis
1341 2009 1380 2076 in
1404 2009 1508 2098 sonti,
1533 2010 1727 2097 apresenti
1744 2011 1802 2080 die
1818 2010 2064 2098 prumtissima
2080 2033 2139 2081 vo

284 2163 435 2236 lumtate
459 2163 614 2233 scribere
637 2167 674 2232 et
697 2163 845 2232 firmare
869 2163 965 2230 visus
989 2180 1067 2230 sum
1090 2161 1190 2230 vobis
1213 2162 1340 2231 domno
1365 2163 1458 2231 leoni
1482 2163 1556 2232 lilio
1579 2163 1701 2232 domni
1726 2165 1895 2234 iohannis
1912 2165 1954 2234 de
1971 2169 2139 2235 constan·

283 2317 374 2406 tine,
397 2318 441 2388 de
465 2316 605 2404 lupino,
628 2316 672 2385 de
694 2316 936 2402 constantino,
959 2315 1001 2384 de
1026 2316 1126 2384 leone
1151 2314 1279 2384 comite
1303 2317 1340 2384 et
1362 2313 1489 2384 domne
1513 2316 1625 2384 marie
1650 2316 1786 2404 iugalia
1810 2319 1905 2387 hanc
1935 2321 2138 2390 chartulam

286 2473 439 2542 similem
463 2473 506 2542 de
531 2472 611 2560 ipsa
634 2470 726 2559 quod
750 2489 811 2539 vos
834 2471 945 2541 michi
968 2471 1125 2538 scribere
1148 2469 1298 2555 lecistis,
1314 2487 1378 2555 pro
1401 2486 1442 2536 ec
1465 2469 1557 2554 quod
1572 2467 1773 2539 tradidistis
1791 2473 1828 2540 et
1843 2471 2060 2560 assignastis
2078 2493 2141 2541 no-

287 2631 344 2698 bis
365 2629 572 2718 plenarium
596 2631 633 2698 et
657 2627 844 2715 integrum
867 2626 983 2714 ipsum
1006 2626 1218 2693 insertetum
1241 2626 1405 2690 nostrum
1429 2641 1580 2691 vacuum
1604 2627 1640 2692 et
1656 2624 1816 2712 plenum,
1834 2627 1927 2713 quod
1943 2629 2084 2698 habetis
2102 2629 2141 2697 in

285 2784 377 2854 sonti
401 2783 554 2874 positum
578 2784 617 2852 in
641 2783 757 2851 locum
781 2781 845 2868 qui
867 2780 1001 2848 dicitur
1024 2797 1119 2865 aqua
1142 2776 1291 2865 putida,
1326 2796 1406 2844 cum
1430 2775 1491 2846 via
1513 2795 1580 2845 sua
1602 2780 1639 2844 et
1662 2779 1783 2847 omnia
1806 2798 1872 2850 sua
1907 2781 2139 2868 pertinentia.

288 2940 388 3012 Unde
409 2938 525 3008 nichil
548 2939 651 3006 nobis
674 2936 805 3004 exinde
828 2931 1072 3020 exceptuastis
1096 2934 1136 2999 in
1160 2950 1203 3002 ea
1229 2929 1394 3001 videlicet
1417 2931 1584 3019 ratione,
1608 2935 1648 3000 ut
1672 2953 1695 3002 a
1718 2933 1776 3002 die
1798 2935 1955 3020 presenti
1989 2935 2143 3022 inpicia-

289 3111 370 3165 mus
393 3094 488 3179 ipsos
511 3091 646 3180 tigillus
669 3091 833 3158 inserare
855 3087 900 3155 de
922 3087 1000 3173 ipsa
1012 3085 1156 3156 zenzala
1171 3087 1210 3175 ²),
1227 3090 1262 3155 et
1279 3087 1354 3174 ipsc
1371 3088 1525 3157 bacuum
1542 3089 1764 3174 pastinemus
1786 3091 1825 3158 at
1844 3109 2006 3177 cappam,
2023 3095 2059 3160 et
2077 3091 2143 3159 im-

287 3247 450 3336 pleamus
465 3263 525 3315 eos
540 3244 584 3313 de
606 3242 748 3331 tigillis,
767 3245 803 3310 et
819 3239 984 3310 similiter
1008 3237 1269 3307 insusculemus
1284 3238 1311 3322 8)
1333 3256 1392 3306 eos
1406 3238 1450 3306 de
1473 3238 1551 3325 ipsa
1567 3239 1721 3327 nenzala,
1745 3241 1924 3328 talemque
1940 3262 2063 3314 curam
2080 3264 2142 3313 ex-

290 3402 375 3472 inde
397 3401 532 3470 habero
554 3399 757 3485 debeamus,
783 3401 823 3464 ut
845 3393 969 3464 amodo
993 3398 1029 3462 et
1053 3411 1164 3479 usque
1187 3394 1227 3460 at
1248 3390 1434 3477 completis
1458 3391 1564 3459 annis
1587 3390 1710 3460 decem
1733 3395 1929 3462 habeamus
1951 3413 2011 3464 eos
2027 3401 2141 3465 totum

288 3553 512 3644 pastinatum
537 3557 573 3620 et
595 3553 780 3637 presumat
802 3564 870 3634 que
894 3546 933 3612 in
957 3544 1177 3614 serculatum
1200 3548 1238 3613 at
1261 3543 1464 3632 legitimum
1487 3544 1649 3634 frugium
1671 3546 1926 3635 abducendum,
1951 3553 1992 3616 ut
2015 3557 2143 3636 pareat

286 3709 385 3798 apud
409 3707 513 3776 bonis
535 3704 751 3792 hominibus,
776 3707 812 3771 et
835 3703 922 3789 iam,
947 3699 1008 3768 ubi
1033 3699 1166 3770 factum
1189 3703 1225 3768 et
1247 3699 1460 3786 completum
1483 3717 1542 3768 eos
1567 3699 1798 3768 habuerimus
1828 3700 1867 3768 in
1898 3703 2141 3792 suprascripto

287 3864 496 3954 constituto,
520 3867 595 3934 iam
618 3863 664 3930 ab
688 3859 771 3928 inde
795 3858 834 3926 in
858 3859 967 3928 antea
990 3859 1179 3942 pertenere
1202 3871 1261 3922 eos
1283 3852 1474 3922 debeamus
1497 3869 1561 3919 nos
1583 3855 1620 3920 et
1643 3853 1758 3922 nostri
1782 3855 1943 3942 heredes
1966 3855 2009 3925 de
2033 3875 2145 3944 gene-

289 4019 495 4094 rationein
518 4014 753 4108 generatione
776 4030 889 4100 usque
912 4011 953 4079 in
975 4007 1257 4096 sempiternum,
1282 4025 1420 4094 semper
1442 4006 1574 4078 exinde
1596 4025 1721 4078 curam
1744 4013 1780 4078 et
1803 4013 1987 4078 certamen
2010 4013 2144 4083 habea-

288 4193 384 4262 muS,
407 4179 461 4262 ut,
483 4172 625 4243 domino
648 4169 866 4255 auxiliante,
889 4163 1066 4254 proficiat,
1090 4167 1127 4232 et
1148 4183 1171 4233 a
1193 4162 1251 4232 die
1274 4161 1431 4250 presenti
1453 4163 1621 4232 castanea
1643 4162 1699 4230 vel
1721 4163 1874 4252 zenzale,
1890 4164 1984 4252 quod
2007 4165 2144 4236 ibidem

288 4331 455 4407 dominus
477 4328 628 4415 dederit,
652 4343 717 4394 nos
739 4341 798 4393 eos
822 4321 990 4409 colligere
1012 4318 1232 4404 debeamus,
1259 4319 1295 4384 et
1319 4315 1456 4385 siccare
1479 4318 1515 4384 et
1538 4315 1703 4385 dividere
1726 4335 1786 4385 eos
1808 4317 2001 4390 debeamus
2023 4339 2087 4392 nos
2101 4332 2146 4412 'et

289 4488 404 4559 nostri
428 4482 577 4556 heredes
599 4479 781 4548 vobiscum
803 4480 943 4548 etcum
966 4471 1092 4542 vestris
1116 4469 1307 4540 heredibus
1329 4486 1392 4556 per
1416 4467 1643 4537 medietatem
1666 4467 1759 4538 sicce
1782 4476 1822 4540 at
1836 4478 1991 4561 gratem,
2009 4479 2046 4544 et
2063 4479 2144 4565 ipsa

293 4639 485 4710 medietate
509 4639 629 4704 vestra
650 4649 716 4700 nos
739 4629 837 4697 vobis
860 4644 920 4696 eas
942 4625 1159 4712 deponamus
1184 4621 1279 4692 iusta
1299 4639 1423 4708 mare,
1453 4625 1490 4690 et
1518 4621 1640 4690 demus
1663 4621 1761 4690 vobis
1785 4624 1880 4691 omni
1910 4643 2033 4695 annue
2066 4629 2145 4714 ipsa

290 4789 540 4877 sabbatarica,
563 4788 657 4856 sicut
679 4781 895 4852 consuetudo
913 4783 981 4866 est,
996 4783 1032 4848 et
1049 4794 1165 4863 neque
1187 4793 1264 4862 vos,
1287 4791 1403 4860 neque
1425 4775 1528 4840 homo
1553 4775 1669 4842 vester
1688 4775 1791 4844 nobis
1814 4775 1948 4846 ibidem
1971 4779 2146 4848 virtutem

290 4947 351 5018 vel
373 4945 595 5016 inbasionem
618 4955 690 5009 non
714 4935 880 5022 faciatis,
915 4938 970 5002 set
997 4929 1185 5000 vindicetis
1210 4926 1311 4995 nobis
1342 4943 1401 4995 eos
1430 4925 1476 4995 ab
1508 4925 1672 4994 omnibus
1702 4926 1919 4998 hominibus.
1953 4932 2148 5002 Verumta-

293 5230 748 5251 ,,,,,,..-......-.---

333 5415 358 5495 ’)
379 5415 496 5478 Annus
518 5413 629 5496 potius
653 5407 802 5473 decimus
825 5412 938 5470 sextus
962 5401 1197 5468 inscribendus
1221 5407 1303 5464 erat.

333 5559 359 5644 ²)
381 5561 585 5642 inpietamus
607 5561 693 5641 ipsos
715 5559 834 5641 digittos
849 5551 1163 5632 -intelligendum
1184 5554 1349 5630 putamus:
1375 5545 1574 5628 incipiamus
1599 5544 1727 5625 tigilla,
1752 5562 1812 5608 seu
1839 5549 1974 5609 truncos
2005 5545 2148 5618 arboris,
2263 5549 2267 5560 '

292 5709 468 5777 inoculare
492 5707 531 5772 de
555 5707 733 5778 castaneis,
758 5721 842 5785 quae
865 5701 996 5764 secante
1018 5697 1227 5761 dicebantur.

335 5862 359 5944 ⁸)
381 5857 602 5932 lacusculcre,
626 5855 716 5920 idem
739 5873 776 5920 ac
800 5851 1002 5917 iascrcclcre
1024 5851 1130 5919 sonat,
1154 5843 1254 5917 idest,
1280 5842 1446 5915 inserere,
1471 5837 1656 5904 inoculare.
