5466 7106
631 507 680 584 90
1276 514 1443 592 OODEX
1477 517 1745 597 olvuusls

587 750 677 802 num
702 735 796 824 quod
819 736 994 827 redierit,
1017 739 1047 808 si
1071 741 1179 810 rebus
1201 741 1280 829 ipsa
1303 742 1466 815 laborata
1489 746 1669 818 inbenerit
1681 799 1692 838 ,
1717 748 1832 822 licead
1854 750 1915 822 ille
1938 753 2001 842 qui
2025 774 2084 826 eos
2110 757 2332 830 laboraberit
2355 760 2433 850 ipso

581 904 748 978 annum,
780 893 856 979 ipso
887 861 1047 961 frudium
1077 893 1160 964 inde
1189 892 1338 986 tollere,
1370 901 1407 966 et
1430 896 1481 967 sic
1505 900 1584 988 ipsa
1607 905 1713 974 rebus
1742 906 1789 976 ad
1810 925 1848 976 se
1871 909 2080 998 recolligere
2103 912 2149 982 ad
2176 914 2371 984 tenendum
2395 917 2437 984 in

585 1043 749 1130 predicta
771 1045 926 1116 ratione.
952 1047 1052 1116 Unde
1074 1067 1138 1136 per
1162 1051 1256 1120 bona
1273 1051 1538 1124 combenientia
1562 1056 1696 1142 guadia
1718 1059 1810 1128 mihi
1833 1059 1901 1148 ipsi
1919 1065 2084 1152 germani
2112 1066 2299 1154 dederunt,
2316 1072 2351 1138 et
2367 1088 2439 1138 me-

591 1195 753 1266 diatones
776 1197 866 1266 mihi
880 1201 1086 1286 ‚posuerunt
1109 1217 1147 1269 se
1170 1199 1283 1288 ipsis3
1307 1205 1344 1271 et
1365 1221 1429 1290 per
1454 1205 1532 1292 ipsa
1554 1207 1688 1294 guadia
1710 1209 1962 1298 obligaberunt
1985 1233 2023 1284 se
2046 1219 2081 1286 et
2100 1216 2175 1285 suis
2190 1217 2369 1306 aradibus,
2395 1223 2436 1288 ut

587 1347 619 1417 si
644 1349 770 1421 taliter
792 1349 914 1422 omnia
937 1351 1182 1439 suprascripta
1204 1372 1269 1441 per
1292 1354 1496 1441 supradicto
1516 1357 1640 1428 ordine
1662 1362 1708 1430 ad
1730 1381 1816 1450 pars
1845 1365 1958 1453 ipsius
1984 1366 2132 1437 ecclesie
2164 1385 2236 1436 non
2266 1369 2438 1457 adimple-

586 1503 681 1574 berit
703 1508 740 1574 et
762 1503 806 1572 de
833 1505 1079 1592 suprascripta
1103 1503 1236 1592 aliquit
1258 1507 1542 1600 contradisserit,
1565 1530 1628 1598 per
1644 1513 1723 1600 ipsa
1738 1513 1871 1602 guadia
1886 1535 2095 1605 componere
2120 1517 2374 1608 obligaberunt
2397 1538 2436 1590 se

586 1664 623 1727 et
647 1657 722 1728 suis
747 1659 915 1730 eredibns
938 1660 985 1728 ad
1007 1677 1092 1758 pars
1115 1658 1229 1748 ipsius
1252 1662 1399 1732 ecclesie
1422 1661 1553 1752 biginti
1578 1665 1660 1736 auri
1683 1665 1811 1736 solidos
1833 1669 2090 1740 constantines,
2116 1672 2214 1749 Quod
2227 1672 2354 1762 scripsi
2369 1693 2436 1764 ego

593 1811 781 1900 iaquintus
803 1813 966 1884 notarius
989 1812 1051 1899 qui
1074 1813 1234 1882 interlui.

630 1936 662 2054 †
686 1967 761 2054 Ego
784 1965 952 2054 grimoalt

633 2091 665 2207 †
688 2120 765 2208 Ego
786 2121 988 2192 romoaldus
1010 2139 1067 2190 me
1090 2122 1298 2208 subscripsi.

1336 2378 1686 2390 ———.—...

1361 2643 1661 2727 DCCLXII.

1356 2889 1409 2967 A.
1438 2889 1488 2967 D.
1518 2890 1649 2973 1025.

634 3117 670 3258 †
695 3172 735 3236 In
759 3173 902 3240 nomine
925 3170 1060 3240 domini
1083 3171 1139 3239 dei
1164 3171 1353 3242 salvatoris
1381 3175 1483 3243 ihesu
1507 3175 1633 3244 christi
1666 3195 1761 3246 anno
1784 3175 1934 3264 septimo
1957 3174 2092 3246 decimo
2125 3177 2276 3248 ducatus
2310 3177 2431 3246 dornni

585 3323 703 3414 Sergii
727 3325 754 3408 ¹)
777 3325 923 3395 Gloriosi
949 3325 1064 3416 ducis,
1080 3327 1137 3398 die
1161 3327 1331 3396 vicesima
1355 3329 1487 3398 mensis
1510 3329 1699 3414 februarii,
1717 3328 1913 3400 indictione
1928 3333 2054 3398 octaba
2078 3329 2323 3417 infrascripta.
2350 3334 2433 3401 Ger·

456 3487 459 3494 '
582 3483 660 3548 tum
683 3486 738 3549 est
760 3499 817 3548 me
840 3480 1047 3570 gregorium
1069 3481 1192 3552 divina
1215 3481 1337 3569 gratia
1360 3482 1563 3568 episcopum
1579 3482 1725 3549 sanctae
1741 3479 1834 3548 sedis
1850 3481 2036 3550 stavianae
2052 3481 2200 3550 ecclesie
2226 3484 2432 3569 Apresenti

582 3633 640 3702 die
662 3634 929 3722 promptissima
951 3634 1137 3704 voluntate
1159 3633 1240 3702 dedi
1264 3637 1373 3720 atque
1397 3631 1435 3701 in
1460 3633 1617 3720 presenti
1640 3632 1771 3701 tradidi
1794 3633 1859 3700 tibi
1883 3633 2010 3700 domno
2034 3634 2191 3704 mirandi
2216 3635 2328 3703 iudici
2357 3637 2432 3704 illio

584 3787 724 3859 danseri
747 3789 809 3875 qui
833 3807 871 3857 es
895 3793 1103 3857 comanente
1126 3787 1165 3854 in
1188 3788 1347 3873 nucerio,
1364 3787 1437 3854 Hoc
1460 3789 1514 3853 est
1539 3787 1576 3854 in
1601 3783 1743 3872 colligio
1766 3785 1812 3853 ad
1828 3783 2062 3854 laborandum
2077 3789 2114 3854 et
2129 3787 2361 3857 detinendum
2379 3791 2436 3856 in-

584 3944 707 4012 olitam
732 3960 841 4012 unam
864 3939 998 4031 petiam
1021 3960 1135 4010 meam
1158 3940 1201 4008 de
1225 3943 1324 4008 terra
1347 3955 1416 4026 que
1439 3941 1625 4008 arbustum
1649 3955 1724 4006 esse
1747 3937 1902 4025 videtur,
1918 3938 2122 4024 pertinente
2138 3940 2239 4008 nobis
2262 3961 2284 4010 a
2307 3959 2434 4029 supra-

583 4097 720 4185 scripta
743 4098 869 4164 sancta
892 4093 1042 4163 ecclesia
1065 4091 1182 4181 posita
1205 4092 1244 4160 in
1267 4091 1342 4160 loco
1364 4093 1427 4178 qui
1450 4109 1547 4158 nunc
1570 4107 1698 4178 angre,
1722 4089 1782 4158 ubi
1804 4088 1938 4158 dicitur
1954 4091 2095 4160 nobella
2111 4097 2146 4160 et
2162 4111 2247 4162 casa
2262 4095 2434 4183 amabile,

583 4267 665 4316 cum
688 4249 766 4316 bice
789 4248 832 4317 de
854 4247 916 4316 via
932 4265 998 4316 sua
1014 4245 1178 4313 omnibus
1200 4242 1268 4310 sibi
1294 4243 1510 4312 habentibus
1533 4247 1569 4312 et
1590 4242 1866 4330 pertinentibus,
1890 4242 2085 4313 Ocherente
2108 4244 2191 4313 sibi:
2217 4249 2270 4314 Ab
2293 4249 2432 4318 oriente

586 4405 659 4472 fine
682 4402 833 4489 predicti
857 4398 1044 4490 episcopii,
1067 4417 1135 4486 que
1159 4398 1205 4469 ad
1228 4395 1464 4467 laborandum
1487 4396 1620 4465 retinet
1642 4395 1789 4466 heredes
1812 4394 2003 4483 grimoaldi
2026 4396 2093 4466 filii
2118 4400 2297 4489 nucerini,
2312 4407 2349 4470 et
2370 4405 2437 4473 lra-

587 4559 646 4628 bet
668 4557 801 4626 ibidem
824 4571 945 4644 passos
967 4554 1150 4642 octoginta
1171 4555 1262 4620 octo:
1286 4551 1318 4617 A
1340 4549 1488 4619 meridie
1512 4548 1683 4637 quomodo
1706 4547 1840 4617 limites
1863 4547 2062 4636 discernit,
2087 4549 2158 4617 fine
2190 4551 2337 4620 heredes
2369 4551 2434 4618 lio-

588 4709 718 4798 prandi
736 4712 772 4778 et
789 4709 860 4776 dne
876 4705 1024 4776 heredes
1046 4703 1181 4794 desedi,
1197 4709 1233 4774 et
1255 4707 1364 4775 habet
1387 4703 1518 4774 ibidem
1541 4720 1662 4791 passos
1685 4702 1951 4790 quinquaginta
1974 4704 2146 4792 quinque:
2172 4707 2227 4774 Ab
2250 4706 2433 4777 occidente

589 4882 672 4932 cum
696 4862 768 4929 fine
798 4861 842 4929 de
872 4857 1115 4947 suprascripta
1137 4862 1264 4929 sancta
1294 4861 1416 4928 nostra
1439 4855 1617 4944 eeclesia,
1647 4855 1740 4943 quod
1766 4855 1901 4926 detinet
1931 4856 2148 4944 grimoaldus
2172 4857 2246 4928 fllio
2269 4863 2434 4932 maranoi

627 5227 651 5308 ¹)
673 5225 856 5290 Observato
879 5225 998 5305 dignae
1021 5231 1119 5288 notae
1141 5225 1395 5306 chronologicae
1419 5228 1563 5290 Ducatus
1588 5225 1696 5305 Sergii
1720 5223 1910 5289 huiusmodi
1928 5227 2075 5301 chartae,
2092 5245 2177 5308 quae
2194 5227 2440 5309 depositionem

585 5376 688 5442 Ducis
712 5376 754 5439 ob
777 5373 970 5458 popularem
994 5374 1194 5437 seditionem
1217 5374 1384 5446 innuunt,
1415 5373 1502 5453 quod
1525 5391 1605 5435 sane
1629 5373 1720 5437 circa
1742 5389 1865 5432 annum
1887 5371 2106 5434 millesimum
2128 5372 2308 5454 septimum
2329 5370 2383 5434 vel
2407 5390 2444 5433 o·

582 5527 713 5584 clavum
736 5518 870 5584 accidit.
892 5517 995 5598 quue
1019 5519 1125 5580 satius
1147 5518 1274 5600 patebit
1296 5519 1577 5599 exsequentibus
1599 5518 1802 5582 Membranis
1826 5517 1977 5581 eiusdem
2001 5519 2102 5594 anni,
2130 5537 2167 5584 ac
2190 5520 2372 5603 praecipue
2395 5521 2437 5581 ab

583 5681 633 5734 ea,
659 5679 744 5743 quae
767 5661 829 5724 sub
851 5663 892 5726 N.
917 5659 1140 5726 DCCLXXVII
1161 5662 1335 5735 inseritur,
1359 5661 1417 5726 ubi
1433 5663 1557 5743 legitur
1572 5663 1612 5726 de
1628 5667 1754 5730 Ducatu
1769 5663 1879 5745 Sergii
1895 5686 1902 5727 ε
1929 5667 2083 5748 Tempore
2098 5668 2211 5732 durani
2224 5669 2333 5751 Sergii
2348 5687 2440 5732 cano

581 5815 695 5873 octavo
717 5810 841 5873 decimo
857 5817 933 5892 post
954 5811 1024 5874 eiua
1046 5811 1338 5889 recuperationem.
