5422 7102
2023 573 2072 664 vij

267 837 292 888 «
325 797 574 924 gobardico,
609 797 706 888 inde
740 799 794 890 ab
828 831 939 891 anno
979 796 1109 916 1209,
1144 799 1344 894 Romano
1379 801 1705 914 intercurrente,
1729 796 1971 921 adscriptae
2003 809 2122 910 sunt,

267 1025 291 1078 ‹<
325 1017 433 1110 quas
466 985 521 1076 ab
551 984 747 1109 imperito
780 986 963 1110 quodam
999 987 1169 1080 homine
1203 1006 1415 1112 exceptas,
1451 987 1722 1080 hluratorius
1745 985 1883 1078 Tomo
1909 981 1993 1076 SS.
2016 981 2117 1076 Ital.

269 1213 292 1264 ‹<
326 1173 421 1266 VII
455 1209 496 1300 p.
530 1171 622 1266 918
656 1175 770 1300 typis
803 1175 1037 1267 mandavit.
1074 1175 1221 1302 Cujus
1244 1177 1472 1270 editionem
1506 1211 1603 1272 oum
1636 1209 1781 1269 mense
1813 1175 2019 1300 Augusto
2052 1207 2133 1267 an·

268 1401 292 1452 «
326 1364 369 1454 ni
408 1361 526 1496 1822
564 1362 606 1454 in
640 1362 733 1486 ipso
766 1362 1026 1454 monasterio
1059 1363 1224 1487 positus
1256 1379 1299 1455 et
1330 1397 1357 1458 a
1388 1364 1494 1457 viris
1537 1363 1784 1456 reverendis
1819 1394 1996 1482 summa
2028 1395 2125 1455 cum

271 1587 294 1640 «
330 1550 597 1642 humanitate
630 1548 828 1664 habituS,
863 1581 959 1640 cum
992 1549 1238 1642 authentico
1272 1551 1363 1676 ipso
1397 1552 1658 1664 conferrem,
1690 1568 1753 1642 tot
1785 1566 1827 1643 et
1858 1566 1980 1642 tanta
2012 1549 2053 1640 in
2073 1581 2125 1642 ea

273 1775 296 1826 «
331 1737 436 1829 uitia
468 1737 745 1862 deprehendi,
779 1755 828 1828 ut
860 1735 946 1828 alia
967 1768 1145 1861 prorsus
1178 1737 1319 1863 operis
1351 1737 1535 1830 editione
1567 1771 1674 1862 opus
1701 1769 1793 1829 esse
1827 1736 2126 1863 intelligerem,

272 1963 295 2013 ‹<
329 1956 459 2048 quam
477 1923 545 2014 hic
568 1924 740 2015 demum
763 1955 1002 2048 proponere
1019 1923 1129 2016 licet.
1152 1922 1279 2050 Opus
1296 1943 1361 2018 est
1382 1926 1648 2051 bipartitum.
1676 1923 1804 2031 Quae
1827 1957 1987 2018 annum
2021 1925 2132 2018 mil-

270 2149 295 2202 ‹<
329 2111 525 2202 lesimum
559 2109 823 2202 tricesimum
856 2129 898 2201 et
930 2129 1133 2234 quartum
1167 2113 1429 2236 praecedunt
1455 2132 1598 2206 autex
1617 2113 1799 2206 diversis
1823 2145 1976 2240 regum
2010 2115 2130 2208 Lan-

273 2338 297 2388 «
334 2299 625 2426 gebardorum
670 2297 940 2413 Beneventi,
987 2295 1158 2390 Salerni
1207 2317 1249 2391 et
1293 2298 1469 2426 Capuae
1512 2301 1783 2427 principum,
1823 2301 2129 2427 imperatorum

272 2528 295 2580 «
332 2488 629 2604 Graecorum,
665 2485 1008 2602 Saracenorum,
1042 2487 1191 2611 quales
1225 2486 1267 2578 in
1300 2487 1548 2580 monasterii
1583 2485 1834 2590 Casinensis
1867 2487 2133 2634 membranis

264 2639 293 2768 Ι<<
327 2693 498 2792 extant,
533 2673 741 2800 catalogis
774 2675 871 2766 rudi
915 2691 1007 2766 arte
1041 2676 1261 2791 conlecta,
1305 2631 1380 2768 aut
1422 2678 1536 2802 quod
1580 2677 1722 2802 potius
1755 2675 2041 2791 crediderim,
2075 2708 2127 2768 ex

160 2862 165 2874 ’
270 2903 293 2955 «
327 2864 558 2988 antiquiori
593 2863 778 2988 quodam
813 2863 1031 2988 cyclorum
1066 2863 1209 2955 codice
1242 2881 1445 2990 excerpta
1477 2881 1607 2979 sunt,
1642 2863 1810 2956 omissis
1844 2863 2005 2956 scilicet
2037 2895 2126 2956 no-

270 3091 293 3144 «
327 3053 432 3146 titiis
465 3052 782 3178 compluribuS,
816 3085 924 3176 quas
959 3053 1001 3145 in
1035 3051 1264 3145 annalibus
1298 3049 1567 3143 Cavensibus
1615 3051 1885 3144 brevioribus
1939 3052 1990 3174 ¹),
2023 3049 2127 3143 etin

270 3239 554 3332 «annalibus
589 3237 901 3331 Casinensibus
934 3237 1144 3364 hodieque
1178 3235 1376 3362 legimus.
1411 3233 1600 3359 Reliqua
1643 3266 1719 3360 per
1762 3234 1958 3360 singulos
1991 3263 2128 3328 annos

270 3425 567 3551 «adscripta,
601 3424 735 3516 multo
769 3423 945 3548 majoris
977 3422 1176 3515 habenda
1208 3439 1322 3515 sunt.
1358 3422 1453 3515 Nec
1485 3438 1628 3514 tamen
1662 3421 1919 3548 aliquotiens
1963 3421 2124 3515 lactum

271 3653 294 3704 ‹<
327 3613 602 3740 negaverim,
636 3629 685 3704 ut
717 3627 842 3704 notae
864 3610 1009 3735 aliquo
1043 3611 1127 3703 iam
1161 3609 1365 3736 temporis
1398 3611 1536 3736 spatio
1568 3611 1738 3737 elapso,
1771 3613 1907 3704 autin
1933 3583 2128 3739 margine

271 3836 295 3890 ‹<
328 3799 425 3892 aliis
457 3797 620 3890 notitiis
652 3797 811 3888 relerta
841 3813 1066 3912 exaratae,
1100 3829 1127 3888 a
1159 3828 1262 3888 vera
1294 3813 1534 3922 temporum
1558 3781 1872 3922 computatione
1905 3797 2125 3924 paulisper

271 3985 559 4100 «recedant,
595 4013 917 4106 nonnumquam
950 3981 1079 4073 etiam
1112 4015 1222 4107 quae
1255 3983 1423 4076 duobus
1456 3983 1582 4077 annis
1615 3983 1886 4110 contigerant
1908 4018 1995 4078 una
2016 3985 2132 4079 serie·

271 4213 296 4268 «
329 4161 584 4269 referantur.
604 4207 628 4264 ›>
650 4227 712 4244 -
729 4171 857 4296 Dopo
890 4187 1042 4295 questa
1074 4169 1395 4296 pubblicazione
1438 4171 1538 4264 tutti
1581 4171 1722 4264 coloro
1766 4172 1843 4264 che
1886 4189 2127 4268 trattarono

267 4361 507 4489 argomenti
541 4359 686 4454 storici
719 4359 785 4451 de'
804 4357 932 4483 primi
965 4375 1031 4449 tre
1062 4355 1190 4449 secoli
1222 4355 1291 4448 del
1324 4356 1506 4448 secondo
1539 4355 1765 4450 millesimo
1797 4357 1896 4449 dell’
1916 4357 2129 4452 Eravol-

269 4587 400 4683 gare,
434 4551 680 4679 sempreche
714 4550 905 4642 cit-amno
937 4547 977 4640 le
1009 4547 1278 4641 annotationi
1321 4546 1390 4639 del
1422 4563 1569 4640 nostro
1604 4545 1786 4664 Codice,
1830 4547 1866 4642 si
1904 4565 2128 4642 attenuere

268 4759 601 4837 costantemente
634 4739 706 4833 all'
725 4738 914 4832 edizione
944 4735 1013 4828 del
1047 4735 1192 4828 Pertz.
1228 4733 1313 4826 De'
1332 4732 1449 4859 quali
1483 4734 1620 4859 potrei
1643 4734 1867 4847 nominare
1888 4737 1971 4830 ben
1989 4737 2127 4853 molti,

271 4966 342 5025 ma
373 4930 543 5024 bastino
576 4928 660 5020 due
692 4926 802 5022 soli:
837 4926 866 5017 il
899 4922 1171 5038 Weinreich,
1205 4921 1282 5014 che
1315 4919 1430 5012 nella
1446 4955 1526 5015 sua
1542 4920 1784 5016 dottissima
1801 4923 2128 5018 Dissertatione

323 5412 348 5493 ¹)
371 5408 492 5485 Questi
517 5405 651 5476 Annali
674 5404 775 5473 brevi
799 5403 945 5472 cavensi
969 5418 1054 5470 sono
1076 5397 1247 5486 stampati
1272 5399 1366 5468 nello
1386 5403 1498 5467 stesso
1519 5400 1562 5464 lll
1585 5403 1689 5467 Tomo
1713 5399 1770 5468 dei
1787 5401 1833 5465 M.
1858 5401 1902 5466 H.
1928 5401 2007 5470 aa
2036 5419 2124 5487 pag.

271 5567 361 5654 119,
384 5564 428 5634 ed
453 5563 492 5631 in
514 5561 694 5650 principio
715 5560 746 5628 si
770 5558 885 5646 legge:
910 5554 1061 5623 «codex
1084 5552 1322 5621 Bibliothecae
1346 5550 1608 5639 Banbergenzis
1632 5553 1936 5636 membranaceus,
1953 5551 2127 5640 signatus¹

269 5745 287 5786 a
313 5722 354 5788 B.
380 5720 442 5788 IV.
467 5718 501 5784 6.
526 5733 638 5786 manu
662 5715 910 5783 beneventana
933 5705 1074 5778 tabulas
1097 5723 1274 5775 annorum
1297 5703 1447 5791 Domini,
1471 5703 1734 5790 indictionum,
1757 5723 1975 5773 summorum
1998 5705 2121 5792 ponti·

270 5899 287 5939 «
315 5875 424 5943 ficum
448 5875 485 5941 et
507 5874 779 5958 imperatorum,
802 5870 838 5935 et
860 5860 1011 5934 annales
1034 5837 1158 5928 breves
1180 5857 1352 5926 cavenses
1375 5855 1522 5924 exhibet
1545 5856 1641 5924 infra
1664 5855 1824 5923 locosuo
1848 5855 2050 5925 edendos.»
