5422 7102
571 541 645 615 252
1123 485 1125 492 Ι
1217 541 1391 618 OODEX
1424 543 1696 616 CdVENSlS

524 770 611 836 sunt
634 769 730 856 passi
753 767 920 856 triginta,
945 771 982 838 et
1003 785 1067 856 per
1090 784 1153 837 ora
1175 765 1218 835 de
1241 767 1318 854 ipso
1339 766 1446 837 fluvio
1468 767 1619 838 saliente
1644 787 1755 858 usque
1778 769 1818 839 in
1841 770 1961 857 prima
1983 770 2084 857 fine,
2109 767 2174 856 qni
2204 773 2259 838 est
2286 787 2371 857 pars

525 923 690 1010 meridie,
714 926 800 993 sunt
823 923 919 1011 passi
942 923 1145 1010 nonaginta
1167 923 1323 1009 quinquo
1346 921 1392 989 ad
1415 921 1518 994 inxto
1540 942 1685 1011 passum
1707 927 1967 1012 mensuratum,
1991 923 2037 995 ad
2058 923 2233 992 securiter
2258 927 2293 992 et
2310 923 2371 990 lir-

521 1076 628 1144 miter
652 1075 776 1145 amodo
799 1079 835 1144 et
858 1094 996 1164 semper
1019 1094 1083 1163 per
1105 1077 1170 1145 hec
1194 1079 1440 1164 suprascripta
1464 1078 1566 1164 pecia
1588 1077 1632 1145 de
1655 1080 1755 1146 terra
1778 1097 1860 1145 cum
1882 1075 2004 1147 omnia
2028 1078 2128 1145 intus
2154 1078 2309 1145 habente
2332 1085 2368 1146 et

522 1227 602 1295 vice
625 1227 669 1297 de
692 1227 760 1296 viis
783 1247 849 1316 ego
871 1227 1052 1316 predictus
1075 1228 1236 1298 meraldo
1269 1231 1305 1296 et
1337 1229 1426 1298 meis
1447 1231 1666 1319 heredibus,
1690 1235 1725 1299 et
1747 1232 1850 1299 cuius
1873 1250 1936 1319 per
1959 1250 2015 1300 me
2046 1230 2169 1300 datum
2192 1229 2367 1317 paruerit,

520 1378 610 1448 illud
632 1380 848 1466 havondum,
873 1380 1141 1468 dominandum,
1165 1380 1440 1469 possidendum,
1472 1388 1509 1452 et
1531 1384 1652 1453 omnia
1676 1383 1758 1452 inde
1782 1384 1986 1454 faciendum
2002 1384 2096 1471 quod
2119 1383 2366 1472 voluerimus,

518 1535 555 1600 ct
577 1548 641 1618 pro
664 1531 806 1601 firmam
828 1532 1026 1604 stavilitate
1049 1535 1184 1620 recepit
1218 1553 1241 1602 a
1274 1553 1331 1602 me
1365 1553 1430 1620 per
1465 1535 1576 1606 aliam
1610 1536 1786 1605 cartulam
1820 1536 1913 1623 quod
1948 1537 2024 1624 ipse
2046 1537 2191 1606 alfanus
2214 1541 2303 1624 aput
2328 1555 2366 1604 se

508 1685 664 1771 retinet,
689 1703 763 1754 una
784 1705 864 1756 mea
885 1688 989 1773 pecia
1010 1687 1054 1756 do
1076 1691 1176 1756 terra
1199 1688 1291 1774 quod
1314 1690 1451 1758 retineo
1475 1688 1514 1756 in
1537 1690 1612 1775 ipse
1636 1689 1752 1777 plage,
1777 1691 1814 1756 et
1837 1691 1944 1758 havet
1966 1693 2031 1758 h'as
2055 1689 2136 1756 finis
2158 1692 2195 1757 et
2218 1708 2363 1758 mensu·

520 1857 575 1906 ra:
600 1856 624 1905 a
646 1855 732 1924 pars
755 1839 930 1908 horientis
951 1859 1013 1926 per
1035 1840 1114 1927 ipsa
1136 1840 1316 1910 vallicella
1338 1845 1423 1909 suut
1446 1842 1541 1928 passi
1566 1840 1756 1928 sexaginta
1784 1845 1903 1928 septe,
1938 1846 1974 1910 et
2003 1842 2050 1911 da
2076 1843 2196 1928 capite
2226 1842 2290 1928 qui
2313 1847 2367 1910 est

519 2009 604 2078 pars
627 1992 889 2079 septemtrion,
913 1997 996 2060 sunt
1018 1996 1115 2079 passi
1139 1993 1409 2081 quadraginta,
1444 1999 1481 2064 et
1509 1995 1555 2065 da
1578 2015 1660 2082 pars
1684 1997 1876 2066 occidentis
1900 1997 2004 2082 quasi
2030 1996 2174 2085 girante
2204 2014 2268 2084 per
2293 1997 2366 2064 fine

520 2143 633 2234 ipsius
656 2146 781 2234 allani,
806 2147 898 2234 quod
920 2150 1087 2234 paratum
1108 2147 1241 2214 retinet
1263 2147 1310 2214 da
1333 2147 1407 2214 tilio
1430 2148 1609 2234 quondam
1632 2149 1752 2216 domni
1776 2149 1897 2236 mari,
1921 2152 2004 2217 sunt
2032 2149 2126 2235 passi
2160 2149 2361 2238 nonaginta

519 2305 614 2390 opto,
639 2306 675 2371 et
696 2302 742 2372 da
764 2321 850 2389 pars
872 2302 1023 2370 meridie
1045 2305 1130 2370 sunt
1145 2302 1240 2388 passi
1257 2303 1549 2388 quadtuordecim
1566 2303 1612 2372 ad
1629 2304 1729 2372 iuxto
1744 2322 1889 2390 passum
1904 2304 2089 2371 hominum
2104 2307 2365 2389 mensuratum,

519 2456 565 2524 ad
588 2455 764 2524 securiter
788 2460 823 2524 et
844 2456 995 2523 firmiter
1018 2452 1142 2522 amodo
1165 2459 1200 2522 et
1222 2473 1361 2541 semper
1386 2455 1499 2542 ipsum
1522 2457 1703 2542 predictus
1736 2458 1878 2526 alfanus
1911 2463 1948 2525 et
1979 2459 2053 2524 suis
2082 2456 2303 2544 heredibus,
2327 2467 2365 2526 et

519 2612 618 2679 cuius
641 2631 704 2699 per
728 2611 816 2699 ipsis
839 2611 963 2680 datum
986 2611 1157 2697 paruerit,
1182 2610 1271 2678 illud
1294 2612 1513 2700 habendum,
1537 2611 1805 2698 dominandum,
1829 2610 2090 2696 possidendum,
2116 2612 2152 2677 et
2167 2609 2288 2678 omnia
2311 2609 2365 2677 la-

518 2763 683 2832 ciendum
706 2765 799 2850 quod
823 2782 945 2834 eorum
968 2763 1156 2852 placuerit.
1181 2766 1228 2832 De
1252 2783 1323 2850 qua
1345 2783 1409 2851 per
1431 2765 1692 2832 combenientia
1724 2763 1798 2849 ipse
1833 2761 2022 2830 iamdictus
2056 2761 2198 2831 alfanus
2227 2761 2365 2849 guadio

517 2916 610 2986 mihi
633 2918 811 2986 nominati
835 2917 996 2986 maraldo
1018 2918 1127 3004 dedit,
1151 2921 1187 2985 et
1208 2916 1438 2984 mediatorem
1461 2934 1499 2984 se
1522 2916 1638 3002 ipsum
1661 2915 1791 3001 posuit:
1817 2917 1854 2982 et
1876 2932 1939 3001 per
1972 2915 2086 3000 ipsam
2116 2913 2250 3000 guadia
2272 2915 2361 2981 obli-

515 3070 619 3155 gavit
642 3086 681 3136 se
703 3071 741 3137 et
765 3069 839 3136 suis
862 3068 1053 3136 heredibus
1076 3068 1200 3136 amodo
1222 3073 1259 3135 et
1286 3087 1423 3156 semper
1456 3070 1712 3138 defensandum
1745 3069 1836 3136 mihi
1869 3069 2027 3155 predicto
2061 3067 2221 3137 meraldo
2251 3072 2287 3136 et
2318 3069 2364 3137 ad

516 3221 606 3288 meis
629 3222 822 3290 heredibus
840 3268 1028 3290 .......
1052 3221 1215 3308 paruerit
1238 3226 1384 3291 cunctas
1407 3242 1470 3309 per
1494 3225 1737 3310 suprascripta
1752 3225 1854 3309 pecia
1876 3223 1920 3290 de
1945 3226 2043 3292 terra
2059 3223 2104 3291 da
2118 3224 2282 3289 omnibus
2299 3225 2360 3290 ho·

515 3371 671 3440 minibus
694 3376 741 3442 ab
763 3373 929 3460 omnique
952 3373 1128 3460 partibus,
1153 3376 1263 3442 etiarn
1285 3380 1320 3442 et
1343 3373 1389 3443 da
1412 3393 1496 3460 pars
1520 3375 1625 3444 uxori
1648 3395 1723 3443 sue.
1741 3379 1799 3461 Et,
1816 3377 1957 3463 quando
1980 3394 2045 3463 per
2068 3391 2131 3442 nos
2160 3374 2248 3460 ipsis
2280 3375 2364 3442 iude

514 3525 730 3596 voluerimus
752 3547 828 3596 esse
851 3533 1018 3616 autoreS,
1042 3528 1197 3615 qualiter
1222 3529 1450 3615 voluerimuS,
1467 3549 1547 3596 cum
1572 3531 1667 3598 omni
1692 3529 1885 3597 monimine
1919 3533 1957 3596 et
1991 3528 2129 3597 ratione
2160 3547 2251 3614 quas
2277 3528 2366 3596 inde

511 3679 729 3747 abuerimus
754 3680 852 3754 Quod
875 3680 906 3747 si
929 3680 1051 3747 taliter
1074 3680 1195 3748 omnia
1219 3683 1462 3767 suprascripta
1485 3701 1548 3766 per
1571 3681 1774 3769 supradicto
1796 3682 1946 3750 hordine
1971 3683 2045 3768 ipsc
2069 3681 2210 3749 alfanus
2226 3685 2262 3748 et
2279 3681 2359 3748 suis

512 3830 701 3898 heredibus
723 3829 810 3899 mihi
837 3831 998 3917 predicto
1022 3831 1181 3901 maraldo
1204 3832 1308 3901 etad
1331 3834 1419 3900 meis
1442 3833 1645 3920 heredibus,
1670 3839 1705 3901 et
1728 3833 1829 3902 cuius
1851 3852 1914 3919 per
1937 3851 2001 3899 nos
2029 3833 2154 3900 datum
2178 3831 2362 3918 paruerit,

513 3998 585 4051 non
609 3980 887 4069 adimpleverit,
911 3987 948 4050 et
970 3986 1153 4052 remobere
1176 4003 1239 4052 seu
1262 3989 1428 4053 contrane
1462 3982 1600 4069 aliquid
1625 3982 1707 4050 inde
1729 3982 1908 4070 voluerit,
1932 3982 2106 4069 obligavit
2130 3999 2169 4049 se
2199 3982 2275 4068 ipse
2298 3983 2364 4069 qui

512 4151 623 4220 supra
645 4133 761 4202 dictus
784 4134 927 4203 altanus
950 4139 986 4203 et
1009 4134 1084 4202 suis
1107 4134 1299 4202 heredibus
1323 4133 1369 4203 ad
1392 4131 1670 4220 componendum
1687 4133 1776 4200 mihi
1793 4133 1961 4203 iamdicto
1977 4131 2139 4202 meraldo
2156 4137 2192 4200 et
2211 4131 2258 4201 ad
2277 4133 2368 4200 meis

512 4287 716 4373 heredibus,
740 4293 776 4354 et
798 4289 901 4355 cuius
924 4289 1098 4373 scriptum
1122 4288 1191 4354 isto
1216 4289 1292 4354 vice
1316 4291 1440 4356 nostra
1463 4287 1502 4354 in
1526 4306 1637 4356 mann
1663 4289 1839 4375 paruerit,
1856 4286 2125 4375 quinquaginta
2140 4286 2269 4354 solidos
2286 4303 2371 4354 con·

512 4440 693 4508 stantinos
716 4458 779 4526 per
804 4441 919 4527 ipsam
941 4439 1077 4527 guadia
1101 4442 1137 4507 et
1160 4437 1320 4526 obligata
1343 4458 1454 4525 pena,
1481 4443 1517 4509 et
1541 4441 1663 4509 taliter
1687 4438 1834 4526 scripsit
1857 4458 1923 4526 ego
1946 4439 2097 4511 talarico
2126 4440 2305 4528 presbiter
2332 4435 2371 4508 et

511 4589 691 4676 notarius,
714 4593 834 4659 actum
858 4591 1002 4658 cilento.

557 4747 648 4830 (Duo
671 4745 805 4813 adsum
829 4745 1100 4830 subscriptiones
1124 4747 1280 4829 testium,
1304 4743 1362 4810 scd
1385 4743 1532 4810 minime
1553 4743 1705 4825 intelligi
1732 4744 1899 4827 possunt)
