5466 7106
586 508 653 610 iro
1256 538 1429 613 cooux
1463 543 1726 619 orvsvsrs

541 761 696 832 tradidit
719 762 817 834 infra
839 766 905 832 bec
928 761 1012 832 finis
1036 767 1072 832 et
1094 780 1310 833 mensuras:
1336 764 1375 834 in
1398 765 1517 856 cupite
1539 768 1583 838 de
1606 770 1664 841 via
1685 772 1750 860 qui
1772 770 1946 842 discernit
1969 775 2109 841 ucurte
2124 771 2259 842 maiore
2276 770 2395 861 illius,

537 917 599 984 ubi
623 933 696 987 nuc
718 917 933 990 residentem
958 936 1064 1007 sum,
1088 917 1172 988 inde
1196 921 1294 1008 pessi
1316 921 1471 1009 triginta
1494 925 1697 1012 quadtuor:
1721 946 1745 996 a
1767 945 1850 1014 pars
1873 924 2070 994 occidentis
2091 925 2164 994 fine
2194 945 2285 1016 sua,
2312 925 2397 996 indo

538 1067 638 1158 passi
661 1072 805 1139 centum
830 1070 963 1158 biginti
985 1089 1072 1141 sex:
1096 1091 1120 1142 a
1142 1090 1226 1160 pars
1248 1073 1398 1144 orientis
1421 1092 1486 1162 per
1509 1075 1586 1162 ipso
1608 1074 1750 1146 ballone
1774 1081 1858 1146 sunt
1879 1077 1975 1163 pessi
1998 1080 2142 1146 centum
2157 1077 2292 1165 biginti
2307 1095 2390 1148 sex:

541 1240 565 1290 u
589 1223 693 1310 purte
715 1221 865 1291 meridie
887 1221 983 1310 passi
1007 1221 1272 1312 quinquaginta
1294 1225 1376 1312 duo;
1401 1225 1476 1296 alia
1492 1227 1595 1314 pecia
1612 1225 1735 1315 ibique
1760 1229 1935 1298 coniunte
1950 1247 1973 1298 a
1987 1231 2091 1315 parte
2105 1227 2299 1298 occidentis
2314 1231 2398 1300 inde

544 1377 645 1462 passi
667 1373 824 1464 biginti:
848 1395 871 1445 e
894 1379 997 1462 parte
1020 1375 1170 1445 meridie
1193 1377 1291 1464 passi
1313 1377 1446 1465 biginti
1471 1382 1575 1448 octo:
1600 1383 1647 1450 ab
1669 1381 1806 1452 oriente
1829 1383 1926 1468 passi
1949 1381 2070 1452 decem
2085 1386 2122 1476 et
2144 1386 2249 1452 octo:
2275 1403 2298 1454 a
2318 1400 2397 1472 sep

544 1527 747 1598 temtrionis
768 1525 866 1614 passi
889 1525 1023 1612 biginti
1045 1527 1223 1614 quadtuor
1245 1546 1292 1597 ex
1314 1531 1412 1598 omni
1436 1535 1538 1616 parte
1561 1533 1633 1603 fine
1657 1533 1732 1603 alie
1754 1535 1861 1603 rebus
1883 1553 1964 1621 sua,
1988 1533 2142 1622 indeque
2165 1539 2278 1603 totum
2294 1552 2394 1604 mon·

543 1683 709 1750 seratum
731 1678 778 1750 ad
801 1679 895 1748 iusto
909 1699 1053 1768 passum
1068 1683 1266 1769 hominum,
1283 1687 1324 1752 ut
1338 1684 1462 1753 amodo
1479 1688 1516 1752 et
1530 1703 1669 1773 semper
1684 1704 1751 1774 ego
1767 1689 1803 1755 et
1817 1687 1906 1754 meis
1923 1681 2090 1754 eredib'us
2105 1689 2221 1754 totum
2237 1687 2320 1755 illut
2334 1705 2396 1755 no

544 1837 621 1901 stre
644 1835 829 1921 potestatis
853 1839 1040 1906 teneamus
1064 1841 1100 1906 et
1122 1837 1364 1927 dominemus,
1391 1843 1427 1906 et
1448 1839 1564 1906 omnis
1587 1843 1709 1908 nostre
1731 1839 1900 1910 utilitatis
1923 1841 2020 1908 iusta
2042 1840 2183 1909 ratione
2208 1839 2259 1909 ibi
2290 1841 2400 1910 facia·

539 2007 644 2078 mus,
668 1994 705 2060 et
729 1989 827 2060 intus
850 1991 930 2080 ipsa
953 1995 1060 2062 rebus
1084 1993 1285 2082 alipergum
1308 1994 1509 2082 faciamus,
1533 1999 1569 2064 et
1592 1995 1724 2064 ibidem
1753 1995 1972 2065 resideamus
2002 2014 2092 2083 nos,
2115 2013 2179 2064 seu
2214 1995 2395 2066 bominem

542 2141 637 2230 quod
661 2142 794 2214 ibidem
819 2145 865 2214 ad
888 2144 1117 2215 residendum
1140 2145 1196 2214 vel
1220 2145 1525 2216 adlaborandum
1546 2149 1690 2242 mittere
1712 2150 1954 2238 boluerimus,
1981 2151 2019 2218 et
2040 2151 2156 2218 totum
2179 2148 2263 2218 illut
2282 2151 2401 2236 paste-

540 2312 668 2366 nemus
696 2301 841 2368 arbores
863 2301 900 2368 et
921 2298 1012 2369 vites
1035 2269 1192 2369 debono
1216 2299 1364 2389 ritineo,
1388 2301 1481 2370 sicut
1503 2305 1540 2370 et
1563 2303 1734 2390 quomodo
1757 2301 1944 2390 meruerit,
1969 2306 2004 2371 et
2026 2302 2215 2372 salicetum
2237 2307 2401 2390 pustene

542 2469 622 2520 mus
645 2470 708 2538 per
731 2453 813 2540 ipsu
835 2453 976 2524 ballone
1000 2459 1037 2523 et
1059 2473 1191 2542 poma,
1224 2457 1285 2523 ubi
1309 2456 1506 2543 meruerit,
1544 2456 1642 2525 inira
1664 2456 1746 2525 illut
1766 2461 2006 2544 pastenemus,
2030 2459 2067 2524 et
2089 2456 2183 2526 unde
2206 2458 2396 2546 meruerit,

544 2600 669 2670 amodo
690 2602 774 2672 illut
796 2604 1007 2694 cludamus,
1030 2611 1067 2675 et
1090 2625 1229 2704 semper
1253 2605 1335 2675 illut
1357 2607 1494 2675 clusum
1518 2608 1713 2695 abeamus,
1748 2612 1784 2676 et
1813 2611 1925 2676 totum
1949 2607 2031 2677 illut
2054 2607 2263 2685 cludamus,
2289 2612 2330 2678 ut
2352 2607 2400 2680 ad

543 2756 699 2843 conpleti
723 2756 907 2826 duodecim
930 2757 1032 2846 enni,
1055 2763 1095 2827 ut
1117 2760 1242 2828 amodo
1264 2778 1302 2828 se
1326 2761 1531 2847 compleant,
1555 2762 1726 2830 abeamus
1749 2760 1831 2829 illut
1852 2763 1966 2829 totum
1989 2763 2130 2829 surium
2152 2765 2189 2829 et
2213 2765 2399 2848 operatum

544 2913 580 2978 et
602 2910 801 3000 cultatum,
834 2909 930 2982 sicut
952 2914 996 2982 de
1019 2917 1140 2984 tantos
1163 2931 1277 2984 annos
1301 2918 1337 2986 et
1360 2914 1458 2983 locus
1482 2913 1559 3002 ipse
1581 2915 1780 3001 meruerit,
1808 2919 1846 2981 ut
1869 2915 2000 2981 bonum
2021 2919 2148 3000 pareat
2172 2918 2337 3004 surtum,
2362 2919 2400 2986 et

542 3069 731 3152 operatum
755 3075 792 3137 et
815 3068 1004 3155 cultatum,
1028 3072 1064 3137 et
1086 3068 1126 3136 in
1150 3072 1259 3138 antea
1280 3086 1344 3155 por
1368 3068 1484 3136 omnis
1500 3085 1636 3137 annum
1653 3072 1737 3156 apto
1752 3072 1910 3156 tempore
1926 3067 2008 3137 illul
2032 3073 2193 3156 potemus
2216 3073 2252 3138 et
2274 3087 2401 3158 propa-

547 3218 742 3306 ginemus,
766 3225 802 3288 et
824 3219 876 3288 sic
899 3219 981 3288 illut
1005 3220 1204 3290 laboremus
1226 3223 1342 3288 totum
1364 3219 1408 3289 de
1431 3237 1537 3308 super
1561 3225 1597 3290 et
1619 3220 1663 3289 de
1685 3224 1837 3308 suptus,
1862 3219 1956 3288 sicut
1978 3221 2174 3306 meruerit,
2209 3225 2249 3288 ut
2272 3221 2404 3289 bonum

547 3375 679 3456 pareat
702 3371 908 3442 laboratum
931 3376 967 3440 et
990 3371 1168 3442 cultatum
1183 3375 1231 3480 et,
1247 3372 1308 3440 ubi
1324 3373 1510 3460 meruerit,
1526 3375 1640 3461 clusu;
1657 3379 1692 3443 et
1707 3375 1831 3444 amodo
1848 3379 1883 3443 et
1897 3341 2038 3461 semper
2055 3393 2118 3461 per
2134 3374 2249 3442 omnis
2266 3391 2402 3445 annum

545 3539 609 3608 per
633 3528 790 3610 tempore
808 3525 852 3592 de
868 3523 1045 3593 vindemie
1061 3523 1234 3592 faciamus
1250 3523 1352 3592 illum
1370 3525 1476 3614 scire,
1501 3532 1542 3595 ut
1566 3527 1616 3594 ibi
1631 3527 1782 3597 bonient
1797 3531 1861 3596 aut
1876 3527 2039 3615 dirigant
2052 3527 2200 3595 missum
2223 3545 2343 3614 suum,
2368 3533 2405 3596 et

549 3697 614 3746 nos
636 3682 711 3748 tota
735 3681 814 3766 ipsa
836 3679 1015 3749 vindemia
1039 3683 1123 3767 apto
1145 3683 1302 3766 tempore
1323 3680 1580 3750 vindemiemus
1595 3682 1691 3752 etad
1706 3681 1926 3769 pulmentum
1942 3699 2173 3768 procuremus
2189 3681 2325 3768 ibique,
2341 3681 2402 3748 ubi

554 3849 618 3900 nos
635 3833 827 3918 evitemus
843 3839 879 3902 et
895 3835 1071 3921 quantum
1086 3832 1208 3901 vinum
1225 3834 1308 3902 inde
1323 3833 1469 3918 exierit,
1494 3851 1558 3920 per
1574 3833 1802 3903 medietatem
1824 3833 1914 3902 illud
1938 3832 2059 3921 ibique
2082 3833 2297 3903 dividemus:
2323 3833 2401 3902 illo·

546 4003 626 4052 rum
651 3984 775 4053 demus
798 3985 879 4055 illut
901 3985 1140 4074 medietatem,
1156 3991 1192 4056 ot
1209 3987 1311 4054 nobis
1334 3985 1416 4054 illut
1431 3987 1603 4055 abeamus
1618 3984 1856 4070 medietatem3
1873 4001 1977 4070 poma
1991 3987 2054 4070 qui
2072 3985 2123 4054 ibi
2139 3986 2322 4072 abuerint,
2339 4004 2402 4074 per

546 4135 710 4222 quicquit
725 4135 884 4223 frugium
900 4153 964 4223 per
979 4139 1136 4222 tempore
1160 4136 1243 4203 illut
1265 4135 1488 4224 colligamus,
1505 4141 1541 4204 et
1557 4093 1785 4206 medietatem
1799 4137 1882 4204 illut
1898 4138 1951 4204 eis
1967 4137 2103 4224 demus,
2120 4141 2156 4206 et
2172 4137 2396 4206 medietatem

548 4287 631 4356 illut
646 4287 750 4356 nobis
764 4289 949 4374 abeamus
967 4288 1020 4357 ita
1035 4291 1076 4356 ut
1089 4287 1132 4356 de
1149 4290 1261 4356 totum
1284 4307 1373 4357 cura
1395 4293 1432 4357 et
1455 4289 1665 4378 vigilatione
1688 4293 1858 4360 abeamus
1880 4294 1916 4359 et
1939 4291 2080 4360 salbum
2104 4291 2185 4360 illut
2208 4290 2397 4376 iaciamus,

549 4442 585 4507 et
601 4438 818 4508 dividiamus
833 4437 913 4526 ipsa
928 4439 1065 4526 frugis,
1081 4443 1122 4507 ut
1136 4439 1334 4525 predictum
1351 4445 1418 4528 est3
1435 4443 1560 4512 subtus
1577 4443 1655 4532 ipsa
1679 4445 1785 4512 rebus
1809 4461 1952 4514 aremus
1974 4463 2038 4531 per
2061 4447 2217 4530 tempore
2240 4447 2277 4511 et
2299 4444 2403 4513 semi·

553 4607 680 4660 nemus
703 4606 767 4677 per
790 4591 905 4660 omnis
929 4609 1065 4660 annum
1089 4595 1171 4678 apto
1194 4597 1367 4680 tempore,
1392 4594 1498 4680 quale
1521 4597 1679 4662 semente
1702 4594 1885 4683 meruerit,
1910 4599 1945 4664 et
1966 4593 2161 4663 studiemus
2186 4594 2255 4681 ipsi
2278 4594 2407 4681 labori,

551 4743 645 4812 sicut
659 4745 848 4832 meruerit,
866 4747 902 4812 et
918 4761 1147 4831 procuremus
1165 4743 1285 4832 ibique
1299 4744 1345 4814 ad
1361 4763 1448 4816 aree
1464 4750 1500 4815 et
1515 4746 1689 4815 faciamus
1706 4747 1822 4834 ipsum
1839 4764 1954 4815 comes
1977 4746 2030 4816 vel
2048 4749 2126 4815 eius
2149 4746 2271 4816 eredes
2295 4747 2406 4833 scire,

551 4903 592 4968 ut
615 4899 667 4967 ibi
692 4899 842 4968 beniant
865 4903 929 4968 aut
951 4898 1115 4987 dirigant
1137 4899 1284 4967 missum
1307 4917 1425 4987 suum,
1444 4902 1479 4968 et
1493 4915 1557 4965 nos
1573 4899 1641 4967 toti
1658 4897 1771 4968 labori
1793 4897 1863 4986 ipsi
1876 4897 2080 4968 tritulemus
2094 4903 2177 4986 apto
2193 4901 2350 4987 tempore
2366 4907 2403 4970 et

550 5051 627 5136 ipso
658 5051 795 5119 victum
826 5051 1039 5140 concicmus,
1062 5053 1155 5120 siout
1177 5051 1361 5138 meruerit,
1386 5053 1422 5119 et
1445 5052 1620 5138 quantum
1642 5049 1775 5118 victum
1799 5049 1882 5117 inde
1905 5048 2049 5136 exierit,
2074 5051 2114 5116 iu
2139 5051 2249 5120 tertia
2264 5055 2404 5138 partem

552 5203 637 5272 illut
659 5202 873 5274 dividemus:
899 5205 945 5274 ad
968 5203 1041 5273 illis
1064 5203 1117 5275 vel
1143 5207 1190 5276 ad
1213 5203 1356 5271 illorum
1379 5203 1525 5272 missum
1547 5203 1670 5272 demus
1695 5203 1778 5272 inde
1793 5203 1914 5290 ibique
1932 5203 2058 5272 inclita
2074 5203 2219 5274 tertiam
2234 5209 2355 5294 purte,
2371 5215 2409 5276 et

552 5357 654 5424 nobis
672 5355 755 5426 inde
771 5357 1081 5428 abeamusinclite
1096 5357 1164 5426 due
1187 5359 1307 5442 sortis,
1331 5355 1533 5425 laciendum
1557 5356 1651 5442 quod
1674 5353 1904 5442 boluerimus;
1921 5355 1993 5424 illis
2008 5359 2084 5424 sive
2099 5357 2247 5425 missum
2263 5355 2407 5424 illorum

552 5511 663 5578 donec
687 5530 750 5598 per
774 5531 909 5582 annum
931 5530 994 5581 suo
1016 5515 1174 5600 tempore
1198 5528 1262 5597 pro
1286 5508 1364 5596 ipsa
1388 5508 1508 5596 frugis
1532 5507 1778 5596 recipiendum
1801 5507 1933 5578 ibidem
1956 5510 2150 5600 steterint,
2174 5528 2238 5578 nos
2261 5527 2321 5580 eos
2345 5528 2417 5586 no<
2452 5547 2455 5551 ·

550 5662 705 5730 triamus
733 5662 935 5731 secundum
969 5666 1091 5731 nostra
1125 5659 1358 5748 possivilitato
1388 5663 1424 5729 et
1446 5660 1708 5748 palmeutateca
1731 5681 1794 5750 per
1817 5679 1953 5730 annum
1977 5662 2029 5732 eis
2052 5663 2208 5749 demus,
2232 5663 2328 5732 sicut
2350 5671 2405 5734 est

551 5805 783 5901 cousuetudo,
808 5811 887 5882 hita
909 5815 944 5880 et
968 5811 1159 5898 adsingent
1182 5810 1284 5880 nobis
1307 5829 1464 5902 organee
1487 5813 1533 5883 ds
1558 5813 1682 5881 vinum
1705 5813 1839 5904 ibique,
1863 5819 1899 5894 et
1922 5833 1986 5884 nos
2002 5835 2065 5905 per
2090 5833 2240 5905 anuum,
2263 5817 2409 5904 quando
