5466 7106
601 522 669 594 lus
1256 523 1430 598 cobux
1463 522 1729 597 CAVENSIS

550 751 637 822 data
660 771 682 824 a
704 769 788 840 pars
811 755 938 841 quarte
960 753 1066 823 uxori
1089 757 1225 841 nostre,
1248 771 1357 841 qnam
1380 755 1417 822 et
1432 749 1479 820 da
1494 747 1716 820 mundoaldis
1731 766 1870 838 earum,
1894 766 1958 818 seu
1973 753 2009 818 et
2025 747 2071 820 da
2087 765 2209 820 omues
2224 752 2404 820 consortes

552 909 693 977 nostros
716 911 752 977 et
774 906 821 978 da
844 924 965 977 omnes
987 907 1123 974 omines
1140 904 1309 993 omnique
1323 905 1499 994 partibus3
1515 903 1572 974 sin
1588 908 1710 975 autom
1725 903 1949 975 noluerimus
1965 902 2064 974 vobis
2079 903 2268 974 defendere
2285 903 2408 976 omnia

555 1078 625 1148 que
649 1059 815 1148 superius
838 1060 983 1150 legitur,
1009 1059 1061 1128 sic
1084 1058 1284 1148 obligamus
1307 1075 1372 1126 nos
1394 1061 1431 1128 et
1452 1059 1587 1128 nostris
1608 1057 1800 1127 heredibus
1825 1059 1864 1127 at
1887 1055 2168 1144 componendum
2190 1059 2291 1127 vobis
2313 1062 2349 1128 et
2364 1063 2403 1129 at

554 1211 686 1284 vestris
708 1211 902 1282 heredibus
925 1211 1059 1300 biginti
1083 1209 1186 1278 solidi
1210 1210 1311 1280 aurei
1336 1210 1586 1300 constantini,
1619 1213 1655 1281 et
1677 1228 1741 1297 per
1765 1208 1891 1280 inbitis
1925 1228 1988 1279 nos
2023 1211 2123 1279 vobis
2153 1211 2404 1299 adimpleamus

552 1363 675 1436 omnia
697 1382 766 1451 que
790 1361 955 1450 superius
978 1361 1141 1451 legitur,
1173 1365 1209 1432 et
1232 1361 1375 1432 cartula
1397 1365 1517 1431 nostre
1540 1360 1760 1431 banditionis
1784 1363 1824 1431 in
1851 1362 2096 1452 suprascripta
2127 1363 2268 1436 ratione
2299 1364 2404 1438 drma

551 1499 774 1606 permaneat.
800 1537 905 1606 quam
930 1520 966 1586 te
989 1520 1112 1606 potrus
1135 1513 1288 1585 clericus
1310 1519 1418 1602 atque
1441 1475 1605 1586 notarius
1634 1519 1791 1587 scribere
1822 1501 2027 1606 rogabimus
2062 1521 2163 1589 intus
2198 1519 2411 1606 supradicta

556 1671 713 1742 cibitate.

602 1797 634 1914 †
659 1827 734 1913 Ego
758 1823 979 1914 sigismundo
1002 1825 1174 1896 diaconus

597 1950 628 2068 †
653 1979 729 2068 Ego
753 1979 847 2050 aimo
871 1979 1055 2050 diaconus.

1279 2202 1685 2211 ———-—-—-——-—-——-

1261 2463 1697 2551 DCGLXXXIX·

1335 2732 1390 2808 A.
1419 2729 1468 2808 D.
1497 2728 1625 2810 1027.

597 2971 633 3112 †
656 3025 697 3093 ln
720 3025 862 3092 nomine
885 3022 1020 3092 dourini
1045 3023 1223 3092 tricesimo
1246 3024 1396 3092 hoctabo
1419 3041 1514 3091 anuo
1537 3023 1761 3112 principatus
1784 3023 1903 3092 domni
1917 3023 2031 3092 nostri
2048 3021 2297 3134 guaimari,et
2312 3039 2409 3092 nono

553 3193 650 3246 anno
673 3175 791 3244 domni
816 3176 997 3264 guaimari
1022 3177 1099 3244 eius
1123 3176 1210 3264 filio,
1234 3177 1380 3264 gloriosi
1404 3175 1642 3264 principibus,
1665 3193 1786 3244 mense
1809 3173 2010 3261 ianuarius,
2031 3174 2170 3246 decima
2193 3175 2407 3246 indictione.

553 3329 845 3398 Memoratorium
871 3331 968 3399 lactu
992 3349 1014 3399 a
1037 3331 1139 3399 nobis
1162 3329 1311 3399 adelferi
1335 3334 1371 3397 et
1394 3329 1550 3416 guaiferi
1575 3331 1758 3417 germanis
1782 3328 1897 3416 adque
1920 3327 2112 3398 comitibus
2134 3329 2201 3398 illii
2225 3330 2405 3417 quondam

553 3480 706 3569 risendi,
732 3501 772 3550 eo
795 3482 887 3569 quod
911 3485 994 3552 ante
1019 3482 1201 3569 presentia
1223 3500 1344 3570 ragom
1349 3481 1476 3568 prandi
1501 3482 1613 3551 iudici
1636 3487 1671 3552 et
1686 3482 1769 3552 aliis
1788 3483 1980 3571 subscripti
1996 3487 2103 3553 testes
2119 3503 2183 3572 per
2198 3487 2292 3556 bona
2307 3503 2405 3554 com·

557 3635 740 3705 bententia
772 3635 817 3704 ad
847 3635 1039 3704 tenendum
1070 3639 1106 3704 et
1129 3634 1364 3704 laborandum
1399 3636 1614 3705 tradidimus
1647 3636 1797 3708 iohanni
1828 3637 1902 3709 filio
1934 3641 2112 3727 quondam
2134 3642 2227 3728 petri
2251 3638 2313 3728 qui
2337 3642 2406 3712 luit

560 3793 807 3898 benebentano
830 3789 957 3858 inclita
980 3791 1079 3858 terra
1103 3808 1184 3857 cum
1208 3789 1328 3876 binea,
1353 3790 1445 3877 quod
1469 3791 1615 3859 abemus
1638 3790 1676 3858 in
1700 3791 1816 3859 locum
1839 3792 1972 3862 uliaria
1993 3793 2125 3861 linibus
2148 3791 2399 3879 salernitane,

561 3946 653 4033 quod
678 3944 780 4014 nobis
803 3948 856 4012 est
878 3943 1115 4031 pertinentem
1140 3945 1247 4012 abere
1271 3963 1293 4012 a
1315 3962 1398 4030 pars
1418 3941 1530 4031 ipsius
1553 3943 1693 4012 risaudi
1708 3943 1908 4031 genitorem
1924 3946 2098 4032 nostrum,
2115 3949 2152 4014 et
2167 3943 2242 4031 ipse
2259 3940 2405 4014 risando

559 4098 619 4186 qui
638 4098 708 4166 luit
724 4095 922 4184 genitorem
937 4098 1099 4162 nostrum
1113 4092 1195 4161 illut
1212 4097 1376 4180 paratum
1399 4095 1500 4164 abuit
1523 4115 1546 4164 a
1568 4114 1651 4182 pars
1675 4095 1948 4184 archiepiscopii
1972 4095 2186 4166 salernitani
2210 4101 2247 4166 et
2271 4117 2293 4166 a
2317 4115 2402 4184 pars

557 4251 702 4326 landoni
728 4250 849 4320 comiti
872 4248 939 4318 filii
962 4250 1068 4334 (deest
1092 4251 1245 4335 suamab
1270 4247 1360 4336 ide0,
1378 4248 1471 4318 sicut
1492 4248 1627 4318 dictum
1650 4253 1716 4338 est,
1735 4252 1876 4320 tantum
1900 4251 2031 4321 exinde
2047 4269 2110 4318 nos
2125 4251 2240 4339 ipsius
2256 4253 2407 4321 iohanni

554 4405 782 4492 tradidimus,
806 4406 981 4492 quantum
1005 4404 1058 4470 est
1081 4401 1159 4488 ipsa
1180 4403 1279 4470 terra
1302 4419 1382 4469 cum
1406 4401 1536 4488 birca,
1560 4401 1715 4489 qualiter
1737 4403 1802 4472 illa
1825 4404 2059 4490 usquemodo
2082 4404 2129 4474 da
2152 4420 2216 4471 nos
2256 4404 2412 4473 retinuit

554 4563 679 4634 bonizo
707 4581 787 4630 cum
811 4561 878 4630 filii
901 4557 957 4628 sui
981 4556 1303 4646 adlaborandum,
1328 4555 1379 4625 sic
1403 4557 1501 4628 illam
1525 4574 1589 4627 nos
1612 4557 1723 4648 ipsius
1746 4559 1895 4628 iohanni
1919 4557 2132 4628 tradidimus
2155 4559 2195 4628 in
2218 4559 2285 4630 tali
2308 4558 2408 4628 ordi-

554 4739 613 4809 ne,
631 4723 671 4788 ut
695 4716 818 4788 amodo
842 4719 878 4786 et
902 4715 997 4783 omui
1020 4719 1176 4802 tempore
1199 4716 1303 4782 natos
1325 4717 1494 4783 nascente
1517 4712 1562 4783 ad
1585 4731 1687 4783 suam
1710 4715 1746 4780 et
1768 4711 1811 4781 de
1833 4713 1908 4780 suis
1931 4711 2096 4782 eredibus
2120 4712 2194 4781 sint
2218 4712 2409 4799 potestatis

556 4876 636 4965 ipsa
657 4879 757 4944 terra
780 4892 862 4941 cum
885 4871 992 4942 binea
1014 4871 1159 4940 tenendi
1184 4874 1220 4939 et
1241 4867 1459 4956 dominandi,
1488 4871 1525 4936 et
1548 4867 1647 4936 sobee
1669 4870 1706 4936 et
1728 4868 1844 4935 omnis
1868 4865 2008 4934 illorum
2032 4863 2204 4936 utilitatis
2228 4868 2324 4936 iusta
2348 4885 2407 4936 ra·

555 5030 656 5098 tione
679 5027 810 5097 ibidem
833 5027 974 5112 lacere,
998 5027 1035 5093 et
1057 5022 1188 5094 ibidem
1211 5021 1368 5091 residere
1391 5024 1427 5090 et
1450 5020 1608 5107 abitare,
1631 5023 1668 5090 et
1691 5039 1754 5107 per
1777 5019 1892 5086 omnis
1915 5036 2053 5088 annum
2079 5021 2157 5108 ipsa
2181 5019 2288 5090 binea
2312 5019 2403 5090 scal·

560 5181 674 5266 oiare,
699 5179 953 5268 propaginare,
977 5179 1014 5244 et
1030 5178 1204 5262 quantum
1227 5175 1380 5244 baouum
1395 5173 1493 5243 infra
1509 5171 1588 5261 ipsa
1603 5171 1710 5244 biuea
1725 5177 1792 5260 est,
1810 5172 1910 5241 illum
1924 5177 2117 5262 pasteuare
2132 5175 2240 5246 biuea
2255 5175 2299 5244 de
2316 5176 2411 5244 bono

558 5333 711 5420 bitiueo,
728 5335 764 5403 et
779 5350 842 5420 por
866 5330 981 5397 omnis
1005 5346 1142 5398 annum
1165 5329 1244 5414 ipsa
1267 5327 1374 5396 binea
1397 5330 1519 5414 potare
1540 5329 1577 5395 et
1600 5324 1763 5413 inpalare
1784 5329 1821 5394 et
1846 5373 2076 5396 .......
2101 5329 2195 5398 bona
2218 5331 2255 5398 et
2276 5347 2406 5417 zappa-

558 5505 610 5574 re,
636 5489 672 5556 et
695 5485 746 5554 sic
771 5483 870 5554 illam
892 5482 1058 5551 laborare
1081 5498 1145 5566 per
1168 5477 1282 5546 omnis
1305 5493 1454 5564 annum,
1478 5481 1519 5545 ut
1543 5479 1634 5548 bona
1657 5479 1791 5567 paread
1814 5479 1979 5550 laborata
2002 5484 2039 5550 et
2062 5481 2211 5570 cultata,
2237 5486 2278 5550 ut
2300 5482 2409 5570 proil-

559 5641 661 5711 ciant
684 5644 721 5710 et
744 5657 816 5708 uon
839 5636 1057 5724 dispereant,
1082 5637 1129 5720 et,
1147 5630 1207 5698 ubi
1223 5630 1408 5718 meruerit,
1433 5632 1511 5718 ipsa
1533 5631 1641 5701 binea
1663 5630 1806 5702 cludere
1825 5635 1862 5702 et
1877 5651 2014 5722 semper
2038 5632 2139 5704 illam
2162 5633 2297 5704 clusam
2320 5635 2406 5706 abe·

560 5811 615 5882 re3
648 5796 684 5862 et
705 5810 769 5880 per
792 5794 949 5878 tempore
971 5787 1014 5856 de
1039 5784 1217 5854 bindemie
1241 5781 1377 5854 faciant
1398 5770 1462 5850 nos
1484 5781 1644 5870 iamdicti
1668 5783 1833 5871 germani
1856 5783 1912 5854 vel
1933 5785 2066 5856 nostris
2089 5785 2253 5857 eredibus
2274 5783 2409 5856 exinde
