5422 7102
994 556 1444 630 nlrlollnllcus
2030 564 2100 635 2³13

299 776 517 848 venumdare
533 782 629 870 sergi
647 786 843 868 presbitero
859 786 933 854 filio
948 785 1125 873 quondam
1141 785 1299 872 gregorii
1317 785 1360 852 dc
1376 785 1572 872 marciano,
1590 784 1652 870 qui
1670 785 1736 852 luit
1751 784 1898 854 natibus
1913 785 1957 853 de
1969 792 2148 874 surrento,

300 936 336 1000 ct
358 932 459 1000 modo
483 936 538 1002 est
561 934 725 1004 abitante
748 937 786 1003 in
810 937 955 1008 civitate
980 937 1114 1025 amalfi,
1137 942 1185 1024 et,
1210 942 1250 1004 ut
1267 935 1420 1025 pleniter
1438 938 1533 1004 iusta
1551 936 1663 1024 legem
1689 935 1770 1004 illut
1785 937 1914 1023 perfice
1930 941 2146 1029 peteremus,

299 1083 447 1152 fecimus
473 1084 556 1153 inde
580 1088 747 1157 notitiam
771 1088 816 1158 ad
840 1092 913 1156 tres
936 1089 1208 1176 propinquiores
1232 1103 1325 1155 meos
1349 1089 1530 1172 perculsa,
1549 1089 1585 1152 et
1602 1103 1675 1152 una
1700 1103 1780 1150 cum
1804 1085 1891 1172 ipsis
1907 1071 2002 1154 meis
2020 1107 2151 1174 paren-

299 1236 406 1324 tibus,
431 1239 467 1305 et
489 1257 569 1305 cum
593 1239 669 1324 ipso
693 1239 771 1318 viro
793 1257 906 1326 meuS,
925 1243 1059 1308 etcum
1082 1239 1196 1325 ipsum
1222 1239 1317 1324 sergi
1342 1239 1518 1323 presbiter
1543 1237 1767 1322 perreximus
1792 1255 1911 1306 coram
1928 1241 2146 1325 presentiam

302 1386 489 1473 grimoaldi
515 1387 635 1455 comiti
662 1391 699 1456 et
722 1388 845 1476 iudici,
871 1393 906 1458 et
929 1389 1004 1475 ipse
1026 1407 1141 1456 comes
1164 1392 1200 1456 et
1223 1387 1330 1456 iudex
1354 1387 1547 1454 secundum
1571 1386 1782 1454 mandatum
1799 1384 1888 1472 legis
1910 1405 1965 1454 me
1982 1388 2143 1474 predicta

301 1538 492 1626 grisclaita
515 1541 755 1654 interrogan
778 1545 813 1608 ct
837 1539 1038 1626 inquisivit,
1062 1558 1106 1606 ne
1130 1541 1219 1606 sorte
1242 1537 1364 1624 aliqua
1395 1537 1602 1605 violentiam
1632 1541 1724 1605 esset
1750 1537 1981 1623 partibulam.
2007 1540 2047 1604 ln
2071 1539 2150 1605 eius

218 1731 226 1744 ·
299 1695 519 1778 presentiam
542 1698 578 1761 ct
602 1695 651 1761 im
675 1693 887 1779 presentiam
911 1693 956 1760 de
981 1695 1068 1778 ipsis
1092 1696 1181 1761 meis
1203 1695 1411 1780 parentibus
1428 1693 1615 1762 manifesta
1630 1712 1708 1760 sum
1727 1692 1863 1762 nullam
1887 1699 2046 1780 patorem
2071 1698 2151 1762 vio-

305 1846 481 1934 lentiam,
510 1851 564 1916 set
587 1847 779 1915 volumtate
802 1867 881 1915 mea
905 1853 995 1915 esset
1021 1849 1098 1933 ipsa
1121 1853 1252 1934 quarta
1275 1867 1353 1914 mea
1378 1848 1420 1914 de
1446 1846 1521 1932 ipsa
1545 1846 1647 1932 pecia
1670 1845 1713 1914 de
1738 1850 1836 1916 terra
1860 1848 2148 1916 venumdandum

299 1999 407 2068 etiam
433 2018 499 2086 pro
522 2000 733 2071 stabilitatis
756 2019 900 2070 causam
927 2001 999 2086 ipse
1024 1999 1131 2066 iudex
1156 2001 1193 2066 in
1218 2017 1286 2066 anc
1309 1997 1485 2066 cartulam
1509 1999 1583 2064 suis
1607 1998 1772 2064 manibus
1801 1999 1919 2084 posuit
1947 2004 1984 2068 et
2015 2002 2151 2068 miran-

302 2150 367 2218 dus
391 2151 554 2220 notarius
576 2171 639 2238 per
664 2151 827 2220 notitiam
851 2151 962 2236 ipsius
986 2149 1095 2217 iudici
1124 2151 1217 2236 cepit
1240 2167 1308 2218 anc
1332 2147 1510 2217 cartulam
1533 2148 1703 2234 scribere,
1724 2153 1764 2216 ut
1788 2151 1924 2234 absque
1948 2151 2149 2219 damnatio-

300 2321 380 2371 nem
404 2303 496 2391 legis
519 2321 666 2370 securus
689 2302 772 2370 inde
795 2307 967 2370 maneret.
992 2303 1067 2377 Quo
1091 2303 1144 2370 ita
1166 2303 1325 2387 sactum,
1360 2305 1446 2369 tunc
1471 2319 1534 2368 nos
1558 2302 1738 2369 nominati
1764 2302 1963 2370 madelmus
1986 2308 2022 2370 ct
2044 2303 2156 2391 grise-

299 2458 400 2546 laita,
425 2458 542 2526 viret
566 2477 671 2544 uxor,
697 2457 791 2524 sicut
813 2457 914 2523 nobis
938 2474 1136 2543 congruum
1160 2460 1214 2522 cst
1241 2456 1332 2522 bona
1363 2455 1486 2520 nostra
1517 2450 1745 2519 volumtatem
1777 2471 1840 2538 per
1872 2473 1940 2522 ano
1970 2453 2146 2522 cartulam

301 2617 385 2680 ante
408 2612 622 2698 presentiam
647 2611 760 2696 ipsius
783 2609 974 2698 grimoaldi
998 2608 1119 2675 comiti
1143 2611 1178 2674 et
1202 2605 1309 2672 iudici
1335 2603 1627 2672 venumdedimus
1652 2602 1717 2668 tivi
1754 2602 1903 2687 predicti
1936 2603 2033 2691 sergi
2066 2625 2148 2691 pre-

303 2765 435 2831 sbitero
458 2768 535 2832 tota
558 2771 595 2832 et
618 2763 744 2832 inclita
765 2764 844 2850 ipsa
866 2761 968 2848 pecia
990 2761 1032 2827 de
1055 2765 1155 2827 terra
1178 2777 1258 2825 cnm
1282 2757 1403 2842 vinea,
1427 2760 1463 2823 et
1486 2755 1706 2840 cannietnm,
1731 2759 1766 2822 et
1784 2755 1938 2822 bacuum
1955 2776 2035 2823 cum
2067 2758 2143 2825 suis

296 2918 485 2986 arboribus
509 2934 580 2983 uuo
602 2915 795 2983 lenientem
819 2933 882 3000 per
906 2913 1094 2981 iamdictas
1118 2911 1205 2976 fines
1230 2913 1266 2976 et
1289 2925 1473 2976 mensurus
1497 2927 1576 2974 cum
1600 2926 1673 2974 nna
1697 2907 1828 2975 casella
1854 2911 1915 2993 qui
1943 2909 1993 2976 ibi
2025 2915 2095 2996 est,
2119 2921 2155 2981 ct

299 3089 379 3138 cum
403 3070 523 3138 omnia
547 3069 642 3136 insra
666 3087 704 3136 se
727 3066 917 3137 abentibus
941 3066 1175 3150 omnibusque
1199 3064 1273 3130 suis
1297 3063 1525 3147 pertinentiis
1549 3066 1585 3128 ct
1609 3081 1689 3128 cum
1713 3063 1789 3129 vice
1816 3063 1857 3130 de
1875 3061 2051 3150 predictis
2070 3065 2157 3134 biis,

298 3223 352 3290 nd
379 3224 551 3291 securiter
574 3226 610 3289 ct
633 3222 783 3288 firmiter
807 3219 931 3288 amodo
954 3224 990 3285 et
1012 3237 1149 3303 sempor
1174 3221 1213 3284 tu
1240 3217 1429 3284 iamdictus
1454 3216 1549 3303 sergi
1575 3215 1749 3302 presbiter
1782 3219 1819 3283 et
1850 3214 1923 3282 tuis
1961 3217 2132 3284 enodibus
2146 3268 2155 3302 ,

297 3394 362 3444 seu
387 3377 444 3442 cui
469 3395 531 3462 per
555 3380 590 3443 te
614 3375 737 3443 dutum
760 3375 950 3460 paruerit,
975 3391 1037 3440 seu
1063 3372 1121 3438 cui
1146 3369 1287 3438 cartula
1311 3369 1382 3436 ista
1408 3369 1445 3434 in
1470 3386 1616 3436 manum
1648 3368 1825 3454 paruerit,
1858 3368 1940 3436 illut
1964 3369 2150 3456 integrum

297 3530 489 3616 abcndnm,
514 3527 783 3614 dominandum,
807 3525 1070 3612 possidendum,
1094 3525 1214 3590 omnia
1237 3522 1365 3590 exinde
1392 3521 1592 3589 laciendum
1615 3522 1706 3606 quod
1730 3522 1924 3590 volueritis.
1961 3524 2060 3591 Unde
2092 3545 2156 3610 pro

297 3681 579 3750 confirmandam
601 3685 637 3747 et
662 3678 948 3748 stabiliscendam
972 3694 1040 3743 ano
1066 3679 1226 3742 nostram
1251 3675 1484 3742 vinditionem
1507 3695 1529 3742 a
1553 3677 1731 3759 presentis
1755 3675 1953 3761 recepimus
1979 3682 2054 3745 ate
2081 3683 2154 3747 sta·

297 3839 415 3903 tutum
438 3835 616 3922 pretium,
644 3833 655 3898 i
681 3838 766 3900 sunt
790 3831 869 3900 auri
896 3831 998 3898 solidi
1024 3830 1066 3897 de
1091 3829 1163 3896 tari
1189 3829 1344 3916 triginta
1367 3828 1435 3894 duo
1458 3847 1529 3896 ana
1554 3827 1730 3913 quadtuor
1755 3832 1837 3896 auri
1862 3833 1933 3898 tari
1970 3832 2053 3898 boni
2090 3850 2154 3916 per

299 3987 454 4074 solidos,
478 3985 572 4053 sicut
595 3985 692 4052 inter
716 4001 779 4050 nos
803 3981 970 4049 conbenit
994 3981 1033 4046 in
1056 3979 1171 4047 omnis
1200 3979 1502 4049 deliverationem.
1529 3983 1576 4048 De
1600 3999 1680 4068 qua¹
1695 3999 1758 4048 nos
1782 3981 1931 4067 predicti
1956 3982 2152 4051 madelmus

298 4147 334 4209 et
356 4138 557 4227 griselaita,
575 4138 631 4204 vir
655 4146 691 4205 et
718 4155 822 4223 uxor,
847 4153 1021 4203 conmunc
1045 4151 1253 4200 consensum
1277 4137 1313 4200 et
1337 4133 1582 4219 volumtatem,
1606 4153 1713 4218 quarn
1737 4137 1773 4201 et
1789 4153 1851 4219 per
1868 4135 2153 4202 conbenicntiam

298 4293 433 4379 guadia
457 4291 524 4358 tivi
549 4289 710 4360 iamdicti
735 4292 832 4376 sergi
857 4289 1052 4376 presbitero
1079 4284 1238 4353 dedimus
1261 4288 1297 4352 et
1313 4283 1519 4351 fideiussore
1539 4285 1603 4351 tivi
1620 4286 1799 4370 posuimus
1816 4285 1989 4353 iohannes
2013 4305 2145 4371 genero

298 4451 459 4513 nostrum
482 4447 577 4512 filius
602 4445 778 4532 quondam
801 4443 937 4528 allani3
962 4445 996 4509 et
1012 4459 1074 4528 per
1090 4439 1169 4525 ipsa
1190 4437 1324 4525 guadia
1347 4435 1548 4522 obligamus
1572 4454 1635 4503 nos
1658 4441 1695 4504 ct
1710 4437 1842 4504 nostris
1858 4438 2023 4505 eredibus
2048 4457 2149 4506 amo-

231 4627 234 4636 ·
298 4597 341 4665 do
365 4603 400 4666 et
423 4615 559 4684 semper
582 4594 837 4663 defensandum
870 4592 934 4660 tivi
965 4591 1088 4676 tuique
1119 4589 1335 4675 heredibus,
1360 4609 1421 4656 seu
1444 4589 1502 4655 cui
1527 4608 1589 4676 per
1612 4593 1647 4657 te
1670 4588 1793 4656 datum
1828 4591 1991 4674 paruerit
2025 4594 2061 4657 et
2100 4591 2145 4658 ad

299 4751 376 4818 eius
399 4750 534 4836 eredes,
550 4751 605 4816 vel
629 4749 687 4815 cui
711 4749 851 4816 cartula
874 4749 945 4815 ista
970 4748 1008 4813 in
1025 4763 1170 4813 manum
1186 4743 1361 4830 paruerit,
1378 4746 1451 4809 totu
1468 4745 1503 4808 ct
1522 4739 1648 4808 inclita
1664 4741 1872 4826 supradicta
1888 4747 2010 4810 nostra
2028 4741 2150 4832 vindi·

299 4903 411 4990 tione,
427 4903 581 4988 qualiter
601 4902 766 4986 superius
788 4901 956 4984 diximus,
981 4901 1027 4967 ab
1051 4900 1215 4965 omnibus
1239 4897 1444 4964 hominibus
1468 4897 1633 4981 omnique
1656 4897 1830 4981 partibus
1857 4901 1893 4963 et
1917 4896 2058 4982 quando
2083 4917 2145 4983 pm

300 5075 359 5122 vos
384 5057 471 5143 ipsis
494 5055 679 5123 volueritis
703 5055 785 5122 inde
810 5055 902 5118 esset
919 5057 1080 5120 auctores
1104 5050 1226 5136 tu,ch
1251 5050 1308 5117 cui
1334 5069 1397 5135 per
1414 5055 1448 5118 te
1465 5050 1587 5117 datum
1611 5050 1773 5134 paruerit
1796 5070 1858 5117 seu
1876 5053 2004 5117 vostris
2028 5051 2145 5118 eredi-

302 5209 379 5293 bus,
404 5211 468 5275 aut
491 5205 548 5274 cui
572 5206 715 5275 cartula
742 5207 810 5273 ista
834 5205 872 5270 in
897 5223 1044 5271 manum
1075 5205 1248 5288 paruerit,
1273 5205 1482 5288 potestatem
1506 5180 1656 5286 abeatis,
1681 5202 1835 5286 qualiter
1860 5203 2043 5269 volueritis
2067 5223 2145 5270 cum

301 5360 406 5446 quale
430 5360 614 5427 munimen
638 5364 674 5426 et
699 5359 876 5427 rationem
901 5355 1029 5424 exinde
1054 5353 1239 5439 abueritis;
1264 5371 1362 5438 nam,
1388 5353 1527 5438 quando
1551 5371 1614 5418 nos
1638 5352 1692 5418 vol
1719 5353 1850 5419 nostris
1873 5353 2039 5420 eredibus
2063 5374 2151 5438 quc-

302 5511 438 5580 sieritis
465 5511 546 5579 inde
570 5513 676 5580 abere
701 5514 889 5594 auctoreS,
921 5513 1007 5575 tunc
1033 5525 1095 5573 nos
1113 5505 1263 5590 predicti
1288 5505 1342 5571 vir
1366 5511 1402 5572 et
1426 5525 1516 5572 uxor
1540 5510 1575 5573 et
1597 5506 1728 5572 nostris
1752 5505 1915 5573 eredibus
1938 5510 2067 5575 cuncta
2091 5528 2149 5574 su·

303 5667 468 5754 pradicta
490 5671 616 5735 nostra
639 5665 871 5732 vinditionem
898 5661 963 5728 tivi
987 5659 1146 5747 predicto
1173 5657 1267 5743 sergi
1292 5657 1489 5742 presbitero
1503 5706 1512 5741 ,
1537 5654 1592 5722 vel
1615 5657 1672 5722 cui
1696 5675 1759 5740 per
1782 5661 1817 5723 te
1840 5656 1964 5724 datum
1988 5660 2151 5743 paruerit

303 5824 338 5886 et
361 5818 407 5886 ad
432 5819 561 5887 vostris
584 5819 840 5904 eredibus,seu
877 5814 935 5882 cui
973 5811 1114 5880 cartula
1149 5811 1216 5878 istu
1248 5809 1286 5875 in
1312 5825 1458 5875 manum
1481 5806 1655 5893 paruerit,
1681 5810 1721 5873 ut
1744 5805 1970 5895 protegitur,
1994 5809 2151 5878 defenso-
