5422 7102
591 535 662 609 238
1228 531 1405 607 CODEX
1446 531 1705 606 CAVENSIS

533 765 750 835 mediatores
773 764 864 835 mihi
888 765 1006 855 posuit
1028 784 1066 835 se
1090 767 1207 853 ipsum
1229 768 1266 834 ct
1286 766 1377 834 citro
1399 765 1551 851 cognato
1573 779 1664 850 suo,
1689 761 1751 849 qui
1775 760 1891 830 abitat
1918 759 1958 828 in
1985 759 2099 828 locum
2130 758 2384 852 mitilianum,

532 923 574 986 nt
598 921 629 988 si
654 919 776 990 taliter
800 925 864 990 etc.
890 923 1039 991 Stntntn
1062 923 1196 989 6661616
1219 921 1378 1006 triginta
1414 919 1500 986 nnrt
1535 914 1727 984 ootidonnrn
1759 915 2001 984 Constantini.
2030 913 2126 990 Quod
2160 913 2287 1003 scripsi
2312 926 2382 1003 ego

531 1074 729 1160 myrandus
752 1076 928 1144 notarius.

578 1197 609 1312 †
635 1227 711 1314 Ego
735 1225 919 1294 dauferius
942 1225 1106 1296 notarius
1129 1241 1185 1293 me
1209 1221 1401 1312 subscripsi

577 1349 608 1465 †
633 1379 709 1465 Ego
733 1376 930 1464 iaquintus.

1296 1859 1614 1942 DCCCLVI.

1319 2123 1373 2196 A.
1402 2119 1451 2196 D.
1481 2117 1608 2199 1033.

576 2357 613 2497 †
637 2412 677 2478 ln
701 2413 844 2482 nomine
868 2413 1001 2482 domini
1025 2411 1261 2480 sextodecimo
1274 2429 1370 2480 anno
1387 2410 1613 2500 principatus
1629 2408 1749 2478 domni
1772 2406 1883 2477 nostri
1909 2405 2090 2494 guaimari
2107 2408 2264 2496 glorioso
2279 2412 2379 2499 prin·

531 2581 615 2654 ceps
639 2565 708 2632 filii
732 2565 852 2633 domni
877 2566 1058 2654 guaimari
1081 2561 1269 2653 principis,
1286 2580 1409 2632 mense
1433 2565 1593 2652 octuber,
1610 2562 1767 2632 secunda
1790 2559 1995 2630 indictione.
2020 2561 2168 2650 Ideoque
2183 2581 2248 2634 nos
2271 2583 2379 2636 nuce·

532 2715 647 2807 rinus,
663 2722 700 2788 et
718 2719 783 2806 leo,
801 2721 837 2786 61
853 2717 1028 2805 stefanus,
1045 2715 1179 2786 uterini
1196 2718 1360 2804 germani
1384 2716 1452 2785 filii
1476 2715 1656 2804 quondam
1681 2716 1822 2800 stefani,
1840 2714 2089 2784 claretacimus
2111 2733 2186 2805 nos,
2209 2716 2379 2806 quoniam

532 2873 768 2942 communiter
791 2873 938 2944 abemus
961 2877 997 2940 et
1027 2869 1246 2959 possidemus
1268 2875 1393 2956 terra,
1417 2887 1486 2956 que
1508 2874 1563 2938 est
1585 2889 1649 2957 per
1673 2870 1860 2939 circuitum
1884 2871 2019 2940 labrita
2043 2869 2081 2937 in
2105 2871 2239 2942 sulario
2262 2871 2379 2948 levata

530 3039 606 3093 una
631 3043 716 3095 casa
738 3045 819 3093 cum
834 3027 957 3112 petrus
972 3026 1115 3093 uterino
1130 3042 1342 3112 germanum
1367 3028 1528 3092 nostrum
1545 3023 1642 3092 intus
1657 3023 1806 3092 castello
1821 3023 1864 3092 de
1880 3023 2041 3110 nucerie,
2064 3025 2127 3110 qui
2149 3028 2205 3093 est
2227 3045 2251 3096 6
2272 3043 2380 3113 super

535 3181 639 3264 porta
663 3178 799 3248 maiore
822 3177 866 3246 de
890 3178 964 3264 ipso
987 3177 1145 3264 predicto
1171 3176 1313 3247 castello
1328 3179 1430 3246 nobis
1445 3177 1685 3264 pertinentem
1701 3197 1723 3247 6
1739 3177 1909 3248 iamdicto
1925 3177 2065 3266 genitor
2082 3181 2215 3268 noster,
2240 3183 2276 3250 61
2297 3197 2381 3250 con-

530 3351 662 3417 gruum
685 3335 739 3400 est
762 3331 865 3399 nobis
881 3335 1119 3402 communiter
1143 3349 1207 3398 nos
1224 3334 1302 3420 ipsa
1319 3291 1490 3402 iamdicta
1511 3334 1635 3399 nostra
1658 3331 1850 3400 sartionem
1873 3331 1916 3399 (16
1938 3331 2016 3418 1666
2036 3331 2207 3401 iamdicta
2229 3350 2312 3404 casa
2326 3333 2381 3403 fa·

530 3484 627 3552 brita
650 3484 689 3550 in
713 3483 847 3553 sulari'o
876 3485 993 3554 levata
1018 3485 1117 3554 illam
1133 3485 1349 3554 venumdare
1365 3483 1568 3571 supradicto
1583 3483 1675 3570 petri
1692 3501 1904 3571 germanum
1920 3487 2092 3554 nostrum.
2111 3487 2155 3554 Et
2171 3485 2265 3574 ideo,
2282 3487 2376 3558 sicut

529 3635 634 3703 nobis
650 3635 826 3705 nominali
842 3637 1003 3724 germani
1021 3655 1217 3724 congruum
1240 3640 1293 3704 est
1309 3640 1346 3704 et
1360 3609 1482 3706 abtum
1498 3637 1581 3706 inde
1597 3635 1685 3706 mibi
1702 3655 1784 3724 exe,
1802 3656 1949 3724 quoram
1962 3643 2046 3707 ante
2058 3639 2237 3725 presentia
2251 3639 2375 3708 schini

529 3789 682 3858 castaldi
708 3793 744 3859 et
768 3788 890 3876 iudici,
916 3793 952 3858 et
970 3789 1099 3858 ibidem
1116 3791 1246 3859 aderet
1267 3791 1358 3857 miro
1373 3789 1495 3877 iudex,
1518 3796 1554 3860 ct
1577 3808 1726 3877 quoram
1742 3796 1825 3860 ante
1843 3793 2122 3878 subscriptorum
2137 3792 2298 3881 testium,
2313 3812 2377 3882 per

528 3959 597 4010 auc
621 3959 759 4028 quoque
784 3942 949 4010 videlicet
972 3941 1150 4050 cartulam
1173 3959 1359 4011 commune
1382 3960 1592 4012 consensum
1609 3944 1901 4013 venumdedimus
1917 3945 2031 4032 adque
2047 3945 2093 4016 ad
2108 3964 2245 4033 semper
2268 3949 2382 4016 aben-

528 4094 610 4163 dum
644 4096 932 4165 confirmavimus
955 4097 1021 4165 tivi
1046 4097 1229 4167 nominato
1253 4098 1345 4184 petri
1369 4069 1584 4184 germanum
1607 4103 1769 4168 nostrum
1803 4100 1875 4166 1616
1898 4098 2081 4168 obmolita
2108 4099 2184 4186 ipse
2207 4100 2375 4172 iamdicto

527 4251 648 4318 nostre
665 4249 882 4318 sortionibus
898 4249 941 4318 (16
959 4251 1037 4338 1666
1049 4249 1211 4338 predicta
1223 4269 1321 4338 casa,
1337 4251 1428 4338 quod
1446 4255 1681 4322 communiter
1697 4259 1814 4323 tecum
1830 4217 1978 4324 abemus
1993 4259 2030 4324 61
2045 4254 2264 4342 possidemus
2280 4257 2378 4326 intus

527 4403 686 4488 predicto
720 4403 865 4474 castello
894 4405 956 4492 qui
980 4410 1033 4474 est
1059 4425 1082 4474 6
1104 4423 1210 4492 super
1234 4403 1311 4494 1666
1332 4409 1436 4492 porta
1459 4407 1608 4494 maiore,
1632 4426 1701 4494 que
1722 4412 1777 4476 est
1799 4427 1862 4495 per
1886 4427 1928 4477 as
1950 4409 2051 4477 lines:
2069 4409 2112 4478 de
2134 4413 2256 4497 supter
2272 4417 2375 4498 parte

454 4639 458 4646 ,
528 4573 596 4642 quc
613 4558 721 4624 estin
738 4577 822 4644 pars
838 4560 1001 4647 orientis,
1024 4559 1096 4628 fine
1117 4578 1203 4630 casa
1225 4558 1268 4627 de
1284 4557 1406 4626 eredes
1422 4557 1529 4643 leoni;
1547 4561 1583 4625 61
1598 4576 1621 4626 6
1637 4577 1722 4644 pars
1737 4559 1885 4628 meridie
1901 4562 1988 4631 fines
2005 4564 2183 4633 streclola:
2200 4563 2244 4632 dc
2266 4581 2373 4654 super

430 4797 443 4808 ⁸
529 4719 634 4802 perte
658 4733 726 4801 quo
750 4718 803 4783 661
826 4715 864 4782 16
888 4733 971 4801 pars
994 4713 1197 4802 occidentis,
1221 4714 1293 4782 fine
1316 4731 1401 4783 casa
1423 4713 1467 4782 de
1489 4714 1609 4784 eredes
1632 4714 1768 4784 maioni
1784 4715 1898 4784 iudici
1921 4717 1982 4803 qui
2007 4716 2186 4786 faroaldus
2208 4721 2370 4803 vocatum

528 4870 566 4938 61
590 4888 612 4938 6
636 4866 903 4956 septemtrionis
926 4869 998 4937 tine
1020 4867 1152 4955 platea3
1176 4885 1216 4936 ec
1240 4884 1323 4935 vero
1347 4867 1425 4953 1666
1447 4887 1531 4938 casa
1553 4869 1686 4939 irabita
1702 4870 1741 4938 in
1756 4870 1891 4940 sulario
1914 4871 2044 4958 levata,
2062 4873 2183 4940 subter
2205 4875 2242 4942 et
2257 4891 2377 4961 super,

460 5007 470 5026 ⁸
526 5028 562 5094 61
580 5044 661 5094 cum
678 5025 800 5094 omnia
817 5027 912 5093 intro
928 5042 965 5092 66
981 5024 1170 5093 ababtibus
1187 5023 1422 5109 omnibusque
1437 5023 1512 5089 suis
1527 5005 1769 5111 pertinentiis
1787 5041 1868 5090 cum
1885 5023 1964 5091 bico
1980 5023 2023 5092 de
2038 5023 2118 5111 ipsa
2133 5023 2254 5112 platea
2277 5029 2314 5094 61
2328 5025 2372 5094 (16

527 5179 607 5267 1666
623 5177 806 5266 strectola,
822 5181 858 5247 61
880 5197 962 5246 cum
984 5175 1150 5246 sericidio
1173 5175 1213 5242 in
1236 5191 1301 5244 suo
1324 5175 1548 5263 decurrente,
1571 5180 1608 5245 et
1629 5196 1711 5246 cum
1726 5175 1894 5246 sortionis
1909 5180 2030 5246 nostre
2044 5177 2088 5246 (16
2103 5177 2183 5267 ipsa
2198 5179 2369 5266 cisterna,

526 5339 601 5404 tote
625 5339 661 5403 et
683 5333 807 5403 inclite
832 5335 907 5421 ipse
919 5339 1040 5404 nostre
1056 5333 1284 5419 sortionibus,
1302 5331 1395 5420 quod
1409 5331 1510 5400 nobis
1524 5333 1681 5418 pertinet
1695 5334 1803 5401 abere
1818 5352 1840 5401 a
1857 5331 2026 5401 iamdicto
2041 5331 2243 5420 genitorem
2259 5338 2295 5404 et
2310 5351 2371 5422 ge·

525 5487 694 5556 nitricem
709 5491 844 5574 nostre,
862 5486 1026 5556 inclitum
1043 5485 1123 5554 illut
1134 5485 1201 5553 tivi
1217 5483 1400 5552 nominato
1415 5502 1629 5571 germanum
1644 5489 1806 5552 nostrum
1821 5483 1859 5552 in
1876 5484 2058 5572 integrum
2075 5485 2370 5556 benumdedimus

525 5648 563 5713 ct
579 5643 884 5730 confirmavimus,
909 5640 1003 5709 u'nde
1026 5637 1233 5723 nullumque
1248 5633 1362 5723 nobie,
1385 5635 1441 5703 vel
1458 5637 1497 5703 in
1512 5636 1640 5724 quabis
1656 5639 1819 5726 partibus
1834 5638 1877 5708 (16
1894 5637 1969 5727 1666
1987 5641 2145 5727 predicte
2160 5625 2280 5711 nostre
2297 5659 2373 5710 sor-

527 5799 697 5883 tionibus
720 5798 997 5881 reservavimus
1021 5799 1087 5880 set,
1112 5792 1206 5862 sicut
1229 5790 1400 5879 diximus,
1424 5790 1589 5862 inclitum
1614 5794 1694 5864 illut
1717 5792 1782 5860 tivi
1807 5795 2113 5881 venumdedimus,
2131 5793 2176 5864 ad
2194 5797 2370 5866 securiter
